2975 4684
523 385 614 456 36
903 385 1166 452 EDIT.
1213 387 1340 454 ET
1401 387 1869 456 INTERPR.
1926 387 2257 462 AETNAE.

519 517 922 606 Conjectums
998 517 1250 580 criticas
1309 519 1375 580 in
1441 517 1817 584 diver-sonim
1870 535 2203 608 poetarum
2256 515 2617 608 spectacula
2640 561 2661 594 ,

517 623 612 687 M.
639 623 712 686 V
703 621 790 686 al.
821 622 1146 686 Martialis
1173 623 1729 710 Epigrammatum
1758 625 1944 690 libros
1970 626 2073 690 XI
2080 625 2163 703 V,
2194 639 2255 688 et
2280 623 2355 688 P.
2386 621 2673 688 Cornelii

513 731 720 794 Seven·
737 731 1040 807 AEmam,
1077 727 1194 792 ubi
1237 745 1523 816 quatuor
1567 748 1633 795 et
1674 731 1901 820 viginti
1946 731 2201 795 circiter
2244 751 2469 793 versus
2516 729 2665 808 ejus

511 833 827 923 poematis
855 832 1181 898 emendat.
1205 833 1416 896 Etiam
1442 835 1571 898 Jac.
1602 834 1937 924 Philippus
1960 835 2010 897 d
2018 833 2277 900 'Or-ville
2298 835 2367 897 iu
2390 833 2627 900 Siculis
2644 879 2665 912 ,

513 955 696 1028 parte
726 941 793 1020 Ι,
822 960 962 1026 cap.
992 937 1170 1019 XIV,
1209 937 1490 1026 aliquam
1524 937 1607 1002 ad
1632 939 1761 1002 hoc
1794 961 2021 1028 poema
2054 961 2315 1029 operam
2348 938 2667 1018 contulit,

515 1061 713 1132 atque
751 1043 915 1122 illud
948 1065 1084 1106 non
1119 1041 1388 1130 quidem
1435 1044 1763 1134 integrum
1786 1093 1806 1126 ,
1851 1061 1927 1108 ut
1966 1045 2034 1108 in
2080 1044 2481 1108 Bibliotheca
2522 1043 2666 1108 Lat.

518 1150 898 1214 Fabriciana
959 1169 1142 1211 novoe
1197 1145 1503 1212 editionis
1556 1149 1881 1238 perhiberi
1942 1149 2229 1231 videtur,
2272 1147 2389 1214 sed
2440 1149 2668 1212 locum

514 1257 654 1336 ejus
703 1256 978 1343 longum
1024 1270 1092 1318 et
1137 1251 1465 1318 difficilem
1510 1277 1545 1318 a
1586 1277 1777 1318 versu
1812 1255 1939 1336 480
1980 1255 2063 1320 ad
2108 1255 2235 1322 506
2278 1256 2671 1344 castigatum

519 1380 586 1427 et
627 1363 1021 1426 illustratum
1068 1359 1268 1424 dedit.
1324 1359 1428 1424 Ad
1469 1361 1607 1424 haec
1642 1377 1819 1450 parte
1851 1362 1915 1426 11
1952 1362 2091 1442 ejus
2125 1362 2373 1450 operis,
2408 1384 2476 1450 p.
2510 1359 2673 1448 317,

517 1469 692 1532 Petr.
728 1470 1142 1530 Burmannus
1175 1489 1210 1530 e
1239 1464 1677 1553 descriptione
1714 1467 1981 1530 fratrum
2020 1469 2281 1556 piorum
2322 1467 2391 1530 itt
2428 1465 2673 1547 Εἴπω,

519 1597 582 1636 v.
612 1573 742 1637 622
767 1619 784 1652 ,
818 1570 901 1635 ad
941 1569 1138 1634 finem
1173 1570 1426 1657 aliquot
1454 1593 1677 1634 versus
1717 1593 1795 1634 ex
1820 1571 1959 1636 Nic.
1992 1572 2237 1636 Heinsii
2268 1571 2673 1652 conjecturis

519 1693 587 1742 et
615 1675 920 1740 codicum
955 1675 1117 1740 MSS
1155 1673 1283 1738 fide
1311 1675 1659 1764 castigavit.
1686 1676 1885 1756 Cujus
1920 1676 2042 1740 loci
2076 1677 2267 1740 etiam
2292 1678 2483 1763 Casp.
2508 1679 2671 1741 Bar-

523 1782 701 1845 thius
753 1782 971 1870 plures
1021 1803 1245 1844 versus
1309 1779 1615 1844 emendat
1670 1779 1751 1844 ad
1802 1779 2132 1845 Claudiani
2190 1783 2333 1870 pios
2390 1783 2673 1862 fmtres,

520 1889 726 1976 epigr.
753 1887 964 1968 XXV,
993 1910 1056 1976 p.
1087 1889 1275 1964 1044.
1305 1886 1390 1951 Hi
1425 1885 1694 1972 quidem
1722 1903 1909 1969 sunt,
1943 1909 2221 1974 quorum
2255 1887 2677 1952 animadver-

520 1993 737 2054 siones
785 1993 853 2056 in
901 2015 1161 2056 carmen
1199 1992 1468 2055 AEtnam
1519 1992 1698 2055 libris
1742 1993 2063 2080 impressis
2105 1993 2563 2074 continentur,
2608 2009 2681 2058 et

521 2096 638 2160 abs
683 2119 788 2159 me
829 2097 1096 2183 reperiri
1139 2111 1518 2184 potuerunt.
1562 2096 1619 2158 E
1659 2097 2107 2186 manuscriptis
2144 2097 2326 2160 libris
2363 2119 2501 2160 non
2550 2097 2679 2162 alia

520 2201 686 2264 mihi
712 2200 808 2264 'ad
853 2201 1300 2264 recensionem
1352 2201 1667 2288 poematis
1713 2201 1997 2265 subsidia
2042 2201 2428 2284 adfuerunt,
2470 2225 2679 2290 quam

519 2305 727 2370 codex
769 2305 1144 2370 chartaceus
1183 2305 1472 2393 Virgilii,
1520 2307 1625 2373 cui
1671 2308 1951 2370 carmina
1998 2308 2252 2372 minora
2284 2330 2439 2372 cum
2470 2309 2681 2372 AEtna

517 2411 860 2492 adjuncta,
889 2411 956 2472 in
984 2409 1246 2497 publica
1271 2409 1630 2474 Academiae
1659 2427 1890 2474 nostrae
1920 2411 2315 2476 bibliotheca
2342 2429 2679 2494 servatus,

519 2536 586 2583 et
607 2539 783 2581 anno
815 2513 918 2579 50.
941 2513 1160 2578 saeculi
1183 2516 1304 2578 XV
1324 2516 1597 2602 pulchre
1632 2515 1896 2602 quidem
1914 2565 1933 2596 ,
1960 2515 2075 2579 sed
2098 2519 2327 2582 vitiose
2356 2519 2438 2582 ab
2470 2519 2685 2608 impe-

517 2625 650 2687 rito
699 2621 964 2684 librario
1005 2619 1320 2707 scriptuS,
1354 2636 1506 2706 post
1546 2620 1922 2685 emendatus
1968 2622 2075 2684 hic
2116 2621 2243 2686 illic
2290 2647 2327 2686 a
2374 2623 2682 2688 doctiore

517 2748 745 2792 manu.
787 2723 1046 2788 Codicis
1099 2724 1457 2787 Florentini
1507 2725 1826 2788 variantes
1866 2726 2174 2790 lectiones
2220 2749 2255 2790 a
2290 2749 2485 2792 versu
2518 2729 2687 2794 inde

527 2833 652 2918 137
694 2828 776 2894 ad
826 2827 988 2910 285,
1040 2851 1201 2916 quas
1260 2831 1360 2891 vir
1401 2827 1637 2892 doctus
1692 2829 1773 2894 ad
1824 2853 2003 2894 oram
2056 2830 2268 2896 AEtnae
2316 2835 2385 2896 in
2434 2835 2685 2900 Pithoei

519 2937 923 3026 Epigramm.
955 2950 1020 2997 et
1047 2935 1272 2998 Poem.
1305 2950 1433 2997 vet.
1463 2949 1831 3016 notaverat,
1874 2957 1950 2998 ex
1987 2957 2065 2998 eo
2110 2937 2278 3000 libro
2320 2937 2687 3027 descriptas

520 3042 837 3108 exhibent
867 3041 1024 3103 Acta
1067 3041 1404 3104 societatis
1453 3040 1591 3102 Lat.
1636 3041 1895 3104 JenenS.
1937 3040 2063 3104 vol.
2084 3041 2161 3122 V,
2205 3065 2349 3132 pag.
2388 3042 2448 3108 3.
2510 3046 2689 3127 Quoe

520 3148 647 3211 nisi
695 3145 952 3209 dudum
999 3143 1436 3208 emendatoris
1479 3166 1745 3206 manum
1796 3160 2067 3230 expertae
2114 3164 2303 3227 sunt,
2345 3150 2687 3236 optimum

521 3275 679 3316 eum
723 3267 788 3314 et
836 3249 1442 3337 praestantissimum
1500 3245 1791 3309 codicem
1842 3245 2201 3330 declarant,
2238 3252 2689 3342 pluribusque

520 3359 682 3422 locis
714 3356 906 3444 plane
935 3353 1261 3440 corruptis
1305 3353 1645 3415 sanitatem
1683 3367 1749 3414 et
1778 3352 1988 3414 lucem
2008 3399 2025 3432 ‚
2058 3354 2319 3420 aliunde
2353 3381 2494 3422 non
2531 3383 2691 3449 spe-

523 3460 835 3540 randam,
879 3447 1166 3524 afferunt
1185 3505 1202 3538 ‚
1249 3473 1315 3520 et
1361 3477 1673 3543 magnum
1716 3454 2105 3520 desiderium
2144 3459 2383 3550 integri
2430 3464 2695 3531 codicis

522 3563 948 3638 nanciscendi
1003 3579 1068 3625 et
1131 3557 1547 3624 describendi
1610 3575 1884 3645 possunt
1934 3560 2212 3638 injicere.
2282 3566 2526 3632 Nescio
2577 3571 2695 3635 hic

523 3668 952 3736 Florentinus
987 3663 1137 3728 cod.
1171 3685 1256 3725 an
1286 3661 1463 3724 idem
1502 3660 1587 3722 sit
1620 3659 1948 3725 Mediceus
1983 3664 2361 3752 Claudiani,
2404 3674 2514 3734 cui
2550 3697 2700 3739 car-

523 3799 680 3840 men
727 3773 810 3837 de
849 3771 1052 3836 AEtna
1098 3765 1502 3851 adscriptum
1548 3762 1711 3842 fuit,
1762 3779 1827 3826 et
1874 3765 2057 3844 cujus
2100 3773 2506 3838 mentionem
2558 3779 2699 3846 hoc

523 3883 594 3944 in
645 3876 969 3968 prooemio
1015 3871 1138 3934 feci
1157 3917 1175 3950 ‚
1221 3889 1434 3953 neque
1476 3865 1607 3927 hoc
1652 3889 1688 3928 e
1728 3867 2059 3932 Wilhelmi
2101 3874 2327 3964 Langii
2372 3881 2701 3974 Catalogo

523 3984 834 4050 codicum
889 3977 1053 4042 MSS
1113 3968 1533 4036 Bibliothecae
1578 3968 1879 4033 Mediceae
1937 3990 2152 4058 potest
2200 3978 2520 4072 intelligi,
2574 3991 2703 4076 qui

521 4109 754 4154 omnes
803 4083 1073 4148 Latinos
1128 4073 1367 4140 omisit.
1421 4072 1836 4161 Humanitate
1897 4076 2021 4139 Jul.
2090 4079 2233 4145 Car.
2296 4085 2652 4180 Schlaegeri
2678 4143 2701 4178 ‚
