2975 4684
440 369 577 422 222

801 338 1423 412 ALBINOVANI
1485 337 2210 408 FRAGMENTUM

534 464 931 539 Accumulat
960 464 1187 558 fragor
1214 462 1356 557 ipse
1388 475 1644 549 metus,
1671 462 1810 556 jam
1847 463 2060 534 sidere
2097 461 2258 532 limo

534 576 856 671 Navigia,
898 590 966 644 et
1006 571 1241 668 rapido
1282 571 1608 640 desertam
1647 571 1923 642 flumine
1969 572 2272 660 classem,

534 691 751 782 Seque
784 685 941 756 feris
986 683 1269 754 credunt
1287 732 1310 767 ‚
1342 705 1462 782 per
1505 681 1742 752 inertia
1783 681 1953 770 fata,
1981 683 2260 754 marinis

532 802 679 868 Jam
712 819 851 864 non
888 790 1063 864 felici
1099 791 1443 862 laniandos
1478 805 1656 860 sorte
1689 789 2000 888 relinqui.

531 912 753 1003 Atque
784 904 1027 998 aliquis
1062 926 1263 998 prora
1302 915 1556 996 spectat
1589 899 1892 972 sublimis
1927 903 2012 972 ab
2051 901 2222 990 alta,

436 1167 537 1218 n'ni
565 1171 821 1217 vocantur
839 1157 989 1231 Vin-g.
1014 1157 1221 1212 Ec1.vl
1238 1195 1254 1222 ,
1290 1175 1381 1229 77,
1400 1167 1455 1210 et

436 1243 605 1308 Ciris,
642 1243 705 1294 61
741 1257 755 1292 z
806 1237 1058 1292 describit
1093 1255 1183 1291 eos
1214 1237 1453 1302 Plinius,

438 1323 533 1377 lib.
554 1322 633 1374 lx
650 1356 667 1383 ,
700 1337 819 1392 cap.
841 1321 929 1383 46.
956 1349 1027 1360 -
1050 1321 1354 1387 consumere
1369 1317 1455 1370 in-

435 1412 690 1474 terpretes
716 1397 959 1452 nonnulli
998 1409 1217 1451 sumunt
1242 1413 1339 1468 pro
1364 1414 1455 1450 ex·

438 1481 566 1535 oriri
584 1481 640 1532 in
656 1478 815 1531 alium
834 1489 885 1532 et
906 1475 1155 1531 invadere
1174 1476 1457 1540 hostiliter,

435 1573 489 1614 et
510 1559 728 1615 trahunt
744 1557 814 1612 ad
834 1575 1103 1628 aequoreos
1124 1573 1303 1620 canes,
1322 1573 1459 1627 quos

435 1640 621 1696 dicunt
644 1656 803 1691 naves
830 1653 1043 1708 prensa
1059 1634 1143 1690 vel
1165 1635 1459 1708 apprehen-

438 1738 523 1774 sas
562 1714 917 1774 conscendere
942 1728 997 1770 et
1022 1714 1271 1769 invadere
1296 1733 1458 1768 cona-

436 1811 535 1853 tos.
561 1797 721 1864 Quod
740 1799 901 1870 plane
926 1797 1115 1850 salsum
1143 1807 1294 1867 puto.
1326 1799 1457 1847 Con-

436 1898 635 1948 surgere
668 1874 1003 1930 referendum
1036 1873 1105 1928 ad
1146 1875 1457 1938 Oceanum,

434 1975 597 2032 quem
618 1953 765 2010 Pedo
788 1954 921 2011 dicit
944 1965 1127 2008 coorta
1150 1963 1459 2025 tempestate

436 2034 747 2090 intumuisse
764 2070 781 2098 ‚
835 2043 889 2086 et
932 2051 1095 2092 naves
1140 2051 1203 2086 eo
1245 2030 1457 2084 turbine

435 2115 741 2188 prehensas.
775 2111 861 2167 Sic
892 2111 1048 2183 Virg.
1085 2110 1453 2178 AEneid.vl1,

438 2195 539 2264 5²9
559 2211 573 2246 :
595 2218 621 2239 α
638 2189 919 2244 Paullatim
958 2207 1070 2244 sese
1104 2189 1241 2243 tollit
1279 2209 1453 2256 mare,

436 2284 491 2326 et
536 2273 695 2326 altius
736 2268 907 2324 undas
950 2269 1147 2341 Erigit,
1184 2267 1310 2323 inde
1345 2269 1457 2322 imo

434 2349 704 2422 consurgit
728 2347 801 2402 ad
826 2347 1021 2402 athera
1056 2347 1223 2402 fundo
1254 2374 1301 2401 ιι.
1330 2347 1454 2402 val.

436 2431 612 2484 Flacc.
636 2427 687 2488 Ι,
710 2429 811 2482 625
836 2445 851 2479 ε
898 2452 921 2474 ιι
938 2428 1059 2480 Non
1080 2427 1309 2481 hiemem
1336 2427 1460 2482 mis-

432 2527 624 2579 sosque
670 2517 859 2578 putant
904 2523 1219 2578 consurgere
1270 2519 1457 2561 ventos

435 2587 619 2661 Ignari
634 2623 650 2650 ,
672 2584 768 2639 sed
788 2585 892 2638 tale
912 2587 1107 2638 fretum
1134 2612 1177 2640 a.
1207 2617 1279 2628 -·
1300 2593 1456 2640 Pren-

436 2687 521 2720 sas
544 2685 672 2718 vero
695 2683 857 2720 naves
884 2685 989 2718 non
1032 2685 1061 2718 n
1096 2665 1319 2720 canibus
1342 2685 1457 2720 ma-

436 2747 565 2800 rinis
580 2784 597 2808 ‚
625 2745 716 2798 sed
742 2763 775 2798 a
800 2755 1104 2817 tempestate
1136 2757 1188 2798 et
1212 2744 1459 2800 fluctibus

436 2825 660 2897 intelligi
684 2824 877 2878 debere
894 2861 913 2888 ,
952 2824 1155 2878 infinita
1192 2826 1305 2878 fere
1338 2824 1458 2880 loca

436 2916 717 2978 poetarum
736 2902 1037 2958 ostendunt.
1076 2905 1259 2959 Horat.
1276 2905 1457 2958 Carm.

438 2984 525 3051 11,
563 2986 626 3036 16
648 3023 663 3049 ‚
713 3003 742 3036 s
769 3003 783 3036 ς
828 3009 855 3030 ι
881 2984 937 3036 in
980 2985 1181 3056 patenti
1229 2985 1458 3038 Prensus

438 3066 614 3132 AEgaeo
633 3089 677 3114 n.
700 3063 967 3126 Catullus,
984 3065 1161 3118 Carm.
1184 3069 1278 3118 25:
1305 3091 1335 3134 e,
1351 3066 1459 3119 vel-

436 3155 497 3195 ut
514 3143 719 3196 minuta
741 3161 933 3214 magno
951 3149 1219 3216 Deprensa
1237 3147 1387 3198 navis
1400 3145 1457 3199 in

436 3221 571 3274 mari
587 3221 893 3274 vesaniente
910 3234 1071 3276 vento
1088 3249 1134 3278 ι.
1156 3225 1331 3278 Taceo
1356 3225 1459 3279 alia

434 3321 467 3354 a
484 3299 791 3352 Burmanno
814 3299 1059 3354 adducta.
1087 3303 1349 3357 caten-nm
1366 3323 1454 3358 va·

431 3380 573 3433 riant
592 3377 800 3432 codices
824 3379 879 3432 in
899 3399 1031 3434 voce
1046 3387 1263 3450 prensis.
1294 3384 1455 3437 Scali-

305 3488 329 3507 ..
432 3477 526 3531 ger
546 3455 764 3529 quidem
782 3456 949 3511 edidit
958 3464 1137 3527 pansis
1150 3499 1166 3521 ,
1198 3473 1252 3514 et
1270 3461 1375 3517 hoc
1394 3463 1453 3516 in

432 3536 591 3593 codd.
612 3539 833 3608 August.
855 3543 1044 3592 Covar.
1064 3539 1193 3594 Bru.
1212 3552 1263 3594 et
1277 3542 1451 3596 Vatic-

434 3635 547 3671 esse
568 3615 801 3668 affirmat
824 3615 1101 3684 schottus,
1134 3621 1230 3692 qui
1254 3633 1307 3674 et
1321 3641 1455 3690 pan-

434 3699 513 3748 dis
537 3694 785 3768 conjicit3
828 3695 921 3748 sed
947 3702 1143 3765 prensis
1179 3699 1326 3756 dedit
1358 3703 1451 3755 Pi-

435 3776 629 3840 thoeus,
652 3773 901 3828 Gorallus
915 3813 932 3838 ,
957 3777 1288 3834 Burmannus
1309 3818 1325 3844 ,
1354 3783 1452 3834 fir-

436 3867 687 3926 mantque
715 3852 872 3908 codd.
896 3855 1071 3909 Vossii
1106 3870 1157 3911 et
1182 3859 1365 3914 Petav.
1394 3875 1449 3915 et

433 3936 681 4006 frequens
704 3952 829 3986 usus
856 3948 1147 4006 poetarum.

509 4015 558 4065 8.
579 4021 691 4064 Iam
720 4016 879 4065 sidere
906 4016 1039 4068 limo.
1063 4017 1323 4072 Petreium
1342 4021 1450 4074 To·-

437 4094 521 4144 let.
546 4105 599 4144 et
622 4093 897 4146 Schottum
912 4134 925 4153 ,
958 4097 1049 4166 qui
1068 4095 1215 4150 sidus
1232 4099 1419 4152 limum
1436 4143 1450 4166 ‚

1540 1158 1596 1212 h.
1624 1177 1674 1212 e.
1705 1159 1870 1214 solem
1905 1159 2185 1232 obliquum
2217 1157 2438 1214 ridicule
2473 1159 2558 1212 in·

1541 1237 1854 1293 tellexernnt
1870 1275 1887 1303 ,
1921 1252 2066 1294 recte
2089 1237 2324 1293 refutant
2346 1237 2560 1291 Grono-

1543 1318 1660 1374 vius
1677 1329 1731 1372 et
1743 1318 2100 1392 Schultingius
2114 1357 2134 1384 ‚
2149 1319 2244 1392 qui
2259 1321 2435 1380 sidere,
2452 1319 2491 1373 i.
2508 1337 2559 1372 e.

1542 1397 1818 1452 considete
1853 1411 1904 1452 et
1941 1398 2142 1454 herere
2177 1399 2307 1452 limo
2323 1436 2340 1462 ,
2367 1397 2564 1451 docent

1541 1477 1802 1547 pertinere
1817 1477 1884 1532 ad
1905 1483 2124 1532 credunt.
2139 1477 2225 1532 Sic
2238 1475 2400 1531 Ovid.
2415 1477 2560 1530 Fast.

1543 1557 1646 1620 IV,
1669 1558 1804 1611 300:
1841 1582 1864 1605 ι
1885 1557 2033 1612 Sedit
2051 1558 2244 1611 limoso
2268 1575 2452 1629 ptem
2473 1575 2561 1610 ca·

1543 1635 1664 1690 rina
1687 1635 1828 1690 vado
1849 1663 1894 1688 »-
1927 1638 2100 1692 Tacit.
2125 1637 2264 1689 Ann.
2293 1637 2322 1688 1
2339 1673 2356 1700 ,
2391 1654 2440 1688 c.
2461 1653 2556 1706 70:

1543 1743 1572 1764 ιι
1587 1719 1714 1784 Quo
1735 1718 1904 1772 levior
1923 1717 2098 1772 classis
2117 1716 2318 1771 vadoso
2337 1716 2472 1770 mari
2488 1715 2564 1770 in-

1543 1807 1722 1863 naret,
1749 1796 1834 1851 vel
1861 1797 2138 1870 reciproco
2159 1797 2351 1850 siden-et-
2370 1821 2415 1848 ι.

1613 1895 1664 1946 9.
1697 1879 1890 1946 Rapido
1927 1882 2168 1930 desertam
2196 1877 2432 1948 ffimiue.
2475 1875 2566 1930 Sic

1543 1973 1728 2010 omnes
1745 1955 1870 2009 edd.
1901 1955 1994 2008 sed
2015 1967 2156 2010 recte
2174 1953 2421 2009 Gon-allus
2443 1955 2560 2008 edi·

1543 2032 1621 2088 dit
1617 2037 1834 2104 flumine
1845 2055 1864 2086 .·
1884 2053 2010 2090 nam
2029 2034 2208 2089 sidunt
2223 2053 2402 2096 naves,
2415 2033 2566 2106 quod

1543 2112 1855 2168 deserantur
1873 2113 2092 2168 flumine
2109 2151 2125 2178 ,
2158 2114 2216 2166 h.
2245 2134 2295 2168 e.
2319 2113 2566 2168 fluctibus

1543 2193 1765 2247 marinis
1782 2231 1798 2258 ,
1825 2211 1934 2247 non
1953 2192 2168 2248 flamine
2185 2229 2202 2259 ,
2233 2191 2294 2246 h.
2313 2213 2362 2247 e.
2381 2205 2564 2246 vento.

1541 2273 1626 2328 Sic
1651 2273 1708 2326 in
1727 2273 1880 2344 Vin-g.
1899 2273 2144 2338 Catal.V‚
2158 2279 2257 2338 24:
2282 2299 2305 2320 ι
2331 2275 2566 2346 appulso

1541 2365 1675 2406 rates
1703 2354 1850 2408 Stant
1877 2390 1896 2416 ‚
1931 2353 1986 2406 in
2012 2351 2162 2407 vadis
2183 2371 2334 2408 coeno
2355 2366 2568 2408 retenta

1543 2432 1775 2496 sordido,
1789 2433 2076 2505 Meci-aque
2093 2432 2352 2486 luctantes
2368 2453 2508 2507 aqua
2521 2461 2566 2486 n.

1621 2529 1702 2564 10.
1734 2517 1892 2580 Seque
1903 2513 2035 2581 fitis
2062 2517 2270 2565 trudunt
2283 2512 2568 2568 ediderunt

1541 2591 1794 2663 Scaliger,
1815 2591 2040 2646 Pithoeus
2053 2629 2069 2656 ,
2105 2604 2158 2646 et
2187 2593 2526 2646 Burmannus
2543 2631 2562 2654 ,

1541 2690 1841 2743 perperam.
1867 2673 2029 2726 Recte
2049 2671 2350 2726 Gronovius
2365 2686 2419 2726 et
2437 2692 2562 2726 cum

1543 2769 1610 2804 eo
1640 2750 1888 2805 Gon-allus
1925 2755 2154 2814 credunt,
2201 2750 2346 2823 quod
2389 2752 2562 2823 ipsum

1543 2831 1868 2885 constructio
1893 2831 2098 2902 poscit:
2141 2830 2366 2884 credunt
2388 2831 2564 2886 deser·

1543 2921 1648 2963 tam
1671 2909 1886 2964 flumine
1904 2910 2124 2962 classem
2143 2949 2160 2975 ,
2179 2920 2231 2962 et
2251 2929 2308 2962 se
2329 2911 2562 2983 relinqui

1543 2989 1820 3044 laniandos
1847 2989 1987 3043 feris.
2009 3019 2080 3030 -
2097 2995 2188 3042 Per
2215 2992 2558 3058 inertiasasa,

1543 3070 1600 3123 h.
1628 3089 1676 3123 e.
1705 3069 1894 3140 ignavo
1925 3069 2108 3122 mortis
2139 3087 2364 3140 genere,
2401 3071 2562 3142 quale

1544 3162 1625 3202 est·
1643 3151 1782 3203 same
1805 3160 1857 3202 et
1883 3149 2042 3202 maris
2061 3148 2314 3202 fluctibus
2337 3151 2526 3220 perire.

1622 3246 1645 3282 1
1657 3245 1701 3282 1.
1715 3229 1918 3281 Omnes
1933 3226 2147 3299 quidem
2171 3227 2422 3282 exhibent
2439 3234 2560 3281 Tam

1543 3328 1643 3360 non
1659 3309 1833 3376 felici,
1865 3319 1917 3360 et
1946 3307 2284 3362 Burmannus
2315 3309 2388 3361 ait
2407 3346 2424 3374 ,
2455 3323 2562 3360 tam

1542 3391 1807 3438 laniandos
1839 3385 1948 3440 dici
1985 3405 2084 3458 pro
2119 3399 2430 3460 tantopere3
2459 3407 2561 3461 ego

1541 3477 1716 3520 tamen
1740 3467 1914 3538 aptius
1933 3477 2114 3540 putem
2133 3474 2249 3520 Iam
2275 3487 2396 3530 non,
2413 3470 2560 3541 quod

1539 3545 1786 3599 Gon-allus
1811 3545 1976 3603 dedit.
2001 3553 2160 3614 Quam
2189 3567 2292 3600 non
2311 3545 2562 3602 Heinsius

1541 3626 1778 3698 putabat.
1826 3655 1897 3666 -—
1943 3630 2234 3680 laniandos
2269 3645 2300 3680 a
2341 3629 2568 3698 canibus,

1539 3707 1758 3758 marinis
1773 3723 1791 3770 ς
1814 3719 1872 3759 ut
1887 3707 2040 3779 Virg.
2055 3707 2274 3772 EcwI,
2289 3725 2384 3779 77:
2403 3733 2426 3756 ι
2441 3709 2524 3762 Ah
2541 3711 2554 3760 !

1539 3786 1751 3841 timidos
1789 3802 1974 3842 nantas
2025 3787 2246 3842 canibus
2303 3789 2562 3842 lacerasse

1537 3867 1756 3921 marinis
1775 3893 1818 3920 τι.

1617 3965 1638 4000 1
1651 3967 1695 4000 a.
1715 3953 1880 4016 Atque
1901 3953 2082 4018 aliquis
2093 3971 2249 4019 prora
2269 3973 2326 4004 se
2343 3959 2453 4006 dac.
2473 3956 2560 4009 Sic

1539 4025 1769 4099 Scaliger
1801 4025 1970 4080 edidit
1987 4067 2002 4092 ,
2029 4040 2082 4082 et
2115 4031 2434 4093 sicscodices
2458 4034 2556 4087 ha·

1545 4105 1666 4158 bere
1685 4105 1914 4160 affirmat
1929 4109 2352 4181 Schultingius.--
2367 4119 2562 4181 spectat
2595 4171 2604 4188 .
