2975 4684
523 351 656 448 592

1373 352 1797 421 INCERTI

609 474 862 557 Judex‚
895 486 962 541 et
1003 471 1182 541 litem
1223 472 1543 541 discernit
1582 473 1803 541 fronte
1850 498 2094 542 severa.

707 589 902 655 Parte
945 580 1075 650 alia
1111 596 1306 649 castae
1343 598 1661 651 resonant
1692 590 1921 655 Paeana
1961 582 2237 677 puellae,
2582 604 2663 641 ⁸⁸⁵

613 699 930 789 Dantque
973 693 1213 761 choros
1249 690 1519 761 molles:
1558 694 1698 763 haec
1739 695 1969 763 dextra
2002 710 2323 788 tympana
2356 693 2613 787 pulsat,

615 804 739 875 Illa
779 803 933 897 lyrae
971 800 1247 897 graciles
1278 816 1550 870 extenso
1596 801 1835 897 pollice
1871 802 2157 871 chordas

616 915 990 997 Percurrit,
1015 926 1404 1005 septemque
1439 911 1674 981 modos
1713 910 2099 981 modulatur
2134 913 2379 981 avenis.

617 1025 928 1095 Carmina
963 1035 1380 1115 componunt
1412 1021 1647 1115 mundi
1683 1023 2063 1091 resonantia
2104 1036 2359 1090 motum
2392 1050 2407 1089 ε

619 1140 800 1205 Rura
837 1132 1070 1202 colunt
1106 1129 1252 1212 alii,
1292 1129 1556 1200 sulcant
1592 1132 1814 1226 gravia
1851 1155 2005 1201 arva
2031 1132 2333 1223 juvenci,

619 1248 1050 1337 Maturasque
1087 1240 1280 1309 metit
1319 1242 1633 1310 robustus
1668 1266 1917 1311 messor
1951 1242 2219 1323 aristam,

621 1359 706 1423 Et
743 1350 986 1446 gaudet
1019 1350 1256 1443 pressis
1293 1351 1677 1419 immundus
1714 1352 1961 1419 vinitor
2000 1351 2166 1417 uvis,

614 1463 924 1534 Tondent
959 1475 1150 1555 prata
1187 1485 1459 1557 greges,
1497 1460 1796 1556 pendent
1839 1462 1906 1528 in
1943 1485 2110 1553 rupe
2142 1457 2431 1553 capellae.

614 1574 742 1643 Hic
773 1568 1206 1640 intermedius
1241 1571 1455 1639 stabat
1492 1575 1675 1640 Mars
1707 1594 1945 1639 aureus
1977 1569 2209 1656 armis,

621 1686 797 1757 Diva
835 1697 1073 1777 potens
1105 1684 1397 1775 Atropos
1426 1682 1634 1763 circa,
1675 1678 2077 1774 reliquaeque
2112 1678 2429 1748 sedebant

2577 1706 2657 1757 ⁸9⁵

617 1792 1015 1888 sanguineis
1053 1804 1300 1859 moestae
1335 1789 1581 1862 Clotho
1614 1790 2059 1883 Lache-sisque
2096 1786 2369 1882 capillis.

597 2023 714 2083 884.
735 2026 799 2070 Et
817 2022 922 2071 lites
943 2018 1008 2071 H.
1031 2029 1082 2070 et
1101 2016 1165 2071 G.
1191 2036 1236 2070 1.
1256 2017 1360 2070 Pro
1363 2021 1538 2087 fiuntc

521 2120 694 2155 serena
709 2136 726 2162 ,
749 2095 892 2170 quod
919 2096 976 2149 in
999 2096 1242 2149 omnibus
1269 2096 1397 2149 meis
1424 2108 1503 2148 est
1522 2138 1537 2163 ,

523 2184 589 2237 cl.
617 2180 867 2251 Dor-pius,
894 2196 946 2247 p.
965 2194 1086 2244 129,
1105 2176 1309 2229 mavult
1335 2195 1533 2237 severa,

523 2258 668 2333 quod
693 2258 747 2309 in
765 2254 884 2309 cod.
902 2253 1140 2307 Leidensi
1158 2254 1374 2324 iegitur,
1396 2268 1446 2306 et
1471 2253 1541 2307 de

518 2337 786 2413 judicibus
809 2333 1206 2387 usitatissimum
1235 2346 1326 2387 est.

598 2416 697 2471 885
725 2422 977 2466 Resonant
998 2427 1148 2463 caseoe
1172 2412 1243 2465 G.
1274 2432 1295 2465 1
1322 2425 1372 2465 et
1401 2433 1446 2465 2.

597 2496 714 2549 886.
743 2499 806 2545 Et
835 2506 1069 2558 tympana
1102 2494 1311 2542 dextera
1336 2496 1535 2559 pulsat,

521 2579 588 2632 G.
622 2592 644 2626 1
667 2591 681 2627 :
711 2586 762 2625 et
790 2576 970 2622 dextra
999 2584 1234 2637 {rmpana
1262 2569 1328 2623 G.
1369 2588 1424 2623 2:
1449 2570 1542 2623 sed

523 2654 846 2733 praeferenda
869 2652 1027 2707 lectio
1047 2652 1258 2723 vulgata
1283 2656 1390 2705 hoee
1414 2659 1544 2707 dea--

527 2756 628 2799 va,
651 2746 866 2810 propter
889 2731 1172 2804 sequentia.

600 2818 719 2887 887.
743 2820 958 2865 Est-tento
977 2812 1155 2878 pollice
1178 2808 1243 2863 G.
1278 2828 1322 2862 1.

599 2898 722 2951 888.
767 2899 1050 2961 Septemque
1095 2892 1250 2941 modis
1299 2888 1545 2943 exhibent

527 2976 650 3031 edd.
701 2972 792 3027 sed
837 2974 1006 3023 modos
1051 2979 1156 3019 tres
1198 2967 1301 3021 mei
1343 2968 1508 3039 Mspti
1525 3010 1541 3036 ,

526 3054 668 3128 quod
692 3055 806 3125 jam
831 3050 943 3103 sine
967 3046 1238 3100 codicibus
1263 3046 1396 3099 vidit
1418 3046 1543 3099 Bar—

525 3137 688 3197 thius,
719 3151 770 3202 p.
793 3130 954 3195 2809,
991 3138 1042 3177 et
1077 3126 1132 3179 in
1161 3124 1278 3179 cod.
1299 3123 1546 3179 Leidensi

527 3216 682 3268 etiam
709 3231 764 3264 se
794 3208 1049 3261 invenisse
1074 3206 1254 3257 scribit
1285 3206 1545 3260 Burman-

527 3314 628 3348 nus
647 3333 662 3358 ,
687 3288 899 3343 Anthol.
917 3288 1032 3337 Lat.
1055 3296 1090 3335 t.
1111 3284 1162 3349 1,
1180 3302 1232 3355 p.
1258 3285 1341 3337 51.

598 3374 716 3439 889.
735 3373 894 3421 Motus
913 3364 977 3416 G.
1003 3383 1030 3415 2
1061 3374 1113 3414 et
1135 3365 1196 3415 Α.
1225 3364 1421 3437 Tangit
1437 3364 1543 3417 Ve-

525 3468 695 3508 terum
723 3446 1022 3520 opinionem
1063 3441 1131 3495 de
1165 3441 1397 3495 siderum
1425 3444 1545 3497 har-

526 3532 732 3591 monia,
772 3525 840 3579 de
867 3541 974 3595 qua
1001 3522 1199 3593 egimus
1237 3519 1306 3573 ad
1345 3520 1544 3591 princi.

525 3614 673 3685 pium
701 3604 945 3661 carminis
973 3600 1194 3653 Licentii
1221 3597 1290 3651 sd
1322 3602 1542 3671 August.

596 3693 716 3759 890.
760 3692 972 3735 Versant
984 3682 1158 3749 gravia
1178 3698 1299 3729 arva
1317 3678 1380 3729 H.

598 3772 720 3839 89²·
748 3768 827 3814 Sic
847 3764 1037 3831 gaudet
1045 3761 1227 3828 pressis
1253 3762 1440 3808 invidus
1469 3762 1547 3809 vi·

523 3855 652 3903 nitor·
666 3850 726 3899 A.
751 3842 954 3897 vitiose.

595 3930 714 3995 893.
747 3926 966 3975 Pendeat
998 3924 1048 3971 in
1086 3939 1202 3987 rupe
1223 3922 1442 3986 capelloe.
1463 3916 1542 3969 Cl.

527 4007 752 4075 Dorpius
773 4042 788 4067 ‚
819 4020 868 4071 p.
902 4002 997 4053 130
1016 4039 1031 4063 ‚
1074 4000 1285 4069 proesert
1307 4003 1370 4049 de
1391 4018 1535 4064 rupe,

521 4084 664 4155 quod
690 4084 744 4133 in
773 4078 890 4131 cod.
919 4076 1162 4129 Leidensi
1197 4078 1321 4147 legit
1343 4117 1358 4141 ‚
1399 4088 1448 4127 ct
1476 4095 1537 4128 ex

1627 2018 1773 2089 Virg.
1798 2018 1905 2071 Ecl.
1927 2018 1953 2069 1
1966 2058 1981 2083 ,
2000 2038 2087 2089 77,
2105 2019 2291 2091 probat
2316 2035 2330 2069 ε
2370 2046 2395 2064 κ
2410 2018 2533 2071 Non
2553 2038 2657 2091 ego

1626 2115 1721 2149 vos
1740 2096 1954 2167 posthac
1974 2096 2131 2149 viridi
2149 2098 2408 2169 projectus
2426 2098 2477 2149 in
2500 2109 2657 2150 antro

1631 2176 1867 2251 Durnosa
1912 2174 2151 2247 pendere
2185 2176 2371 2248 procul
2411 2176 2478 2228 de
2518 2196 2655 2249 rupe

1629 2254 1819 2307 videbo
1830 2281 1869 2307 ι».

1703 2336 1823 2401 894.
1842 2334 1909 2386 Hi
1928 2348 2035 2387 tres
2054 2353 2233 2389 versus
2252 2335 2401 2388 valde
2419 2335 2653 2405 interpo-

1628 2414 1725 2467 lati
1744 2415 2034 2487 mutatiqne
2051 2414 2106 2467 in
2124 2428 2350 2487 quatuor
2364 2416 2493 2466 meis
2512 2414 2656 2467 codi-

1631 2493 1777 2545 cibus
1799 2504 1919 2547 sunt
1936 2532 1951 2557 ,
1973 2512 2201 2565 quorum
2230 2493 2541 2546 variationes
2566 2493 2653 2545 vix

1632 2571 1873 2625 meliores
1900 2583 2044 2625 textu
2066 2573 2276 2645 vulgato
2295 2571 2655 2643 deprehendo,

1631 2669 1730 2703 nec
1763 2668 1944 2704 omnes
1976 2651 2088 2705 siue
2119 2651 2277 2704 taedio
2302 2652 2499 2703 referre
2528 2670 2653 2723 pos-

1636 2748 1753 2782 sum
1798 2748 1811 2783 τ
1873 2730 2137 2783 delectum
2198 2742 2373 2782 tamen
2426 2729 2653 2783 habebo,

1532 2796 1548 2806 ³
1635 2809 1811 2862 Guelf.
1858 2828 1877 2861 1
1912 2808 1999 2862 hic
2030 2808 2213 2862 scribit
2242 2810 2412 2861 mediis
2448 2812 2652 2859 stabas:

1636 2901 1688 2939 et
1711 2888 1776 2941 G.
1800 2908 1827 2939 2
1864 2889 2009 2941 hunc
2036 2906 2243 2941 versum
2270 2886 2496 2941 absurde
2532 2890 2655 2940 sub-

1629 2966 1742 3038 jicit
1774 2985 1788 3018 :
1834 2992 1855 3013 ι
1895 2968 2068 3031 Quem
2112 2968 2253 3021 circa
2294 2968 2415 3019 Divi
2460 2968 2652 3040 reliqui

1632 3046 1937 3117 circumque
1963 3044 2212 3099 sedebant
2230 3072 2267 3099 -.
2292 3048 2368 3099 De
2391 3047 2506 3119 ipsa
2532 3047 2655 3101 ima·

1634 3124 1756 3195 gine
1792 3126 1876 3177 his
1912 3125 2150 3178 versibus
2178 3128 2401 3197 exposita
2426 3126 2532 3179 vid.
2554 3125 2654 3179 Ex-

1633 3222 1818 3257 cursus
1860 3204 2042 3257 tertius
2081 3204 2148 3258 ad
2198 3205 2356 3279 hujus
2402 3208 2654 3262 carminis

1630 3282 1848 3337 calcem.
2500 3306 2511 3313 ·

1703 3363 1822 3430 895.
1856 3365 1982 3415 Diva
2011 3379 2188 3433 potens
2226 3371 2453 3435 Atropos.
2492 3365 2653 3418 Hunc

1631 3458 1839 3493 versum
1868 3462 1929 3494 ex
1956 3444 2131 3498 Guelf.
2158 3463 2203 3509 1,
2240 3446 2362 3516 quia
2394 3446 2653 3516 comptior

1630 3520 1903 3593 aptiorque
1915 3522 2031 3573 aliis
2043 3522 2335 3589 videbatur,
2344 3523 2514 3576 retuli.
2532 3522 2653 3575 Edi-

1632 3598 1673 3651 ti
1700 3600 1839 3651 enim
1864 3602 2047 3671 legunt
2065 3610 2277 3671 Atropos
2312 3606 2442 3655 Ιιιιηο
2470 3608 2648 3655 circum

1631 3682 1822 3738 stabat,
1864 3684 2160 3748 reliqua-que
2201 3702 2409 3735 somres.
2430 3682 2648 3735 Helmst.

1632 3764 1775 3811 Hunc
1812 3766 2017 3827 Atmpos
2059 3764 2239 3812 circum
2270 3764 2405 3813 Divae
2433 3767 2653 3831 reliqua·—

1634 3858 1728 3905 que
1760 3840 2009 3891 sedebant.
2051 3840 2115 3891 Et
2135 3839 2198 3893 G.
2223 3861 2250 3892 2
2274 3842 2419 3895 hunc
2440 3862 2647 3897 versum

1631 3916 1867 3987 ineptum
1916 3918 2125 3991 subjicit
2157 3938 2171 3971 :
2217 3928 2480 3988 Postquam
2522 3928 2649 3975 Diva

1626 4012 1799 4065 potens
1824 4000 2025 4065 reliqua·
2046 4002 2322 4069 cimunque
2338 4006 2589 4055 sedebant.

1704 4078 1820 4143 896.
1844 4080 2135 4146 Sanguinee's
2158 4095 2352 4130 moeseoe.
2378 4080 2648 4137 Adlusisse
