<?xml version="1.0" encoding="UTF-8"?>
<!DOCTYPE html PUBLIC "-//W3C//DTD XHTML 1.0 Transitional//EN"
    "http://www.w3.org/TR/xhtml1/DTD/xhtml1-transitional.dtd">
<html xmlns="http://www.w3.org/1999/xhtml" xml:lang="en" lang="en">
 <head>
  <title>
</title>
<meta http-equiv="Content-Type" content="text/html;charset=utf-8" />
  <meta name='ocr-system' content='tesseract 3.04.00' />
  <meta name='ocr-capabilities' content='ocr_page ocr_carea ocr_par ocr_line ocrx_word'/>
</head>
<body>
  <div class='ocr_page' id='page_1' title='image "./poetaelatinimin00unkngoog_0630.png"; bbox 0 0 2975 4684; ppageno 0'>
   <div class='ocr_carea' id='block_1_1' title="bbox 379 427 2495 461">
    <p class='ocr_par' dir='ltr' id='par_1_1' title="bbox 379 427 2495 461">
     <span class='ocr_line' id='line_1_1' title="bbox 379 427 2495 461; baseline 0.003 -6"><span class='ocrx_word' id='word_1_1' title='bbox 379 427 2495 461; x_wconf 49' lang='lat' dir='ltr'><strong>msummmmmmmmmmmmmmvwm</strong></span> 
     </span>
    </p>
   </div>
   <div class='ocr_carea' id='block_1_2' title="bbox 1023 752 1856 878">
    <p class='ocr_par' dir='ltr' id='par_1_2' title="bbox 1023 752 1856 878">
     <span class='ocr_line' id='line_1_2' title="bbox 1023 752 1856 878; baseline -0.002 -4"><span class='ocrx_word' id='word_1_2' title='bbox 1023 752 1856 878; x_wconf 87' lang='lat' dir='ltr'><strong>AUSONII</strong></span> 
     </span>
    </p>
   </div>
   <div class='ocr_carea' id='block_1_3' title="bbox 1129 1055 1757 1105">
    <p class='ocr_par' dir='ltr' id='par_1_3' title="bbox 1129 1055 1757 1105">
     <span class='ocr_line' id='line_1_3' title="bbox 1129 1055 1757 1105; baseline 0 -2"><span class='ocrx_word' id='word_1_3' title='bbox 1129 1055 1757 1105; x_wconf 72' lang='lat' dir='ltr'>BURDIGALENSIS</span> 
     </span>
    </p>
   </div>
   <div class='ocr_carea' id='block_1_4' title="bbox 485 1300 2400 1384">
    <p class='ocr_par' dir='ltr' id='par_1_4' title="bbox 485 1300 2400 1384">
     <span class='ocr_line' id='line_1_4' title="bbox 485 1300 2400 1384; baseline 0.004 -7"><span class='ocrx_word' id='word_1_4' title='bbox 485 1300 1129 1382; x_wconf 86' lang='lat' dir='ltr'><strong>PERIOCHAE</strong></span> <span class='ocrx_word' id='word_1_5' title='bbox 1183 1304 1304 1382; x_wconf 95' lang='lat' dir='ltr'><strong>IN</strong></span> <span class='ocrx_word' id='word_1_6' title='bbox 1360 1302 1823 1383; x_wconf 88' lang='lat' dir='ltr'><strong>HOMERI</strong></span> <span class='ocrx_word' id='word_1_7' title='bbox 1882 1304 2400 1384; x_wconf 89' lang='lat' dir='ltr'><strong>ILIADEM.</strong></span> 
     </span>
    </p>
   </div>
   <div class='ocr_carea' id='block_1_5' title="bbox 945 1560 1951 1598">
    <p class='ocr_par' dir='ltr' id='par_1_5' title="bbox 945 1560 1951 1598">
     <span class='ocr_line' id='line_1_5' title="bbox 945 1560 1951 1598; baseline 0 3086"><span class='ocrx_word' id='word_1_8' title='bbox 945 1560 1951 1598; x_wconf 95' lang='lat' dir='ltr'><strong> </strong></span> 
     </span>
    </p>
   </div>
   <div class='ocr_carea' id='block_1_6' title="bbox 295 1772 2605 4234">
    <p class='ocr_par' dir='ltr' id='par_1_6' title="bbox 295 1772 2605 4234">
     <span class='ocr_line' id='line_1_6' title="bbox 377 1772 2511 1903; baseline -0 -23"><span class='ocrx_word' id='word_1_9' title='bbox 377 1772 485 1880; x_wconf 80' lang='lat' dir='ltr'><strong>St</strong></span> <span class='ocrx_word' id='word_1_10' title='bbox 535 1811 894 1876; x_wconf 85' lang='lat' dir='ltr'><strong>Homerum</strong></span> <span class='ocrx_word' id='word_1_11' title='bbox 921 1814 1304 1902; x_wconf 78' lang='lat' dir='ltr'><strong>scriptorem</strong></span> <span class='ocrx_word' id='word_1_12' title='bbox 1332 1812 1553 1877; x_wconf 79' lang='lat' dir='ltr'>Troici</span> <span class='ocrx_word' id='word_1_13' title='bbox 1590 1812 1745 1877; x_wconf 85' lang='lat' dir='ltr'><strong>belli</strong></span> <span class='ocrx_word' id='word_1_14' title='bbox 1766 1828 2029 1877; x_wconf 79' lang='lat' dir='ltr'><strong>eatenus</strong></span> <span class='ocrx_word' id='word_1_15' title='bbox 2046 1860 2067 1895; x_wconf 92' lang='lat'><strong>,</strong></span> <span class='ocrx_word' id='word_1_16' title='bbox 2088 1834 2219 1903; x_wconf 83' lang='lat' dir='ltr'><strong>qua</strong></span> <span class='ocrx_word' id='word_1_17' title='bbox 2244 1814 2511 1879; x_wconf 85' lang='lat' dir='ltr'><strong>Ilia&#39;dem</strong></span> 
     </span>
     <span class='ocr_line' id='line_1_7' title="bbox 377 1917 2507 2008; baseline 0.003 -30"><span class='ocrx_word' id='word_1_18' title='bbox 377 1936 560 1979; x_wconf 86' lang='lat' dir='ltr'><strong>suam</strong></span> <span class='ocrx_word' id='word_1_19' title='bbox 596 1917 860 2007; x_wconf 87' lang='lat' dir='ltr'><strong>incipit,</strong></span> <span class='ocrx_word' id='word_1_20' title='bbox 911 1942 1169 2007; x_wconf 87' lang='lat' dir='ltr'><strong>quaque</strong></span> <span class='ocrx_word' id='word_1_21' title='bbox 1211 1920 1355 1986; x_wconf 84' lang='lat' dir='ltr'><strong>finit</strong></span> <span class='ocrx_word' id='word_1_22' title='bbox 1374 1968 1393 2000; x_wconf 87' lang='lat'><strong>,</strong></span> <span class='ocrx_word' id='word_1_23' title='bbox 1427 1940 1923 2008; x_wconf 80' lang='lat' dir='ltr'><strong>percenseamus</strong></span> <span class='ocrx_word' id='word_1_24' title='bbox 1953 1968 1973 2001; x_wconf 95' lang='lat'><strong>,</strong></span> <span class='ocrx_word' id='word_1_25' title='bbox 2002 1942 2225 1984; x_wconf 88' lang='lat' dir='ltr'><strong>orsum</strong></span> <span class='ocrx_word' id='word_1_26' title='bbox 2263 1922 2343 1985; x_wconf 89' lang='lat' dir='ltr'><strong>ab</strong></span> <span class='ocrx_word' id='word_1_27' title='bbox 2381 1922 2507 1984; x_wconf 86' lang='lat' dir='ltr'><strong>ira·</strong></span> 
     </span>
     <span class='ocr_line' id='line_1_8' title="bbox 377 2021 2513 2117; baseline 0.002 -33"><span class='ocrx_word' id='word_1_28' title='bbox 377 2021 618 2086; x_wconf 89' lang='lat' dir='ltr'><strong>cundia</strong></span> <span class='ocrx_word' id='word_1_29' title='bbox 655 2024 916 2089; x_wconf 89' lang='lat' dir='ltr'><strong>Achillis</strong></span> <span class='ocrx_word' id='word_1_30' title='bbox 947 2025 1030 2090; x_wconf 87' lang='lat' dir='ltr'><strong>ad</strong></span> <span class='ocrx_word' id='word_1_31' title='bbox 1067 2027 1466 2117; x_wconf 74' lang='lat' dir='ltr'><strong>sepulturam</strong></span> <span class='ocrx_word' id='word_1_32' title='bbox 1501 2026 1798 2093; x_wconf 83' lang='lat' dir='ltr'><strong>Hectoris</strong></span> <span class='ocrx_word' id='word_1_33' title='bbox 1818 2074 1838 2107; x_wconf 95' lang='lat'><strong>,</strong></span> <span class='ocrx_word' id='word_1_34' title='bbox 1874 2042 2157 2112; x_wconf 85' lang='lat' dir='ltr'><strong>quatuor</strong></span> <span class='ocrx_word' id='word_1_35' title='bbox 2192 2042 2258 2090; x_wconf 87' lang='lat' dir='ltr'><strong>et</strong></span> <span class='ocrx_word' id='word_1_36' title='bbox 2287 2027 2513 2116; x_wconf 78' lang='lat' dir='ltr'><strong>viginti</strong></span> 
     </span>
     <span class='ocr_line' id='line_1_9' title="bbox 376 2125 2515 2219; baseline 0.002 -29"><span class='ocrx_word' id='word_1_37' title='bbox 376 2125 576 2192; x_wconf 86' lang='lat' dir='ltr'><strong>libros</strong></span> <span class='ocrx_word' id='word_1_38' title='bbox 618 2131 1025 2196; x_wconf 84' lang='lat' dir='ltr'><strong>contexuisse</strong></span> <span class='ocrx_word' id='word_1_39' title='bbox 1065 2128 1592 2197; x_wconf 85' lang='lat' dir='ltr'><strong>monstrabimus.</strong></span> <span class='ocrx_word' id='word_1_40' title='bbox 1618 2130 1773 2196; x_wconf 81' lang='lat' dir='ltr'><strong>Haec</strong></span> <span class='ocrx_word' id='word_1_41' title='bbox 1804 2130 1941 2210; x_wconf 82' lang='lat' dir='ltr'><strong>ejus</strong></span> <span class='ocrx_word' id='word_1_42' title='bbox 1973 2132 2218 2219; x_wconf 85' lang='lat' dir='ltr'><strong>species</strong></span> <span class='ocrx_word' id='word_1_43' title='bbox 2250 2130 2515 2219; x_wconf 79' lang='lat' dir='ltr'><strong>adparet</strong></span> 
     </span>
     <span class='ocr_line' id='line_1_10' title="bbox 376 2236 2514 2328; baseline 0.004 -33"><span class='ocrx_word' id='word_1_44' title='bbox 376 2254 699 2325; x_wconf 68' lang='lat' dir='ltr'><strong>summam</strong></span> <span class='ocrx_word' id='word_1_45' title='bbox 731 2252 948 2301; x_wconf 89' lang='lat' dir='ltr'><strong>cutem</strong></span> <span class='ocrx_word' id='word_1_46' title='bbox 969 2238 1162 2325; x_wconf 84' lang='lat' dir='ltr'><strong>primi</strong></span> <span class='ocrx_word' id='word_1_47' title='bbox 1189 2238 1400 2328; x_wconf 85' lang='lat' dir='ltr'><strong>operis</strong></span> <span class='ocrx_word' id='word_1_48' title='bbox 1425 2238 1730 2302; x_wconf 87' lang='lat' dir='ltr'><strong>intuenti.</strong></span> <span class='ocrx_word' id='word_1_49' title='bbox 1758 2236 2006 2301; x_wconf 82' lang='lat' dir='ltr'><strong>Verum</strong></span> <span class='ocrx_word' id='word_1_50' title='bbox 2028 2236 2157 2301; x_wconf 93' lang='lat' dir='ltr'><strong>hoc</strong></span> <span class='ocrx_word' id='word_1_51' title='bbox 2180 2237 2514 2326; x_wconf 76' lang='lat' dir='ltr'><strong>scripturae</strong></span> 
     </span>
     <span class='ocr_line' id='line_1_11' title="bbox 295 2338 2511 2431; baseline 0.003 -30"><span class='ocrx_word' id='word_1_52' title='bbox 295 2366 302 2372; x_wconf 86' lang='lat'><strong>·</strong></span> <span class='ocrx_word' id='word_1_53' title='bbox 378 2338 578 2427; x_wconf 88' lang='lat' dir='ltr'><strong>ipsius</strong></span> <span class='ocrx_word' id='word_1_54' title='bbox 610 2357 866 2431; x_wconf 88' lang='lat' dir='ltr'><strong>tempus</strong></span> <span class='ocrx_word' id='word_1_55' title='bbox 893 2343 1176 2425; x_wconf 84' lang='lat' dir='ltr'><strong>Trojano</strong></span> <span class='ocrx_word' id='word_1_56' title='bbox 1209 2342 1380 2407; x_wconf 91' lang='lat' dir='ltr'><strong>bello</strong></span> <span class='ocrx_word' id='word_1_57' title='bbox 1413 2362 1551 2407; x_wconf 87' lang='lat' dir='ltr'><strong>non</strong></span> <span class='ocrx_word' id='word_1_58' title='bbox 1584 2359 1797 2407; x_wconf 88' lang='lat' dir='ltr'><strong>totum</strong></span> <span class='ocrx_word' id='word_1_59' title='bbox 1815 2390 1834 2422; x_wconf 87' lang='lat'><strong>,</strong></span> <span class='ocrx_word' id='word_1_60' title='bbox 1860 2338 1975 2406; x_wconf 89' lang='lat' dir='ltr'><strong>sed</strong></span> <span class='ocrx_word' id='word_1_61' title='bbox 2005 2363 2188 2430; x_wconf 83' lang='lat' dir='ltr'><strong>paene</strong></span> <span class='ocrx_word' id='word_1_62' title='bbox 2208 2343 2511 2408; x_wconf 82' lang='lat' dir='ltr'><strong>ultimum</strong></span> 
     </span>
     <span class='ocr_line' id='line_1_12' title="bbox 377 2446 2509 2539; baseline 0.002 -30"><span class='ocrx_word' id='word_1_63' title='bbox 377 2446 522 2511; x_wconf 81' lang='lat' dir='ltr'><strong>suit.</strong></span> <span class='ocrx_word' id='word_1_64' title='bbox 555 2448 720 2513; x_wconf 85' lang='lat' dir='ltr'><strong>Nam</strong></span> <span class='ocrx_word' id='word_1_65' title='bbox 748 2450 800 2513; x_wconf 90' lang='lat' dir='ltr'><strong>si</strong></span> <span class='ocrx_word' id='word_1_66' title='bbox 833 2451 996 2513; x_wconf 90' lang='lat' dir='ltr'><strong>ratio</strong></span> <span class='ocrx_word' id='word_1_67' title='bbox 1026 2448 1314 2538; x_wconf 88' lang='lat' dir='ltr'><strong>putanda</strong></span> <span class='ocrx_word' id='word_1_68' title='bbox 1351 2466 1448 2515; x_wconf 90' lang='lat' dir='ltr'><strong>est</strong></span> <span class='ocrx_word' id='word_1_69' title='bbox 1482 2448 1985 2539; x_wconf 83' lang='lat' dir='ltr'><strong>oppugnationis</strong></span> <span class='ocrx_word' id='word_1_70' title='bbox 2026 2446 2357 2531; x_wconf 79' lang='lat' dir='ltr'><strong>decenniS,</strong></span> <span class='ocrx_word' id='word_1_71' title='bbox 2386 2472 2509 2513; x_wconf 87' lang='lat' dir='ltr'><strong>no·</strong></span> 
     </span>
     <span class='ocr_line' id='line_1_13' title="bbox 377 2553 2515 2646; baseline 0.003 -32"><span class='ocrx_word' id='word_1_72' title='bbox 377 2574 503 2616; x_wconf 91' lang='lat' dir='ltr'><strong>nus</strong></span> <span class='ocrx_word' id='word_1_73' title='bbox 529 2553 664 2619; x_wconf 85' lang='lat' dir='ltr'><strong>fere</strong></span> <span class='ocrx_word' id='word_1_74' title='bbox 699 2578 942 2637; x_wconf 86' lang='lat' dir='ltr'><strong>annus,</strong></span> <span class='ocrx_word' id='word_1_75' title='bbox 978 2554 1284 2645; x_wconf 89' lang='lat' dir='ltr'><strong>idemque</strong></span> <span class='ocrx_word' id='word_1_76' title='bbox 1322 2578 1528 2644; x_wconf 87' lang='lat' dir='ltr'><strong>prope</strong></span> <span class='ocrx_word' id='word_1_77' title='bbox 1560 2555 1758 2620; x_wconf 87' lang='lat' dir='ltr'><strong>finem</strong></span> <span class='ocrx_word' id='word_1_78' title='bbox 1794 2556 1926 2638; x_wconf 84' lang='lat' dir='ltr'><strong>sui,</strong></span> <span class='ocrx_word' id='word_1_79' title='bbox 1953 2577 2028 2619; x_wconf 89' lang='lat' dir='ltr'><strong>ea</strong></span> <span class='ocrx_word' id='word_1_80' title='bbox 2064 2558 2325 2646; x_wconf 85' lang='lat' dir='ltr'><strong>negotia</strong></span> <span class='ocrx_word' id='word_1_81' title='bbox 2358 2579 2515 2621; x_wconf 89' lang='lat' dir='ltr'><strong>con·</strong></span> 
     </span>
     <span class='ocr_line' id='line_1_14' title="bbox 378 2656 2511 2751; baseline 0.002 -31"><span class='ocrx_word' id='word_1_82' title='bbox 378 2656 646 2742; x_wconf 88' lang='lat' dir='ltr'><strong>tinebit,</strong></span> <span class='ocrx_word' id='word_1_83' title='bbox 691 2658 846 2749; x_wconf 67' lang='lat' dir='ltr'><strong>quae&#39;</strong></span> <span class='ocrx_word' id='word_1_84' title='bbox 880 2660 960 2726; x_wconf 89' lang='lat' dir='ltr'><strong>ab</strong></span> <span class='ocrx_word' id='word_1_85' title='bbox 999 2660 1811 2751; x_wconf 79' lang='lat' dir='ltr'><strong>injuria-Agamemnonis,</strong></span> <span class='ocrx_word' id='word_1_86' title='bbox 1860 2682 1935 2725; x_wconf 88' lang='lat' dir='ltr'><strong>ac</strong></span> <span class='ocrx_word' id='word_1_87' title='bbox 1969 2660 2271 2726; x_wconf 86' lang='lat' dir='ltr'><strong>Briseidis</strong></span> <span class='ocrx_word' id='word_1_88' title='bbox 2316 2684 2511 2727; x_wconf 88' lang='lat' dir='ltr'><strong>usur-</strong></span> 
     </span>
     <span class='ocr_line' id='line_1_15' title="bbox 379 2766 2509 2857; baseline 0.002 -28"><span class='ocrx_word' id='word_1_89' title='bbox 379 2766 674 2853; x_wconf 88' lang='lat' dir='ltr'><strong>patione,</strong></span> <span class='ocrx_word' id='word_1_90' title='bbox 707 2786 916 2857; x_wconf 87' lang='lat' dir='ltr'><strong>usque</strong></span> <span class='ocrx_word' id='word_1_91' title='bbox 962 2767 1044 2834; x_wconf 88' lang='lat' dir='ltr'><strong>ad</strong></span> <span class='ocrx_word' id='word_1_92' title='bbox 1087 2768 1284 2833; x_wconf 86' lang='lat' dir='ltr'><strong>funus</strong></span> <span class='ocrx_word' id='word_1_93' title='bbox 1317 2767 1613 2833; x_wconf 83' lang='lat' dir='ltr'><strong>Hectoris</strong></span> <span class='ocrx_word' id='word_1_94' title='bbox 1646 2766 1841 2857; x_wconf 88' lang='lat' dir='ltr'><strong>digna</strong></span> <span class='ocrx_word' id='word_1_95' title='bbox 1874 2784 2241 2832; x_wconf 87' lang='lat' dir='ltr'><strong>memoratu</strong></span> <span class='ocrx_word' id='word_1_96' title='bbox 2274 2784 2509 2833; x_wconf 84' lang='lat' dir='ltr'><strong>erunt:</strong></span> 
     </span>
     <span class='ocr_line' id='line_1_16' title="bbox 377 2871 2514 2963; baseline 0.001 -29"><span class='ocrx_word' id='word_1_97' title='bbox 377 2871 482 2935; x_wconf 85' lang='lat' dir='ltr'><strong>issa</strong></span> <span class='ocrx_word' id='word_1_98' title='bbox 506 2889 878 2962; x_wconf 86' lang='lat' dir='ltr'><strong>temporum</strong></span> <span class='ocrx_word' id='word_1_99' title='bbox 909 2877 1134 2957; x_wconf 89' lang='lat' dir='ltr'><strong>series,</strong></span> <span class='ocrx_word' id='word_1_100' title='bbox 1173 2898 1316 2963; x_wconf 80' lang='lat' dir='ltr'><strong>quae</strong></span> <span class='ocrx_word' id='word_1_101' title='bbox 1356 2876 1437 2939; x_wconf 87' lang='lat' dir='ltr'><strong>ab</strong></span> <span class='ocrx_word' id='word_1_102' title='bbox 1472 2872 1761 2955; x_wconf 88' lang='lat' dir='ltr'><strong>ejusdem</strong></span> <span class='ocrx_word' id='word_1_103' title='bbox 1807 2872 1960 2938; x_wconf 87' lang='lat' dir='ltr'><strong>belli</strong></span> <span class='ocrx_word' id='word_1_104' title='bbox 2000 2874 2273 2949; x_wconf 76' lang='lat' dir='ltr'><strong>caussi5‚</strong></span> <span class='ocrx_word' id='word_1_105' title='bbox 2318 2890 2514 2962; x_wconf 87' lang='lat' dir='ltr'><strong>atque</strong></span> 
     </span>
     <span class='ocr_line' id='line_1_17' title="bbox 378 2976 2512 3069; baseline 0.001 -29"><span class='ocrx_word' id='word_1_106' title='bbox 378 2976 662 3067; x_wconf 86' lang='lat' dir='ltr'><strong>origine,</strong></span> <span class='ocrx_word' id='word_1_107' title='bbox 696 2982 975 3069; x_wconf 88' lang='lat' dir='ltr'><strong>pertinet</strong></span> <span class='ocrx_word' id='word_1_108' title='bbox 1006 2980 1088 3045; x_wconf 86' lang='lat' dir='ltr'><strong>ad</strong></span> <span class='ocrx_word' id='word_1_109' title='bbox 1122 2980 1304 3045; x_wconf 88' lang='lat' dir='ltr'><strong>urbis</strong></span> <span class='ocrx_word' id='word_1_110' title='bbox 1339 2976 1685 3043; x_wconf 83' lang='lat' dir='ltr'><strong>excidium.</strong></span> <span class='ocrx_word' id='word_1_111' title='bbox 1747 2978 1947 3066; x_wconf 87' lang='lat' dir='ltr'><strong>Atqui</strong></span> <span class='ocrx_word' id='word_1_112' title='bbox 1991 3000 2067 3043; x_wconf 88' lang='lat' dir='ltr'><strong>ex</strong></span> <span class='ocrx_word' id='word_1_113' title='bbox 2112 3000 2191 3041; x_wconf 89' lang='lat' dir='ltr'><strong>co</strong></span> <span class='ocrx_word' id='word_1_114' title='bbox 2228 2980 2512 3061; x_wconf 83' lang='lat' dir='ltr'><strong>eveniet,</strong></span> 
     </span>
     <span class='ocr_line' id='line_1_18' title="bbox 377 3084 2507 3176; baseline 0.001 -29"><span class='ocrx_word' id='word_1_115' title='bbox 377 3100 455 3148; x_wconf 92' lang='lat' dir='ltr'><strong>ut</strong></span> <span class='ocrx_word' id='word_1_116' title='bbox 504 3084 742 3174; x_wconf 84' lang='lat' dir='ltr'><strong>ignaris</strong></span> <span class='ocrx_word' id='word_1_117' title='bbox 794 3084 1126 3167; x_wconf 82' lang='lat' dir='ltr'><strong>judicandi</strong></span> <span class='ocrx_word' id='word_1_118' title='bbox 1147 3136 1165 3169; x_wconf 88' lang='lat'><strong>,</strong></span> <span class='ocrx_word' id='word_1_119' title='bbox 1220 3103 1286 3151; x_wconf 90' lang='lat' dir='ltr'><strong>et</strong></span> <span class='ocrx_word' id='word_1_120' title='bbox 1349 3088 1616 3176; x_wconf 82' lang='lat' dir='ltr'><strong>poeticae</strong></span> <span class='ocrx_word' id='word_1_121' title='bbox 1668 3084 2043 3150; x_wconf 84' lang='lat' dir='ltr'><strong>oeconomiae</strong></span> <span class='ocrx_word' id='word_1_122' title='bbox 2095 3085 2465 3173; x_wconf 84' lang='lat' dir='ltr'><strong>expertibus</strong></span> <span class='ocrx_word' id='word_1_123' title='bbox 2488 3136 2507 3168; x_wconf 91' lang='lat'><strong>,</strong></span> 
     </span>
     <span class='ocr_line' id='line_1_19' title="bbox 379 3189 2511 3282; baseline 0.002 -29"><span class='ocrx_word' id='word_1_124' title='bbox 379 3192 582 3255; x_wconf 88' lang='lat' dir='ltr'><strong>multa</strong></span> <span class='ocrx_word' id='word_1_125' title='bbox 615 3192 856 3256; x_wconf 88' lang='lat' dir='ltr'><strong>nobilia</strong></span> <span class='ocrx_word' id='word_1_126' title='bbox 901 3194 983 3257; x_wconf 89' lang='lat' dir='ltr'><strong>ab</strong></span> <span class='ocrx_word' id='word_1_127' title='bbox 1031 3189 1297 3257; x_wconf 83' lang='lat' dir='ltr'><strong>exordio</strong></span> <span class='ocrx_word' id='word_1_128' title='bbox 1348 3192 1501 3257; x_wconf 90' lang='lat' dir='ltr'><strong>belli</strong></span> <span class='ocrx_word' id='word_1_129' title='bbox 1545 3214 1752 3280; x_wconf 89' lang='lat' dir='ltr'><strong>usque</strong></span> <span class='ocrx_word' id='word_1_130' title='bbox 1788 3189 1869 3256; x_wconf 88' lang='lat' dir='ltr'><strong>ad</strong></span> <span class='ocrx_word' id='word_1_131' title='bbox 1918 3190 2182 3255; x_wconf 88' lang='lat' dir='ltr'><strong>Achillis</strong></span> <span class='ocrx_word' id='word_1_132' title='bbox 2221 3191 2511 3282; x_wconf 82' lang='lat' dir='ltr'><strong>jurgium</strong></span> 
     </span>
     <span class='ocr_line' id='line_1_20' title="bbox 381 3294 2512 3364; baseline -0 0"><span class='ocrx_word' id='word_1_133' title='bbox 381 3298 618 3364; x_wconf 86' lang='lat' dir='ltr'><strong>omissa</strong></span> <span class='ocrx_word' id='word_1_134' title='bbox 661 3295 1022 3363; x_wconf 82' lang='lat' dir='ltr'><strong>videantur.</strong></span> <span class='ocrx_word' id='word_1_135' title='bbox 1081 3300 1220 3364; x_wconf 89' lang='lat' dir='ltr'><strong>Nec</strong></span> <span class='ocrx_word' id='word_1_136' title='bbox 1269 3300 1484 3363; x_wconf 89' lang='lat' dir='ltr'><strong>minus</strong></span> <span class='ocrx_word' id='word_1_137' title='bbox 1544 3298 1747 3361; x_wconf 86' lang='lat' dir='ltr'><strong>multa</strong></span> <span class='ocrx_word' id='word_1_138' title='bbox 1795 3294 1877 3362; x_wconf 85' lang='lat' dir='ltr'><strong>ab</strong></span> <span class='ocrx_word' id='word_1_139' title='bbox 1929 3296 2223 3361; x_wconf 85' lang='lat' dir='ltr'><strong>Hectoris</strong></span> <span class='ocrx_word' id='word_1_140' title='bbox 2279 3298 2512 3363; x_wconf 80' lang='lat' dir='ltr'><strong>funere</strong></span> 
     </span>
     <span class='ocr_line' id='line_1_21' title="bbox 378 3402 2517 3494; baseline 0.001 -26"><span class='ocrx_word' id='word_1_141' title='bbox 378 3402 460 3469; x_wconf 91' lang='lat' dir='ltr'><strong>ad</strong></span> <span class='ocrx_word' id='word_1_142' title='bbox 481 3428 689 3494; x_wconf 92' lang='lat' dir='ltr'><strong>usque</strong></span> <span class='ocrx_word' id='word_1_143' title='bbox 709 3404 991 3470; x_wconf 87' lang='lat' dir='ltr'><strong>deletum</strong></span> <span class='ocrx_word' id='word_1_144' title='bbox 1021 3404 1236 3470; x_wconf 91' lang='lat' dir='ltr'><strong>Ilium.</strong></span> <span class='ocrx_word' id='word_1_145' title='bbox 1261 3404 1566 3487; x_wconf 87' lang='lat' dir='ltr'><strong>Quorum</strong></span> <span class='ocrx_word' id='word_1_146' title='bbox 1595 3404 1859 3493; x_wconf 87' lang='lat' dir='ltr'><strong>quidem</strong></span> <span class='ocrx_word' id='word_1_147' title='bbox 1886 3406 2161 3467; x_wconf 84' lang='lat' dir='ltr'><strong>maxima</strong></span> <span class='ocrx_word' id='word_1_148' title='bbox 2192 3420 2517 3494; x_wconf 88' lang='lat' dir='ltr'><strong>exspecta-</strong></span> 
     </span>
     <span class='ocr_line' id='line_1_22' title="bbox 381 3494 2509 3601; baseline 0 -26"><span class='ocrx_word' id='word_1_149' title='bbox 381 3512 474 3575; x_wconf 91' lang='lat' dir='ltr'><strong>tio</strong></span> <span class='ocrx_word' id='word_1_150' title='bbox 505 3526 674 3593; x_wconf 88' lang='lat' dir='ltr'><strong>erat,</strong></span> <span class='ocrx_word' id='word_1_151' title='bbox 721 3526 991 3601; x_wconf 86' lang='lat' dir='ltr'><strong>propter</strong></span> <span class='ocrx_word' id='word_1_152' title='bbox 1020 3528 1152 3575; x_wconf 88' lang='lat' dir='ltr'><strong>tam</strong></span> <span class='ocrx_word' id='word_1_153' title='bbox 1195 3511 1376 3601; x_wconf 86' lang='lat' dir='ltr'><strong>longi</strong></span> <span class='ocrx_word' id='word_1_154' title='bbox 1423 3511 1791 3575; x_wconf 85' lang='lat' dir='ltr'><strong>certaminis</strong></span> <span class='ocrx_word' id='word_1_155' title='bbox 1829 3494 2459 3575; x_wconf 74' lang='lat' dir='ltr'><strong>consummationem</strong></span> <span class='ocrx_word' id='word_1_156' title='bbox 2493 3535 2509 3575; x_wconf 93' lang='lat'><strong>:</strong></span> 
     </span>
     <span class='ocr_line' id='line_1_23' title="bbox 378 3612 2511 3705; baseline -0.001 -23"><span class='ocrx_word' id='word_1_157' title='bbox 378 3615 494 3682; x_wconf 89' lang='lat' dir='ltr'><strong>sed</strong></span> <span class='ocrx_word' id='word_1_158' title='bbox 519 3634 596 3682; x_wconf 92' lang='lat' dir='ltr'><strong>ut</strong></span> <span class='ocrx_word' id='word_1_159' title='bbox 627 3616 919 3681; x_wconf 83' lang='lat' dir='ltr'><strong>divinum</strong></span> <span class='ocrx_word' id='word_1_160' title='bbox 948 3633 1202 3705; x_wconf 89' lang='lat' dir='ltr'><strong>poetam</strong></span> <span class='ocrx_word' id='word_1_161' title='bbox 1239 3615 1434 3697; x_wconf 88' lang='lat' dir='ltr'><strong>nihil,</strong></span> <span class='ocrx_word' id='word_1_162' title='bbox 1470 3612 1651 3703; x_wconf 90' lang='lat' dir='ltr'><strong>quod</strong></span> <span class='ocrx_word' id='word_1_163' title='bbox 1682 3614 2191 3689; x_wconf 81' lang='lat' dir='ltr'><strong>illustrefuerit,</strong></span> <span class='ocrx_word' id='word_1_164' title='bbox 2221 3616 2511 3679; x_wconf 87' lang='lat' dir='ltr'><strong>omisisse</strong></span> 
     </span>
     <span class='ocr_line' id='line_1_24' title="bbox 379 3720 2515 3812; baseline -0.002 -24"><span class='ocrx_word' id='word_1_165' title='bbox 379 3721 716 3812; x_wconf 85' lang='lat' dir='ltr'><strong>adpareat,</strong></span> <span class='ocrx_word' id='word_1_166' title='bbox 743 3738 936 3811; x_wconf 91' lang='lat' dir='ltr'><strong>atque</strong></span> <span class='ocrx_word' id='word_1_167' title='bbox 962 3723 1370 3809; x_wconf 82' lang='lat' dir='ltr'><strong>omnia,quae</strong></span> <span class='ocrx_word' id='word_1_168' title='bbox 1401 3721 1573 3785; x_wconf 87' lang='lat' dir='ltr'><strong>finiri</strong></span> <span class='ocrx_word' id='word_1_169' title='bbox 1605 3720 1929 3809; x_wconf 89' lang='lat' dir='ltr'><strong>oportuit,</strong></span> <span class='ocrx_word' id='word_1_170' title='bbox 1958 3720 2305 3808; x_wconf 85' lang='lat' dir='ltr'><strong>contigisse</strong></span> <span class='ocrx_word' id='word_1_171' title='bbox 2322 3769 2340 3802; x_wconf 88' lang='lat'><strong>,</strong></span> <span class='ocrx_word' id='word_1_172' title='bbox 2366 3720 2515 3785; x_wconf 88' lang='lat' dir='ltr'><strong>bre-</strong></span> 
     </span>
     <span class='ocr_line' id='line_1_25' title="bbox 379 3826 2513 3918; baseline -0.002 -24"><span class='ocrx_word' id='word_1_173' title='bbox 379 3830 562 3905; x_wconf 80' lang='lat' dir='ltr'><strong>viter,</strong></span> <span class='ocrx_word' id='word_1_174' title='bbox 601 3846 668 3894; x_wconf 90' lang='lat' dir='ltr'><strong>et</strong></span> <span class='ocrx_word' id='word_1_175' title='bbox 701 3830 768 3892; x_wconf 91' lang='lat' dir='ltr'><strong>in</strong></span> <span class='ocrx_word' id='word_1_176' title='bbox 803 3830 1097 3918; x_wconf 77' lang='lat' dir='ltr'><strong>epitomae</strong></span> <span class='ocrx_word' id='word_1_177' title='bbox 1130 3830 1410 3917; x_wconf 88' lang='lat' dir='ltr'><strong>speciem</strong></span> <span class='ocrx_word' id='word_1_178' title='bbox 1429 3876 1449 3909; x_wconf 96' lang='lat'><strong>,</strong></span> <span class='ocrx_word' id='word_1_179' title='bbox 1479 3828 1631 3892; x_wconf 90' lang='lat' dir='ltr'><strong>belli</strong></span> <span class='ocrx_word' id='word_1_180' title='bbox 1655 3826 1869 3891; x_wconf 88' lang='lat' dir='ltr'><strong>Troici</strong></span> <span class='ocrx_word' id='word_1_181' title='bbox 1894 3848 2179 3890; x_wconf 90' lang='lat' dir='ltr'><strong>caussam</strong></span> <span class='ocrx_word' id='word_1_182' title='bbox 2210 3826 2474 3915; x_wconf 85' lang='lat' dir='ltr'><strong>originis</strong></span> <span class='ocrx_word' id='word_1_183' title='bbox 2492 3878 2513 3909; x_wconf 89' lang='lat'><strong>,</strong></span> 
     </span>
     <span class='ocr_line' id='line_1_26' title="bbox 381 3928 2512 4025; baseline -0.002 -26"><span class='ocrx_word' id='word_1_184' title='bbox 381 3935 886 4025; x_wconf 87' lang='lat' dir='ltr'><strong>adparatusque,</strong></span> <span class='ocrx_word' id='word_1_185' title='bbox 915 3958 1056 4023; x_wconf 85' lang='lat' dir='ltr'><strong>quae</strong></span> <span class='ocrx_word' id='word_1_186' title='bbox 1089 3934 1276 3998; x_wconf 87' lang='lat' dir='ltr'><strong>annis</strong></span> <span class='ocrx_word' id='word_1_187' title='bbox 1313 3932 1755 4023; x_wconf 86' lang='lat' dir='ltr'><strong>superioribus</strong></span> <span class='ocrx_word' id='word_1_188' title='bbox 1792 3928 2195 4007; x_wconf 85' lang='lat' dir='ltr'><strong>acciderunt,</strong></span> <span class='ocrx_word' id='word_1_189' title='bbox 2233 3932 2512 3995; x_wconf 84' lang='lat' dir='ltr'><strong>retexui-</strong></span> 
     </span>
     <span class='ocr_line' id='line_1_27' title="bbox 383 4034 2513 4127; baseline -0.003 -22"><span class='ocrx_word' id='word_1_190' title='bbox 383 4064 550 4105; x_wconf 89' lang='lat' dir='ltr'><strong>mus.</strong></span> <span class='ocrx_word' id='word_1_191' title='bbox 572 4043 826 4107; x_wconf 86' lang='lat' dir='ltr'><strong>Horum</strong></span> <span class='ocrx_word' id='word_1_192' title='bbox 849 4041 1146 4104; x_wconf 88' lang='lat' dir='ltr'><strong>omnium</strong></span> <span class='ocrx_word' id='word_1_193' title='bbox 1174 4039 1380 4126; x_wconf 86' lang='lat' dir='ltr'><strong>prima</strong></span> <span class='ocrx_word' id='word_1_194' title='bbox 1418 4039 1601 4127; x_wconf 85' lang='lat' dir='ltr'><strong>origo</strong></span> <span class='ocrx_word' id='word_1_195' title='bbox 1626 4054 1723 4101; x_wconf 89' lang='lat' dir='ltr'><strong>est</strong></span> <span class='ocrx_word' id='word_1_196' title='bbox 1739 4035 1981 4101; x_wconf 84' lang='lat' dir='ltr'><strong>Paridis</strong></span> <span class='ocrx_word' id='word_1_197' title='bbox 1998 4034 2317 4115; x_wconf 78' lang='lat' dir='ltr'><strong>judicium</strong></span> <span class='ocrx_word' id='word_1_198' title='bbox 2341 4036 2513 4101; x_wconf 88' lang='lat' dir='ltr'><strong>inter</strong></span> 
     </span>
     <span class='ocr_line' id='line_1_28' title="bbox 387 4142 2605 4234; baseline -0.003 -25"><span class='ocrx_word' id='word_1_199' title='bbox 387 4148 585 4213; x_wconf 88' lang='lat' dir='ltr'><strong>Deas:</strong></span> <span class='ocrx_word' id='word_1_200' title='bbox 615 4145 896 4234; x_wconf 85' lang='lat' dir='ltr'><strong>denique</strong></span> <span class='ocrx_word' id='word_1_201' title='bbox 915 4146 1128 4211; x_wconf 86' lang='lat' dir='ltr'><strong>classis</strong></span> <span class='ocrx_word' id='word_1_202' title='bbox 1151 4147 1509 4225; x_wconf 81' lang='lat' dir='ltr'><strong>contexti03</strong></span> <span class='ocrx_word' id='word_1_203' title='bbox 1538 4166 1663 4230; x_wconf 87' lang='lat' dir='ltr'><strong>qua</strong></span> <span class='ocrx_word' id='word_1_204' title='bbox 1690 4143 1861 4206; x_wconf 88' lang='lat' dir='ltr'><strong>idem</strong></span> <span class='ocrx_word' id='word_1_205' title='bbox 1889 4142 2067 4205; x_wconf 88' lang='lat' dir='ltr'><strong>Paris</strong></span> <span class='ocrx_word' id='word_1_206' title='bbox 2092 4142 2157 4205; x_wconf 88' lang='lat' dir='ltr'><strong>in</strong></span> <span class='ocrx_word' id='word_1_207' title='bbox 2183 4142 2509 4229; x_wconf 85' lang='lat' dir='ltr'><strong>Europam</strong></span> <span class='ocrx_word' id='word_1_208' title='bbox 2584 4166 2605 4203; x_wconf 73' lang='grc' dir='ltr'><strong><em>ο</em></strong></span> 
     </span>
    </p>
   </div>
  </div>
 </body>
</html>
