2975 4684
717 380 1166 447 EPITOME
1228 382 1366 449 ILI
1389 380 1650 447 ADOS
1710 377 2129 445 HOMERI.

2347 370 2487 466 549

459 501 787 593 Tempora
825 501 1252 595 transadigit,
1291 502 1664 595 vaginaque
1696 498 2007 567 horridus
2048 522 2269 567 ensem

463 610 722 703 Eripit:
759 608 866 677 ine
908 612 1042 679 suis
1083 613 1373 685 moriens
1412 611 1765 703 resupinus
1808 611 1876 677 in
1914 608 2122 677 armis
2412 603 2485 681 ³73

466 719 766 805 Occidit,
802 735 872 787 et
906 734 1150 791 terram
1192 720 1637 790 moribundus
1673 720 1917 787 vertice
1954 716 2195 811 pulsat.

460 832 738 923 Jamque
779 831 1264 924 Amarynciden
1299 832 1435 900 saxi
1470 830 1799 923 dejecerat
1835 830 1971 897 ictu

461 938 751 1032 Impiger
784 940 1220 1027 IinbrasideS‚
1258 940 1661 1033 dederatque
1698 938 2040 1007 silentibus
2082 936 2375 1019 umbris3

447 1036 642 1116 'Dum
677 1048 964 1142 cupidus
990 1050 1226 1144 praedae
1251 1053 1563 1144 juvenem
1603 1049 1887 1144 spoliare
1925 1048 2229 1142 parabat,

463 1160 766 1252 Desuper
803 1158 992 1229 hasta
1039 1161 1218 1229 venit
1255 1160 1484 1229 dextra
1528 1161 1786 1228 vibrata
1821 1158 2173 1237 Thoantis,
2410 1180 2491 1217 ³⁸⁶·

461 1270 718 1362 Perque
757 1270 885 1337 viri
923 1272 1231 1365 scapulas
1263 1296 1645 1364 annosaque
1680 1284 1949 1364 pectora
1988 1268 2245 1337 transit.

438 1454 554 1521 374.
577 1460 918 1525 Transadige't,
950 1457 1094 1529 quod
1114 1460 1180 1511 H.
1204 1471 1254 1511 et
1268 1458 1331 1512 G.
1355 1477 1381 1509 2

363 1532 556 1584 habent
578 1574 593 1600 ,
636 1535 806 1605 aptius
867 1536 998 1588 mihi
1043 1538 1210 1590 visum
1266 1550 1346 1589 est
1368 1577 1384 1602 ,

364 1631 524 1683 quam
552 1614 826 1685 vulgatum
855 1620 1128 1689 transfixit.
1160 1618 1228 1670 G.
1261 1636 1290 1669 2
1315 1616 1385 1669 si·

365 1692 478 1743 mul
500 1690 718 1765 adponit
744 1699 999 1764 &ansegia
1015 1700 1282 1765 —Vagina
1306 1717 1388 1747 en-

366 1793 464 1824 sem
493 1776 634 1841 eripe't
656 1786 733 1826 est
759 1773 918 1827 dictio
929 1774 1242 1847 virgiliana,
1267 1778 1383 1827 AEn.

367 1852 466 1917 IV,
491 1854 616 1923 579,
633 1851 726 1909 sed
743 1855 868 1907 huic
888 1855 1218 1926 loco-parum
1243 1867 1386 1925 apta;

367 1951 490 1985 nam
513 1932 657 1983 nulla
677 1933 778 1985 alia
796 1952 976 2006 pugna
1000 1945 1235 2005 paratur.

441 2012 560 2080 376.
588 2015 833 2065 conscidit
859 2033 954 2084 pro
983 2017 1203 2066 Concidit
1225 2012 1386 2065 habet

367 2090 432 2140 G.
450 2090 739 2160 2.Vulgatae
763 2096 968 2144 Occidit.
991 2093 1173 2145 Malim
1201 2092 1286 2145 hic
1313 2094 1384 2145 le-

369 2188 490 2238 gere
516 2188 640 2221 cum
665 2170 921 2223 Dussenio
947 2191 1004 2244 p.
1036 2179 1131 2237 24,
1147 2174 1387 2223 moribun-

370 2252 434 2301 do
470 2252 684 2309 vertice,
715 2250 842 2320 quia
880 2250 1134 2304 Ovidium
1175 2270 1384 2321 expres-

371 2328 496 2379 sisse
516 2326 742 2391 videtur,
769 2329 862 2401 qui
891 2329 1016 2381 Met.
1051 2331 1121 2393 V,
1150 2331 1253 2392 84:
1287 2336 1386 2383 «Et

371 2407 650 2478 resupinus
675 2407 898 2461 humum
925 2410 1244 2463 moribundo
1271 2430 1386 2462 ver-

371 2486 476 2537 tice
501 2486 675 2558 pulsat
693 2508 748 2554 »5
775 2500 826 2541 et
849 2490 1069 2555 ibidem,
1089 2490 1217 2553 XII,
1247 2492 1343 2541 118
1371 2506 1384 2541 τ

373 2590 396 2609 ι
409 2565 532 2629 Quo
545 2566 826 2638 plangente
839 2587 1052 2639 gravem
1071 2568 1388 2623 moribundo

369 2657 562 2698 *eruce
586 2656 778 2699 terram
799 2672 840 2698 n.

447 2723 563 2793 377.
600 2726 662 2777 In
683 2724 908 2796 vulgatis
923 2726 1038 2778 haec
1075 2725 1224 2779 valde
1244 2746 1388 2779 men-

373 2802 498 2855 dosa
543 2816 700 2857 sunt:
725 2810 843 2857 Post
872 2809 978 2858 koee
999 2810 1228 2873 AEgoeum
1271 2809 1392 2857 saxi

373 2886 620 2951 dejecerat
667 2887 765 2935 icen
801 2887 1016 2953 Impiger
1063 2887 1386 2938 Umbrase'des.

373 2960 591 3014 Helmst.
637 2962 784 3033 ponit
821 2966 1000 3031 dejecit
1036 2966 1100 3013 ab
1120 2966 1242 3025 ictu,
1281 2982 1388 3017 non

377 3041 529 3093 male.
543 3040 646 3095 Sed
660 3042 704 3093 si
717 3041 902 3095 seriem
919 3042 1232 3094 narrationis
1247 3040 1386 3112 apud

375 3120 682 3187 Homerum,
695 3121 790 3187 IV,
802 3121 831 3173 5
841 3140 922 3191 17,
934 3123 1275 3188 conserimus,
1289 3122 1390 3175 hoc

375 3200 493 3251 loco
511 3200 900 3271 Amarynciden
909 3200 1120 3255 Diorem
1141 3220 1266 3255 saxo
1279 3220 1392 3271 per-

375 3278 536 3331 cussit
559 3278 712 3331 Pirus
737 3278 1084 3342 Imbrasides,
1115 3291 1166 3331 et
1195 3279 1262 3332 de
1288 3280 1390 3333 hoc

375 3357 521 3427 loqui
555 3358 802 3411 Nostrum
825 3400 840 3425 ,
879 3358 1148 3413 residuum
1195 3378 1390 3413 nomen

381 3441 715 3498 Uenbrasides‚
753 3456 880 3491 vero
925 3456 1138 3508 prorsus
1182 3438 1351 3492 simile
1375 3476 1390 3502 ,

377 3514 626 3569 declarat.
651 3516 916 3581 Quoniam
939 3536 1066 3570 vero
1097 3516 1360 3571 Homerus
1375 3554 1390 3581 ,

379 3595 434 3647 11
449 3634 464 3657 ‚
483 3594 584 3647 615
607 3636 621 3661 ‚
643 3594 710 3647 de
729 3595 918 3661 Diore,
941 3608 998 3647 ut
1019 3608 1070 3647 et
1093 3596 1160 3649 de
1179 3596 1394 3667 Amphi-

379 3674 570 3725 macho
585 3714 602 3741 ,
622 3673 849 3746 Thalpin
869 3688 922 3726 et
941 3674 1209 3747 Polyxene
1232 3674 1356 3728 dicit
1375 3714 1391 3737 ,

377 3751 641 3804 habitasse
673 3770 760 3804 eos
795 3752 942 3805 Elida
977 3753 1204 3806 nobilem
1225 3792 1240 3815 ,
1269 3753 1394 3805 hinc

379 3830 448 3884 cl.
487 3829 809 3885 Bondamius
827 3870 842 3896 ‚
866 3851 918 3903 p.
955 3831 1071 3900 157,
1100 3832 1388 3895 existimat,

383 3910 599 3961 Diorem
635 3910 830 3961 Nostro
873 3909 1123 3980 appellari
1161 3911 1392 3981 potuisse

383 3990 598 4053 Eleum,
631 4001 788 4059 atque
831 3988 958 4041 hinc
1002 3989 1252 4061 corrigit:
1287 3995 1394 4038 Post

383 4068 488 4119 {accc
513 4072 678 4121 Eleum
707 4070 825 4119 saxi
857 4070 1100 4135 dejecerat
1123 4072 1217 4119 ictu
1244 4071 1391 4138 Impi-

1467 1477 1565 1526 ger
1588 1462 1901 1511 Imbrasides.
1930 1458 2061 1511 Mihi
2087 1475 2214 1511 vero
2238 1456 2349 1509 hoec
2373 1455 2491 1506 lon-

1471 1539 1590 1609 gius
1604 1540 1765 1611 petita
1784 1540 1915 1591 ratio
1932 1535 2249 1591 emendandi
2268 1534 2499 1598 videtur,

1473 1618 1739 1691 magisque
1774 1617 1944 1689 placet
1980 1635 2097 1689 qua
2129 1636 2159 1669 a
2196 1614 2488 1667 consultiss.

1473 1697 1676 1770 Dorpio
1699 1735 1714 1761 ,
1751 1698 1879 1751 Obs.
1914 1716 1966 1770 p.
2001 1714 2121 1767 117,
2156 1695 2330 1748 adlata
2378 1712 2490 1745 me-

1473 1774 1589 1829 dela
1627 1791 1730 1843 est,
1754 1776 1971 1850 quando
2010 1794 2078 1829 ex
2112 1776 2237 1846 ipsis
2274 1774 2491 1827 Homeri

1473 1856 1743 1921 versibus,
1774 1857 1873 1922 IV,
1903 1857 2005 1925 517
2046 1866 2099 1907 et
2126 1856 2227 1907 520
2254 1853 2393 1905 hanc
2421 1854 2501 1905 le-

1474 1935 1700 1989 ctionem
1741 1935 2043 1988 constituit:
2081 1940 2293 2001 Jamque
2333 1938 2491 1982 Arna-

1472 2018 1720 2081 rynce’dem
1764 2018 1884 2067 saxi
1925 2015 2172 2082 dejecerat
2212 2015 2311 2063 ictu
2359 2014 2495 2063 Piros

1471 2099 1785 2149 Imbrasides.
1816 2094 1985 2148 Fulcit
2008 2092 2147 2145 hanc
2175 2089 2501 2144 emmdatio-

1471 2194 1593 2227 nem
1630 2174 1750 2227 cod.
1784 2172 1851 2226 G.
1892 2194 1919 2226 2
1939 2213 1955 2238 ‚
1986 2172 2079 2243 qui
2098 2211 2114 2236 ,
2137 2170 2376 2243 quamvis
2403 2170 2493 2222 ab·

1471 2252 1631 2307 surda
1664 2253 1721 2307 in
1746 2252 1993 2318 lectione,
2012 2248 2207 2303 rudera
2230 2266 2365 2301 verae
2388 2267 2494 2303 ser·

1475 2346 1597 2399 vat,
1631 2346 1683 2386 et
1726 2332 1909 2387 scribit
1946 2338 2107 2398 Inque
2144 2348 2281 2380 mare
2304 2334 2493 2397 Egeum

1474 2415 1617 2473 saxi,
1644 2409 1911 2483 quomodo
1948 2421 2002 2463 et
2037 2410 2094 2461 in
2132 2408 2246 2461 aliis
2284 2406 2493 2460 duobus

1475 2491 1604 2545 MSS
1630 2491 1731 2561 legi
1758 2486 2259 2557 adfirmatum-pius.
2284 2486 2495 2538 Praeter-

1475 2588 1539 2624 ea
1554 2571 1823 2641 vulgatum
1838 2569 2055 2637 Impiger
2066 2565 2221 2621 facile
2234 2564 2497 2636 proficisci

1477 2669 1509 2702 e
1528 2650 1759 2721 genuino
1783 2651 1917 2700 Piros
1941 2646 2145 2718 potuit;
2169 2662 2493 2716 quamquam

1476 2747 1585 2783 non
1605 2728 1831 2783 diffiteor
1859 2728 2071 2779 manere
2096 2742 2245 2793 posse
2266 2726 2495 2793 Impiger,

1477 2820 1529 2861 et
1549 2808 1792 2861 sufficere
1810 2844 1825 2870 ,
1850 2804 2003 2857 Piron
2027 2804 2140 2856 solo
2166 2802 2378 2854 nomine
2402 2820 2499 2872 pa·

1474 2887 1774 2960 tronymico
1797 2885 1887 2937 hie
1912 2881 2232 2955 appellatum
2252 2917 2271 2943 ,
2296 2891 2352 2930 ut
2369 2897 2493 2934 cnm

1477 2968 1637 3019 Diore
1662 2968 1859 3019 factum
1888 2975 1984 3016 est.

1566 3047 1683 3115 379.
1723 3042 1961 3116 Vulgatis
1999 3040 2096 3109 leg.
2126 3045 2354 3105 fimoque
2392 3040 2499 3089 avi-

1477 3130 1583 3175 dus.
1603 3124 1672 3176 G.
1692 3144 1718 3176 2
1740 3129 1964 3189 Dumque
1979 3122 2166 3170 avidus.
2183 3118 2247 3168 A.
2271 3122 2494 3184 Dumque

1477 3207 1647 3256 avidus
1682 3205 1869 3270 proedo.
1907 3197 2013 3253 Sed
2058 3198 2289 3249 scribere
2334 3194 2496 3247 malui

1475 3302 1601 3337 cum
1622 3282 1843 3335 Helmst.
1871 3286 1998 3331 Dum
2020 3280 2239 3345 cupidus.

1551 3362 1647 3415 381
1660 3401 1673 3412 .
1691 3366 2000 3426 Atitaeosaque
2018 3372 2235 3424 tempora
2252 3354 2319 3405 ΙΙ.
2344 3352 2494 3405 falso-

1477 3458 1769 3506 annosaque
1789 3450 1993 3506 pectora
2022 3436 2082 3487 Α.
2111 3446 2163 3486 et
2194 3434 2257 3483 L.
2314 3432 2501 3481 animo-

1479 3538 1635 3587 saque
1663 3533 1869 3587 pectora
1904 3516 2028 3567 Tor.
2057 3525 2108 3567 et
2132 3514 2219 3583 Sp.
2261 3513 2499 3577 Scapulas

1481 3597 1823 3661 vocabulum,
1845 3612 1953 3666 quo
1976 3594 2163 3647 Noster
2186 3589 2371 3659 saepius
2394 3586 2497 3639 uti-

1481 3688 1591 3739 tur,
1628 3692 1783 3729 nemo
1822 3672 2157 3725 heroicorum
2195 3678 2500 3739 poetarum,

1481 3766 1741 3825 quantum
1760 3750 1975 3823 opinor,
2010 3745 2283 3817 usurpavit
2304 3762 2318 3807 ;
2338 3755 2465 3814 puto
2484 3782 2499 3807 ,

1482 3833 1607 3903 quia
1630 3831 1845 3901 vulgare
1872 3827 1929 3881 id
1959 3838 2011 3879 et
2046 3822 2305 3896 plebeium
2331 3822 2498 3875 habe-

1479 3924 1646 3973 retur,
1672 3907 1885 3980 quando
1914 3904 2127 3977 quidem
2164 3902 2317 3955 etiam
2352 3900 2499 3972 apud

1481 3990 1723 4041 Comicus
1758 3984 1994 4057 inprimis
2021 3982 2291 4053 reperitur.
2316 3982 2502 4034 Noster

1482 4085 1601 4123 eam
1632 4066 1892 4119 rationem
1919 4074 2007 4115 aut
2036 4061 2260 4133 neglexit
2290 4060 2459 4115 sciens
2483 4099 2501 4125 a
