2975 4684
524 288 668 361 626
1069 284 1500 354 AUSONII
1563 282 2109 351 PERIOCHAE

519 416 806 482 lamonio
825 414 1117 502 praelium
1146 412 1467 501 singulare
1492 411 1873 475 conseritur.
1902 412 1974 473 ln
2010 432 2143 497 quo
2166 412 2429 491 Hector,
2445 410 2667 498 lapide

519 526 687 588 ictus
703 572 721 605 ,
757 523 828 585 in
853 542 1123 584 suorum
1157 542 1224 583 se
1251 517 1479 605 recipit
1514 516 2021 581 multitudinem.
2048 516 2505 580 perseverante
2528 540 2669 579 cer-

524 628 764 693 tamine
808 625 1189 690 caduceator
1236 623 1443 687 ldaeus
1481 622 1849 687 intervenit.
1906 624 2079 685 Tum
2127 622 2403 686 invicem
2448 623 2665 685 missis

524 734 903 800 muneribus
936 754 1150 821 pugna
1185 729 1465 795 sedatur.
1495 730 1738 794 Hector
1768 730 2025 809 Ajacem
2064 728 2308 819 gladie,
2339 729 2495 809 Ajax
2524 730 2663 791 He-

523 858 768 907 ctorem
792 839 1008 903 balteo
1025 851 1437 901 muneratur:
1469 834 1825 899 intercessu
1845 836 2056 899 noctis
2074 834 2393 899 exercitus
2411 836 2666 924 quique

519 948 585 1010 in
621 969 736 1010 sua
768 944 1132 1010 discedunt.
1167 944 1281 1007 Die
1311 943 1539 1024 altero,
1565 941 2055 1005 interfectorum
2088 941 2385 1005 humatio
2416 964 2663 1030 procu-

525 1068 724 1117 ratur.
777 1050 1148 1115 Graecorum
1185 1049 1376 1113 etiam
1413 1048 1657 1114 navalia
1678 1096 1698 1129 ,
1734 1048 1903 1111 fossa
1930 1070 2003 1109 ac
2034 1048 2200 1111 vallo
2228 1046 2621 1111 circumdata
2643 1096 2663 1127 ,

527 1175 936 1221 mumuntur.

953 1350 1478 1422 PERIOCHA
1526 1352 1723 1418 VIII
1785 1349 2221 1417 ILIADOS.

804 1549 1009 1601 Aurora
1027 1551 1104 1618 (1)
1139 1548 1196 1600 in
1219 1547 1417 1599 croceis
1444 1544 1677 1617 fulgebat
1700 1545 1838 1599 lutea
1868 1544 2021 1616 bigis.

613 1712 775 1773 Aeto
797 1708 1090 1770 Deorum
1119 1704 1422 1785 concilio,
1446 1703 1699 1791 Jupiter
1711 1726 1831 1791 pro
1859 1719 2040 1790 parte
2065 1701 2490 1789 pronunciat:
2510 1726 2667 1765 «sua

528 1814 803 1902 quisque
848 1810 1164 1877 exercitus
1209 1824 1386 1873 sorte
1433 1808 1774 1891 decernat3
1810 1808 2027 1871 nullus
2064 1808 2353 1871 Deorum
2391 1807 2545 1871 odio
2592 1810 2665 1871 in

529 1920 758 1985 alteros
779 1918 882 1983 vel
894 1920 1111 1981 favore
1127 1914 1437 2005 procedat
1451 1947 1496 1978 n.
1519 1914 1595 1977 In
1621 1914 1804 1978 Idam
1830 1930 2120 1977 montem
2144 1914 2281 2002 ipse
2300 1912 2663 2002 digressus:

530 2024 707 2090 unde
742 2023 946 2089 Graeci
987 2021 1278 2087 immisso
1313 2038 1562 2085 terrore
1590 2019 1960 2101 conterriti,
2008 2020 2185 2108 turpi
2214 2020 2367 2108 fuga
2399 2017 2482 2081 ad
2515 2042 2667 2083 mu·

529 2133 818 2195 nimenta
847 2128 1197 2216 compulsi,
1226 2128 1396 2191 fossa
1411 2142 1478 2189 et
1494 2126 1835 2215 aggeribus
1854 2148 1993 2189 sese
2018 2142 2305 2191 tuentur.
2333 2127 2364 2189 J
2370 2147 2667 2189 unonem

526 2261 600 2301 ac
643 2235 1000 2300 Minervam
1046 2232 1284 2297 Graecis
1323 2231 1615 2298 auxiliari
1661 2230 1989 2313 volentes,
2028 2232 2293 2296 monitis
2333 2231 2505 2295 Iovis
2540 2233 2665 2295 Iris

531 2357 850 2422 exterret3
883 2340 1338 2429 diremptoque
1371 2338 1458 2401 ob
1499 2352 1761 2401 noctem
1787 2338 2169 2419 certamine,
2198 2338 2472 2402 victores
2498 2340 2671 2401 Tro-

523 2448 657 2527 jani
681 2447 748 2510 in
781 2447 924 2534 ipso
946 2441 1146 2533 praelii
1181 2445 1328 2507 loco
1365 2444 1665 2508 excubias
1702 2443 2060 2509 obsidionis
2090 2444 2478 2525 instituunt,
2504 2444 2670 2507 mul-

530 2554 742 2639 tisque
765 2550 1026 2639 ignibus
1057 2548 1239 2613 factis
1265 2571 1384 2636 per
1416 2564 1619 2612 totam
1655 2566 1916 2613 noctem
1941 2549 2022 2612 de
2045 2548 2194 2613 belli
2222 2549 2470 2613 ratione
2501 2572 2667 2613 con·—

525 2658 787 2721 sultant.
1005 2648 1020 2671 ⁴
1441 2642 1445 2652 ¹

989 2871 1523 2939 PERIOCHA
1582 2872 1689 2939 IX
1748 2871 2190 2940 ILIADOS.

809 3066 1020 3119 Interea
1043 3065 1262 3136 vigilum
1293 3065 1533 3119 excubiis
1559 3066 1871 3119 cohibentur
1889 3066 2095 3119 Achivi.

622 3228 856 3291 Graecis
883 3244 948 3292 et
968 3228 1284 3314 praeterita
1307 3226 1721 3293 dimicatione
1746 3230 2057 3316 perculsis
2076 3277 2093 3311 ,
2112 3246 2176 3293 et
2198 3230 2479 3295 instante
2504 3254 2667 3296 con·

534 3333 799 3412 territiS,
827 3354 1122 3420 proceres
1155 3332 1236 3396 ab
1271 3335 1761 3421 Agamemnone
1788 3352 2244 3400 convocantur.
2270 3338 2529 3420 Quibus
2549 3362 2667 3403 rex

535 3442 702 3528 fugae
729 3437 990 3503 consilia
1007 3486 1024 3518 ,
1052 3454 1120 3501 et
1141 3438 1524 3527 adparatum
1560 3438 1935 3505 ordinandae
1966 3464 2081 3528 per
2113 3459 2370 3506 noctem
2400 3444 2667 3533 naviga-

533 3547 728 3611 tionis
765 3544 1022 3625 indicit,
1055 3544 1371 3609 Diomede
1395 3562 1460 3609 et
1486 3546 1759 3610 Nestore
1784 3546 2317 3633 dehortantibus3
2348 3550 2667 3615 suadente

531 3670 748 3719 autem
767 3653 1044 3716 Nestore
1063 3652 1237 3734 Ajax‚
1261 3652 1497 3739 Ulyxes
1517 3670 1583 3717 et
1598 3652 1871 3717 Phoenix
1893 3654 2189 3743 legantur
2212 3654 2296 3719 ad
2320 3656 2664 3739 Achillem,

604 3884 683 3951 (x)
717 3886 916 3931 Aurora
953 3880 1004 3927 in
1039 3879 1235 3929 cmc-eis.
1263 3876 1462 3929 Versus
1501 3889 1579 3929 est
1604 3878 1883 3931 vicesimus
1906 3891 2078 3931 sextus
2104 3878 2225 3931 libri
2256 3878 2461 3950 septimi
2488 3882 2669 3933 AEnei-

540 3970 638 4022 dos
662 3966 879 4037 Virgilii
897 4003 913 4030 ‚
941 3962 1041 4017 nisi
1067 3963 1212 4035 quod
1238 3964 1350 4017 illic
1379 3976 1454 4016 est
1481 3970 1632 4017 roseis
1664 3966 1751 4020 hic
1780 3970 1976 4019 croceis.
2006 3966 2191 4020 Voluit
2218 3968 2481 4021 Ausonius
2506 3970 2669 4022 inter—

535 4058 729 4129 pretari
755 4057 1002 4109 Gracum
1031 4058 1375 4127 κροκόπιπλος.
1415 4056 1632 4107 Vinctus.
2400 4036 2407 4045 ’
