2975 4684
474 307 612 390 248

1075 361 1089 369 .
1195 306 1532 374 SALEII
1594 305 1872 377 BASSI

565 423 917 498 Natalesve
958 441 1227 496 movent
1259 454 1274 495 :
1313 427 1611 521 probitas
1651 442 1990 521 spectatur
2029 428 2099 495 in
2137 425 2288 496 iuis.

566 536 774 606 Nulla
814 538 1253 631 superborum
1282 533 1634 632 patiuntur
1669 536 1846 606 dicta
1881 538 2227 630 jocorum3

566 645 833 720 Nullius
868 648 1125 718 subitos
1160 647 1378 718 adfert
1408 649 1654 742 injuria
1690 649 1880 718 risus,

568 761 763 828 Unus
801 759 1107 827 amicitiae
1138 782 1431 828 summos
1473 775 1667 828 tenor
1705 760 1917 828 ambit
1945 773 2010 828 et
2047 759 2253 844 imos3
2527 774 2594 816 10⁵

571 873 749 940 Rara
794 868 1031 939 domus
1068 884 1336 939 tenuem
1376 895 1516 942 non
1547 885 1942 963 aspernatur
1972 870 2260 938 amicum
2279 921 2297 952 ‚

570 983 880 1074 Raraque
916 1004 1053 1049 non
1090 978 1411 1048 humilem
1447 979 1661 1058 calcat
1697 980 1940 1049 fastosa
1970 977 2295 1054 clientem.

570 1090 717 1160 Illic
753 1103 933 1160 casta
968 1087 1123 1160 licet
1159 1115 1381 1178 mem,
1416 1107 1482 1160 et
1525 1092 1665 1160 sine
1695 1092 1972 1161 crimine
2007 1104 2266 1160 constet

573 1201 770 1284 Vita,
810 1215 1032 1268 tamen
1079 1200 1375 1293 probitas
1415 1226 1570 1271 cum
1615 1216 2005 1297 paupertate
2037 1199 2306 1294 jacebit.

577 1310 708 1381 Sed
746 1309 937 1380 lateri
971 1308 1193 1380 nullus
1228 1311 1540 1385 comitem
1568 1311 1981 1384 circumdare
2012 1309 2284 1404 quaerit,

478 1533 657 1580 lennem
680 1525 863 1580 laudat
884 1527 1039 1580 etiam
1058 1527 1375 1582 Meibomim
1394 1567 1411 1594 ,
1442 1531 1499 1582 in

480 1607 789 1667 Maecenate,
822 1624 875 1677 p.
904 1605 1025 1659 103.
1048 1607 1249 1659 Lacon.

560 1687 677 1740 103.
692 1690 946 1738 Ραείιυιτω·
959 1689 1341 1754 dictajocorum.
1354 1692 1502 1739 Diem

470 1769 569 1841 ¹hie
586 1765 729 1838 apud
743 1767 985 1818 Plautum
996 1766 1055 1818 in
1065 1767 1298 1836 Captivis
1310 1787 1324 1819 ι
1344 1791 1369 1812 κ
1381 1767 1502 1819 Dixi

484 1865 649 1900 unum
677 1845 746 1899 de
768 1845 921 1900 dictio
946 1844 1253 1899 melioribus
1284 1869 1329 1899 ιι.
1356 1847 1501 1899 Mar-

480 1927 617 1980 tialia
636 1963 651 1990 ,
683 1925 777 1978 lib.
804 1925 833 1976 1
852 1963 867 1988 ,
918 1924 1082 1997 epigr.
1112 1924 1141 1976 5
1168 1943 1182 1976 :
1219 1951 1245 1971 a
1265 1927 1502 1979 Consue-

482 2025 603 2060 vere
610 2008 759 2077 jocos
770 2005 931 2058 vestri
944 2023 1159 2077 quoque
1171 2004 1311 2058 serre
1322 2007 1504 2058 trium-

482 2085 601 2158 phi,
621 2084 901 2138 Materiam
919 2083 1073 2137 dictis
1094 2103 1193 2137 nec
1211 2084 1375 2155 pudet
1392 2102 1504 2138 esse

484 2165 675 2218 ducem
698 2189 742 2218 ιι.
776 2165 951 2216 Varro
998 2166 1200 2215 dicteria
1251 2163 1456 2216 vocavit
1484 2180 1501 2215 t

489 2269 511 2290 ι
534 2245 602 2295 Et
630 2242 978 2314 orthopallica
1015 2243 1190 2296 attulit
1217 2243 1465 2314 psalteria
1486 2281 1503 2306 ,

484 2322 697 2389 Quibus
717 2333 907 2376 nonant
926 2322 985 2373 in
1000 2319 1203 2374 Gracia
1224 2321 1442 2375 dicteria
1461 2349 1503 2374 ιο.

487 2404 797 2455 Lunx-nnn.
1272 2411 1286 2426 ·

564 2487 679 2544 104.
701 2482 883 2548 Adfert
901 2483 1104 2548 injuria.
1126 2479 1333 2534 Laudat
1358 2483 1511 2549 infert

487 2559 808 2612 Meibomius
822 2596 837 2621 ‚
865 2559 923 2610 in
944 2559 1159 2611 Macen.
1182 2577 1235 2629 p.
1262 2557 1381 2612 103.
1402 2561 1508 2612 En.

488 2669 560 2680 --
576 2643 764 2691 Subitos
786 2639 956 2709 affin
986 2640 1171 2707 injun‘a
1196 2642 1344 2693 n'ms.
1368 2641 1511 2693 Con-

484 2717 704 2772 fer-enda
724 2736 850 2771 cum
866 2717 949 2772 hia
968 2717 1137 2771 Satira
1153 2719 1203 2769 V
1220 2719 1510 2783 Juvenalis,

485 2799 543 2850 in
568 2816 671 2869 qua
697 2798 867 2850 varias
888 2797 1102 2870 exponit
1124 2797 1362 2872 injurias,
1378 2816 1512 2870 quas

488 2877 665 2930 subire
702 2889 962 2949 cogantur
1000 2877 1213 2948 parasiti
1256 2897 1514 2950 pauperes

490 2958 548 3009 in
571 2958 731 3009 coenis
748 2955 976 3010 divitum
998 2969 1051 3010 et
1072 2974 1256 3028 regum
1277 2975 1511 3011 suorum.

569 3038 687 3089 105.
708 3041 927 3088 Summos
948 3053 1091 3090 tenor
1108 3039 1285 3098 ambit,
1326 3036 1382 3090 id
1404 3048 1483 3090 est
1494 3073 1512 3100 ,

490 3115 853 3186 amplectitur,
886 3115 1108 3168 amicale
1139 3117 1381 3169 verbum.
1408 3117 1514 3168 Lu·

488 3211 680 3257 canus,
708 3194 875 3257 VIII,
902 3199 1002 3265 67:
1043 3221 1067 3241 ι
1084 3213 1244 3266 quam
1279 3195 1516 3264 (Corne-

490 3273 615 3326 liam
636 3278 657 3344 )
683 3284 899 3344 pectore
936 3274 1161 3346 Magnus
1198 3275 1378 3328 Ambit
1399 3313 1415 3338 ,
1462 3287 1515 3329 et

489 3351 767 3404 adstrictos
800 3352 1003 3405 refovet
1036 3355 1395 3425 complexibus
1429 3374 1516 3408 ar-

491 3446 577 3483 tus
596 3456 640 3484 n.
665 3433 730 3483 In
749 3430 854 3484 hoc
880 3449 1091 3504 quoque
1112 3433 1399 3506 Calpurnia
1418 3433 1518 3487 do-

492 3527 611 3562 mus
662 3509 847 3564 similis
901 3511 1199 3564 Maecenatis
1222 3552 1237 3576 ,
1282 3532 1516 3586 quocum

492 3589 633 3642 infra
680 3607 837 3642 suurn
883 3601 1166 3661 patronum
1222 3605 1513 3665 comparat.

492 3669 736 3722 conferri
765 3680 934 3740 potent
954 3668 1139 3722 Horat.
1171 3672 1339 3726 Serm.
1360 3674 1418 3737 1,
1446 3691 1479 3742 9
1499 3711 1516 3738 ,

494 3756 595 3816 49:
647 3775 669 3797 ι
697 3747 888 3803 domus
919 3749 1020 3802 hac
1055 3768 1154 3804 nec
1190 3752 1373 3822 purior
1408 3753 1518 3804 ulla

494 3840 571 3882 est
585 3864 601 3890 ‚
622 3828 733 3881 Nec
753 3829 922 3899 magis
940 3828 1023 3881 his
1041 3828 1211 3882 aliena
1229 3831 1383 3883 malis
1404 3847 1418 3881 ε
1441 3830 1518 3883 nil

494 3909 566 3960 mi
594 3907 762 3962 officit
782 3927 1019 3981 unquam
1044 3949 1060 3975 ,
1087 3910 1260 3962 Ditior
1285 3909 1375 3962 hic
1393 3945 1409 3971 ,
1429 3921 1524 3962 aut

490 3998 570 4040 eat
594 3987 713 4058 quia
743 3987 973 4042 doctior:
1002 4001 1079 4042 eet
1102 3991 1251 4043 locus
1278 3989 1372 4042 uni
1398 3989 1520 4042 Cui·

493 4083 599 4137 que
630 4083 754 4121 suus
784 4067 1054 4120 munem.

1665 1535 1778 1582 106.
1801 1535 1938 1581 Rara
1959 1534 2148 1582 domus.
2173 1529 2294 1583 Non
2313 1529 2612 1599 stoquenta·

1589 1621 1644 1660 ²⁸
1663 1647 1678 1672 ο
1707 1607 1908 1662 defien&
1929 1648 1944 1673 ,
1973 1607 2455 1682 dueaepo'ctroc.vel:
2475 1610 2610 1659 Rara

1589 1699 1668 1740 est
1685 1687 1874 1741 domun
1887 1729 1902 1754 ,
1941 1707 2058 1760 qum
2081 1707 2190 1741 non
2217 1699 2531 1761 aspernetur
2549 1705 2611 1740 ac

1591 1765 1820 1820 fastidiat
1836 1768 2063 1822 amicum
2077 1780 2315 1822 tenuem:
2337 1779 2398 1820 ut
2410 1767 2478 1820 sit
2487 1785 2614 1836 gno-

1589 1863 1677 1897 me
1699 1846 2002 1900 antithetica
2020 1849 2077 1899 in
2096 1845 2364 1900 fastidium
2383 1846 2611 1916 opulen-

1589 1924 1809 1991 tiorum,
1829 1943 1938 1997 quo
1957 1938 2308 1998 aspernantur
2328 1925 2615 1992 tenuiores,

1589 2006 1930 2076 quantumvis
1945 2006 2212 2060 honestos.
2222 2005 2426 2058 Bnnsn.
2437 2003 2618 2058 Poste-

1557 2131 1560 2136 .
1589 2083 1698 2135 rior
1717 2083 2076 2156 interpretatio
2093 2103 2217 2137 vera
2239 2095 2332 2136 est.

1668 2181 1782 2234 107.
1802 2165 2040 2215 Humilem
2061 2169 2250 2226 calcat,
2279 2161 2622 2233 contemptis·

1591 2243 1722 2294 sime
1765 2253 1956 2294 tractat
1977 2279 1993 2305 ‚
2052 2240 2506 2314 quemadmodum
2545 2240 2621 2295 de

1593 2321 1816 2376 amicitia
1836 2320 2159 2376 ovid-Trist.
2178 2323 2227 2385 Ι,
2241 2341 2294 2391 7,
2315 2323 2376 2375 ¹5
2397 2339 2412 2374 τ
2435 2347 2460 2367 σι
2473 2320 2626 2375 Illud

1593 2401 1838 2455 amicitia
1863 2413 2102 2454 sanctum
2127 2419 2189 2454 ac
2209 2400 2506 2454 venerabile
2521 2418 2622 2452 no-

1594 2499 1717 2534 men
1736 2481 1811 2534 Re
1831 2479 1926 2533 tibi
1943 2499 2044 2554 pro
2057 2479 2148 2533 vili
2169 2479 2268 2533 sub
2287 2477 2626 2552 pedibmque

1593 2565 1733 2634 jacet
1753 2585 1797 2614 ι.
1813 2591 1884 2601 -
1900 2565 2108 2612 Fastosa
2133 2577 2230 2611 vox
2260 2573 2521 2630 argentee
2543 2557 2626 2610 la-

1597 2639 2078 2693 tinitatis.Ma1-tial.
2103 2638 2184 2706 X,
2215 2639 2314 2692 13:
2359 2663 2382 2684 ιι
2412 2638 2625 2691 fastoaae

1597 2719 1783 2772 limina
1805 2719 2022 2771 moechaa
2047 2743 2088 2770 -.

1675 2799 1790 2850 108.
1812 2799 1922 2849 Illic
1949 2811 2092 2848 casta
2112 2802 2242 2850 licet.
2267 2797 2366 2850 vir
2388 2796 2578 2850 doctus
2603 2818 2619 2852 τ

1600 2880 1686 2930 11Ιί
1707 2891 1852 2928 casta
1874 2881 1986 2929 lieet
2004 2897 2168 2938 mens,
2199 2895 2308 2930 11011
2335 2879 2493 2930 male.
2519 2877 2582 2930 C.

1681 2975 1792 3026 109.
1813 2959 2029 3008 Probitas
2049 2976 2158 3008 cum
2173 2959 2626 3026 paupertatejaee·

1601 3039 1687 3098 bie,
1708 3037 1746 3088 i.
1774 3054 1819 3088 e.
1837 3047 2141 3107 contempta
2163 3037 2264 3089 erit
2283 3047 2333 3088 et
2351 3055 2627 3108 oppressa.

1601 3117 1798 3168 Contra
1819 3111 2006 3168 Claud.
2021 3116 2089 3167 de
2103 3115 2393 3168 Stilichone
2405 3153 2422 3176 .
2441 3115 2533 3169 lib.
2549 3117 2628 3182 11,

1608 3197 1704 3248 128
1727 3212 1742 3246 τ
1781 3221 1807 3240 α
1839 3194 2136 3267 opibusque
2159 3195 2326 3248 fluens
2349 3207 2401 3248 et
2421 3214 2628 3268 pauper

1601 3271 1790 3328 eodem
1815 3274 2018 3328 Nititur
2045 3274 2112 3328 ad
2149 3274 2379 3328 fructum
2411 3275 2586 3328 studio
2603 3313 2623 3339 ‚

1601 3371 1766 3426 quum
1811 3365 1992 3406 cernat
2039 3366 2287 3426 uterque,
2327 3354 2488 3420 Quod
2523 3373 2628 3408 nec

1602 3434 1753 3504 inops
1775 3432 1949 3504 jaceat
1981 3432 2217 3505 probitas
2235 3472 2252 3500 ,
2297 3451 2396 3486 nec
2431 3434 2626 3486 inertia

1605 3523 1788 3583 surgat
1808 3512 2012 3564 Divitiis
2031 3538 2077 3566 ι.

1679 3611 1701 3645 1
1716 3608 1796 3644 10.
1837 3596 1937 3643 Sed
1961 3596 2118 3646 lateri.
2157 3593 2318 3646 Laur.
2345 3593 2626 3646 Santeniua

1605 3672 1670 3724 V.
1687 3672 1746 3726 C.
1764 3670 1820 3723 in
1835 3671 1997 3724 literis
2017 3671 2086 3725 ad
2105 3691 2192 3724 me
2213 3671 2354 3726 datia
2369 3669 2628 3726 suadebat

1603 3757 1668 3803 Ee
1683 3754 1918 3804 lateri.--
1929 3756 2029 3804 Sed
2041 3755 2187 3804 lateri
2201 3756 2366 3804 nullus
2383 3755 2626 3805 comitem.

1605 3832 1792 3882 Later-is
1813 3829 2073 3884 vocabulo
2105 3849 2240 3902 saepe
2273 3842 2498 3883 utuntur
2529 3831 2632 3884 La·

1611 3909 1706 3960 tini
1749 3908 1816 3962 ad
1863 3909 2244 3982 designandam
2298 3909 2586 3964 amicitiam
2611 3951 2628 3978 ,

1609 4006 1768 4041 mum
1787 4029 1806 4056 ,
1847 3989 2272 4044 familiaritatem.
2323 3988 2516 4043 Claud.
2571 3990 2632 4043 in

1608 4069 1762 4122 Pras.
1804 4069 1873 4123 ad
1914 4071 2082 4128 Laud.
2118 4071 2314 4132 Stilich.
2355 4069 2470 4138 111,
2517 4087 2576 4122 11
2607 4088 2625 4122 :
