2975 4684
770 423 1218 498 RATIONE
1276 429 1399 497 ET
1459 430 1989 497 SUBSIDIIS.
2304 423 2429 496 501

327 557 666 622 rini‘Basil.
703 554 856 634 1541
883 605 900 638 ,
955 580 1148 644 quam
1191 581 1310 646 pro
1349 559 1482 624 basi
1518 558 1902 622 recensionis
1940 580 2097 620 meae
2138 557 2343 644 posui.
2388 559 2441 620 E

329 661 795 726 recentioribus
844 663 1078 728 criticis
1097 712 1116 745 ,
1177 664 1294 750 qui
1338 685 1568 751 poema
1626 661 2179 726 Pseudo-Pindari
2227 685 2445 726 recen-

327 785 602 832 suerunt
642 767 907 858 partim,
951 771 1182 859 partim
1223 771 1661 852 illustrarunt,
1700 787 1765 833 et
1807 791 2088 856 quorum
2128 769 2307 832 libris
2348 770 2443 832 uti

325 873 546 958 potui,
597 874 842 962 primus
893 891 990 938 est
1033 877 1217 962 Casp.
1268 875 1599 954 Barthius,
1642 875 1753 961 qui
1801 875 2145 961 Epitomen
2182 874 2444 937 Homeri

328 993 530 1040 totam
591 979 910 1043 recensuit
979 980 1044 1042 in
1099 979 1488 1044 Adversariis
1511 1030 1527 1061 ,
1580 981 1690 1043 lib.
1732 980 1970 1060 LVIII,
2028 1002 2162 1067 cap.
2216 982 2293 1056 14
2314 1027 2333 1060 ,
2383 993 2447 1042 61

329 1079 439 1144 lib.
471 1083 652 1163 LIX,
697 1107 832 1171 cap.
868 1107 893 1146 1
933 1100 998 1148 et
1031 1082 1139 1166 153
1176 1100 1314 1148 tum
1349 1086 1483 1149 aliis
1526 1085 1591 1147 in
1636 1085 1791 1148 locis
1832 1085 2140 1146 nonnulla
2180 1082 2262 1146 ad
2307 1107 2445 1146 63111

331 1187 608 1268 notavit,
642 1187 960 1277 praecipue
986 1189 1051 1252 in
1089 1205 1507 1253 commentar.
1540 1189 1621 1252 ad
1653 1191 1807 1253 Stat.
1838 1204 1881 1252 t.
1910 1189 2039 1268 III,
2080 1211 2141 1274 p.
2170 1187 2293 1272 393
2310 1211 2445 1274 seq.

329 1287 488 1352 Post
507 1288 840 1352 Barthium
864 1312 1057 1354 nemo
1089 1291 1220 1354 fere
1247 1291 1444 1378 longo
1474 1290 1776 1377 temporis
1804 1288 2137 1351 intervallo
2173 1286 2409 1352 exstitit
2429 1335 2445 1362 ‚
2474 1319 2479 1324 ·

331 1393 444 1480 qui
477 1415 627 1456 eum
660 1395 1036 1482 scriptorem
1071 1395 1442 1483 attingeret3
1490 1394 1604 1458 sed
1654 1410 1870 1457 nostra
1916 1409 2096 1458 aetate
2131 1393 2347 1480 plures
2378 1392 2446 1454 in

329 1497 578 1560 Batavis
615 1497 852 1561 eruditi
887 1497 1008 1560 viri
1049 1500 1216 1561 hanc
1249 1522 1507 1586 operam
1544 1500 1819 1588 aggressi
1863 1513 2035 1562 sunt.
2085 1499 2159 1562 In
2198 1497 2299 1560 his
2334 1521 2449 1559 no-

331 1600 678 1664 minandus
713 1617 809 1664 est
843 1601 1070 1666 Petrus
1101 1601 1420 1683 Bondam,
1464 1619 1828 1666 antecessor
1859 1601 2054 1666 hodie
2103 1603 2168 1664 in
2201 1599 2448 1666 Acade-

331 1704 460 1769 mia
482 1705 893 1785 Ultrajectina
919 1707 1118 1772 celeb.
1145 1708 1344 1794 quiin
1371 1709 1585 1771 Variis
1603 1707 2012 1788 Lectionibus,
2044 1706 2450 1794 Zutphaniae,

330 1833 436 1874 an.
467 1810 632 1898 1759
668 1811 892 1893 editis,
939 1813 1107 1876 libro
1139 1813 1240 1894 11,
1277 1836 1413 1901 cap.
1457 1817 1532 1894 4,
1569 1836 1633 1901 p.
1680 1813 1800 1877 138
1838 1835 2013 1901 seqq.
2053 1813 2182 1876 hoc
2221 1835 2451 1900 poema

331 1917 688 1998 recensuit3
731 1933 796 1980 et
833 1917 1152 2006 praecipue
1197 1919 1456 1982 nomina
1492 1918 1734 1983 ducum
1772 1935 1836 1982 et
1868 1919 2141 1982 heroum
2180 1915 2262 1982 ad
2292 1917 2451 1982 Tro-

325 2022 459 2101 jam
485 2022 926 2109 pugnantium
949 2047 1026 2086 ex
1053 2025 1342 2088 Homero
1369 2024 1760 2104 emendavit,
1800 2022 2091 2110 quaedam
2136 2022 2327 2086 etiam
2372 2020 2454 2084 de

332 2128 614 2191 auctoris
647 2130 907 2193 nomine
943 2145 1007 2194 et
1037 2145 1216 2194 aetate
1247 2131 1545 2218 proefatus
1572 2146 1683 2194 est.
1717 2129 1897 2195 Idem
1923 2146 2072 2193 31116
2099 2129 2165 2190 111
2186 2125 2453 2214 'Spa-im.

329 2232 763 2296 Am‘madvers.
789 2257 923 2321 cap.
955 2233 1028 2296 13
1059 2236 1386 2298 nonnullis
1423 2234 1557 2315 ejus
1596 2236 1749 2299 locis
1784 2250 2221 2314 succurreret,
2259 2254 2452 2319 quem

333 2353 546 2404 tamen
584 2337 869 2402 libellum
909 2340 1067 2402 mihi
1095 2339 1308 2404 videre
1335 2363 1463 2404 non
1496 2341 1695 2405 licuit.
1730 2340 2046 2404 Adrianus
2075 2361 2210 2401 van
2244 2339 2451 2424 Dorp,

332 2441 366 2503 J
373 2442 532 2505 Ctus
549 2491 566 2523 ,
632 2443 1097 2510 Observationes
1150 2446 1250 2508 ad
1290 2447 1586 2533 quaedam
1618 2447 1791 2534 suris
1831 2445 2027 2508 οἰνίἱίε
2070 2444 2458 2529 aliorumque

333 2562 663 2610 auctorum
693 2547 832 2612 loca
866 2549 1068 2614 edidit
1104 2552 1270 2630 Traj.
1308 2550 1388 2616 ad
1423 2553 1631 2614 Rhen.
1676 2552 1873 2637 1769,
1913 2550 2091 2630 111-8,
2140 2549 2249 2612 ubi
2288 2549 2455 2612 inte-

331 2674 522 2738 grum
569 2675 705 2740 cap.
753 2657 832 2730 14
872 2655 1438 2720 Pseudo-Pindaro
1489 2657 1909 2720 emaculando
1961 2655 2229 2734 dicavit,
2276 2670 2339 2718 et
2386 2675 2455 2716 se

333 2755 676 2822 collatione
725 2759 922 2847 Mspti
971 2759 1209 2826 codicis
1271 2761 1677 2826 bibliothecae
1718 2760 1922 2850 Lugd.
1975 2763 2217 2826 Batavae
2261 2781 2456 2825 usum

335 2883 474 2926 esse
499 2863 614 2944 ait,
654 2863 736 2928 ad
766 2865 1096 2954 'aliumque
1133 2868 1420 2931 codicem
1459 2885 1801 2956 provocat,
1845 2868 1956 2954 qui
1985 2865 2160 2953 apud
2191 2865 2456 2931 Petrum

336 2967 780 3032 Burmannum
817 2971 1178 3034 secundum
1217 2989 1366 3036 erat.
1413 2971 1595 3035 Idem
1638 2972 1867 3059 saepius
1905 2969 2123 3034 laudat
2156 2967 2460 3032 emenda·

338 3071 546 3135 tiones
581 3097 616 3136 a
655 3075 753 3137 Jo.
779 3075 1136 3138 Schradero
1162 3099 1376 3140 secum
1407 3099 1525 3164 pei·
1562 3077 1892 3163 epistolam
1928 3073 2453 3138 communicatas.

340 3177 528 3242 Plura
557 3179 742 3244 etiam
773 3183 1068 3269 promisit
1099 3183 1373 3245 Joannes
1397 3205 1531 3244 van
1550 3181 1665 3244 der
1688 3183 1941 3259 Dussen,
1969 3183 1997 3244 J
2008 3231 2021 3244 .
2055 3181 2134 3245 U.
2156 3181 2231 3244 D.
2250 3179 2452 3243 schol.

338 3283 716 3370 Campensis
759 3301 1132 3369 conrector,
1181 3287 1292 3372 qui
1329 3287 1743 3350 Prodromum
1778 3309 1957 3350 novae
1989 3283 2265 3349 Pindari
2290 3285 2457 3348 The-

337 3388 494 3450 bani
530 3391 842 3472 editionis,
898 3395 1020 3456 sive
1069 3395 1368 3480 specimen
1423 3393 2046 3456 Aninzadversionum
2099 3392 2458 3456 crz'cicarum

339 3492 542 3556 edidit
573 3497 828 3586 Campis
856 3481 1052 3585 1769,
1075 3499 1229 3564 iri-8.
1254 3499 1462 3563 Totus
1496 3499 1747 3564 libellus
1782 3515 2035 3564 constat
2062 3495 2459 3561 animadver-

338 3597 628 3664 sionibus
650 3603 716 3665 in
741 3621 1071 3668 auctorem
1099 3605 1450 3692 Epitomes,
1474 3605 1657 3685 cujus
1682 3606 1867 3668 multi
1894 3628 2116 3668 versus
2142 3628 2177 3666 a
2208 3601 2459 3665 mendis

334 3702 710 3772 liberantur.
742 3709 915 3774 citat
955 3709 1126 3774 idem
1163 3711 1241 3774 cl.
1278 3709 1613 3775 Schrader-i
1642 3712 2141 3788 Observationes,
2180 3730 2455 3795 quarum

337 3806 506 3872 libro
528 3813 594 3891 1,
640 3837 776 3901 cap.
800 3813 837 3878 3
858 3861 876 3895 ,
921 3815 1232 3880 nonnulla
1257 3816 1392 3894 ejus
1417 3816 1557 3880 loca
1598 3839 1859 3880 excussa
1887 3832 2061 3880 sunt.
2104 3813 2233 3878 Sed
2262 3813 2457 3891 hujus

338 3913 482 3976 libri
512 3917 761 4003 copiam
789 3941 920 3981 non
956 3920 1176 3984 habui.
1217 3921 1603 4002 Bussenius,
1636 3944 1753 3985 seu
1782 3922 1997 4009 potius
2036 3919 2325 4008 Higtius,
2361 3917 2459 3980 vir

339 4040 541 4104 graece
587 4021 909 4110 latineque
957 4023 1402 4105 doctissimuS,
1449 4027 1799 4111 quominus
1857 4026 2179 4112 integrum
2226 4045 2459 4110 poema

339 4127 726 4192 recensitum
769 4129 1016 4210 ederet,
1059 4130 1236 4216 quod
1281 4133 1697 4218 promiserat,
1744 4135 1873 4194 fato
1919 4131 2265 4195 immaturo
2301 4151 2461 4215 prae-
