2975 4684
526 324 664 415 ⁵84

1377 334 1793 402 INCERTI

639 470 644 475 ·
717 452 822 520 Fit
863 477 1089 547 pugna
1123 467 1276 521 ante
1314 467 1488 522 rates
1519 479 1535 520 ε
1570 453 1755 522 saevit
1786 455 2156 523 Mavortius
2190 460 2461 541 Hector,
2570 480 2657 516 σου

618 564 710 629 Et
742 562 956 656 poscit
995 562 1328 649 flammam,
1358 577 1697 657 totamque
1734 550 2081 633 incendere
2114 564 2391 637 classem

615 670 916 765 Adparat
945 696 962 739 ε
998 671 1154 743 huic
1184 672 1414 742 validis
1450 672 1713 743 obsistit
1756 675 2007 745 viribus
2040 678 2211 769 Ajax

615 784 812 851 Stans
847 783 1059 875 prima
1101 784 1168 851 in
1217 784 1464 878 puppi,
1508 781 1871 879 clypeoque
1916 785 2221 855 incendia
2260 810 2428 855 saeva

617 892 948 975 Sustinet,
973 909 1048 961 et
1081 891 1262 963 solus
1291 892 1587 963 defendit
1618 892 1802 963 mille
1842 895 2126 964 carinas,

613 1002 790 1070 Hinc
817 1002 1074 1094 jaciunt
1116 1004 1335 1071 Danai
1375 1004 1667 1073 robustae
1696 986 1989 1099 cuspidis
2026 1004 2286 1094 hastas,
2572 1032 2653 1071 ω

612 1110 808 1182 Illinc
847 1112 1153 1183 ardentes
1189 1113 1390 1183 toedas
1432 1114 1729 1209 Phryges
1762 1115 2060 1209 undique
2084 1117 2357 1208 jactant.

615 1225 740 1292 Per
775 1238 993 1292 vastos
1029 1222 1233 1292 sudor
1271 1238 1695 1318 pugnantum
1733 1224 1965 1294 defluit
1994 1242 2199 1295 artus.

711 1335 897 1404 XVI.
939 1335 1094 1403 Non
1141 1332 1317 1403 valet
1355 1332 1632 1402 ulterius
1667 1333 1919 1405 cladem
1966 1350 2265 1429 spectare
2308 1328 2583 1407 suoruni

615 1444 994 1524 Patroclus,
1033 1444 1384 1537 subitoque
1426 1446 1626 1512 armis
1660 1446 1963 1515 munitus
1996 1444 2275 1517 Achillis
2354 1522 2367 1535 ,

619 1554 940 1637 Advolat,
981 1570 1048 1623 et
1089 1553 1250 1624 falsa
1293 1570 1631 1623 conterret
1674 1556 1964 1650 imagine
1995 1559 2224 1628 Troas,
2578 1586 2655 1621 a..

615 1666 754 1754 Qui
791 1663 991 1733 modo
1027 1665 1390 1733 turbabant
1414 1668 1713 1750 Damam,
1742 1666 2097 1759 animoque
2128 1664 2535 1750 fremebant,

613 1778 812 1845 Nunc
849 1773 1092 1869 trepidi
1138 1772 1404 1867 fugiunt
1432 1772 1888 1868 :fugientibus
1924 1777 2224 1845 imminet
2258 1775 2393 1862 ille,

618 1883 1104 1977 perturbatque
1143 1882 1330 1952 ferox
1363 1883 1571 1951 aciem
1593 1936 1611 1968 ,
1640 1898 2038 1979 vastumque
2075 1908 2194 1977 per
2230 1908 2469 1979 agmen

616 2000 878 2078 Fertur,
912 2010 978 2062 et
1023 1994 1278 2089 ingenti
1313 1992 1697 2086 Sarpedona
1742 1993 2011 2062 vulnere
2056 1993 2309 2080 fundit3

616 2110 704 2179 Et
745 2128 927 2177 nunc
959 2104 1082 2175 hos
1113 2128 1311 2173 eursu
1337 2156 1355 2190 ‚
1388 2127 1569 2171 nuno
1600 2100 1746 2171 illos
1788 2104 2079 2197 praeterit
2112 2103 2381 2190 ardens»,
2578 2130 2651 2167 ω

591 2332 708 2386 802.
733 2335 972 2385 Obsistere
995 2336 1175 2383 vitibus
1201 2331 1267 2386 G.
1282 2351 1329 2385 1.

593 2412 715 2464 803.
734 2416 880 2462 Stans
900 2415 1034 2463 celsa
1063 2414 1113 2461 in
1138 2415 1321 2480 puppi,
1345 2412 1543 2466 liabent

523 2488 646 2543 edd.
678 2502 949 2561 sumptum
978 2508 1008 2541 e
1031 2488 1291 2561 Virgilio,
1327 2488 1541 2543 AEneid.

523 2567 916 2638 111,527,sed
946 2574 1093 2619 Stans
1118 2572 1281 2636 prima
1317 2571 1368 2620 in
1395 2576 1553 2639 puppi

522 2648 590 2702 G.
619 2668 640 2701 1
666 2662 719 2701 et
749 2668 814 2713 α,
855 2646 1001 2719 quod
1041 2646 1171 2701 huie
1215 2646 1333 2700 loco
1371 2648 1544 2717 aptius

521 2725 751 2781 videtur.
779 2756 851 2767 -—-
877 2728 1121 2779 tacendia
1153 2746 1286 2779 soeva
1311 2730 1541 2779 Sustinet.

519 2808 606 2861 sic
632 2803 884 2872 Ovidius,
911 2805 1125 2876 Ajacem
1147 2804 1448 2877 loquentem
1466 2808 1543 2859 inv

521 2885 745 2947 ducens,
763 2885 892 2938 Met.
906 2884 1038 2939 XIII
1052 2924 1067 2949 ‚
1093 2901 1150 2953 7:
1173 2910 1198 2931 α
1221 2902 1328 2937 non
1349 2884 1543 2939 Hecto-

521 2966 624 3019 reis
644 2964 909 3019 dubitavit
943 2962 1130 3023 cedere
1149 2962 1374 3023 flammis
1399 2966 1544 3030 Quas

446 3048 458 3057 '
525 3066 622 3117 ego
647 3044 873 3097 sustinui
892 3069 938 3097 ιο.
969 3042 1068 3097 En.

592 3127 712 3187 804.
744 3125 975 3193 Defendit
993 3125 1125 3173 miae
1141 3124 1355 3175 cas-inas.
1388 3122 1547 3196 Apud

523 3198 679 3257 Ovifl.
723 3202 840 3255 loco
867 3202 956 3255 cit.
995 3202 1235 3273 «Nempe
1275 3220 1371 3273 ego
1399 3202 1567 3257 mille·

523 3302 642 3336 meo
665 3282 869 3353 protexi
903 3292 1114 3352 pectore
1137 3299 1339 3353 puppes
1359 3308 1399 3336 ιο.

596 3366 716 3428 809.
744 3364 908 3412 Armis
924 3374 1168 3429 protectus
1185 3360 1252 3413 G.
1279 3380 1329 3419 2.

597 3444 716 3495 810.
758 3443 975 3492 Advolat
995 3440 1216 3509 vulgata
1247 3458 1369 3491 cum
1403 3440 1466 3493 G.
1497 3459 1539 3493 ι.

522 3524 750 3573 Provolat
764 3518 828 3571 H.
851 3531 1138 3589 utrumque
1159 3518 1358 3588 profert
1379 3518 1448 3571 G.
1473 3540 1502 3571 2
1524 3538 1539 3570 τ

529 3616 576 3653 ee
594 3602 746 3669 falsa
781 3612 1021 3664 conterret
1059 3597 1127 3648 H.
1163 3608 1217 3648 et
1250 3596 1314 3649 G.
1346 3616 1365 3649 1
1386 3634 1402 3659 ,
1443 3616 1545 3670 pro

525 3679 738 3750 vulgato
777 3680 1024 3729 conver-tie.
1057 3676 1182 3728 Una
1227 3690 1464 3728 terrenmr
1495 3689 1546 3729 et

525 3772 767 3811 conterret
790 3756 857 3809 G.
889 3775 936 3809 2.
1087 3814 1098 3832 ,

599 3838 718 3890 8η.
749 3837 938 3904 Ptept‘di
973 3846 1026 3887 et
1060 3838 1221 3887 timidi
1253 3834 1319 3888 G.
1355 3854 1405 3886 a.
1451 3840 1543 3886 Fu-

520 3920 761 3986 gientibus
789 3918 966 3967 emittet
997 3914 1042 3967 L

595 3998 716 4053 8⁸3.
741 3998 990 4046 Perturbat
1013 3998 1170 4045 velox
1191 3996 1323 4044 acies
1350 3992 1440 4046 hic
1468 3993 1543 4045 le·

524 4085 653 4147 gunt
669 4074 910 4145 vulgata.
939 4072 1054 4125 Cel.
1073 4070 1328 4125 Bondam.
1348 4091 1400 4143 p.
1423 4073 1515 4125 161
1528 4107 1543 4134 ,

1634 2331 1857 2384 antefert
1902 2336 2178 2392 Precor-bat,
2216 2330 2271 2383 id
2310 2342 2385 2383 eet
2403 2368 2418 2391 ,
2466 2332 2652 2400 procul

1635 2410 1809 2462 turbat
1834 2422 1885 2463 et
1919 2410 2099 2479 dejicit
2124 2409 2263 2463 acies
2290 2410 2396 2463 sive
2418 2409 2594 2463 husten
2616 2428 2651 2461 a

1634 2488 1870 2543 navibus.
1896 2490 2031 2541 Mihi
2050 2501 2223 2541 tamen
2251 2489 2355 2542 hoe
2376 2488 2495 2541 loco
2512 2500 2652 2540 stare

1634 2585 1787 2637 posse
1808 2567 2017 2622 videtur
2033 2574 2303 2629 Perturbat,
2322 2564 2468 2640 quod
2490 2569 2652 2621 etiam

1634 2648 1813 2719 scripti
1848 2647 2077 2701 firmant.
2117 2653 2461 2715 Pemrbaeque
2486 2650 2653 2715 fem-t

1633 2730 1787 2779 aciem
1810 2726 1874 2779 fl.
1893 2727 1958 2781 G.
1982 2746 2009 2781 2
2029 2739 2085 2780 et
2100 2729 2163 2778 A.
2184 2746 2300 2797 quae
2320 2745 2442 2779 vera
2472 2738 2551 2779 est
2576 2726 2652 2777 le-

1632 2806 1739 2859 ctio
1782 2818 1834 2859 et
1876 2806 2253 2860 constructioni
2293 2818 2444 2877 apta,
2474 2825 2504 2857 e
2548 2824 2650 2875 qun

1632 2884 1841 2955 vulgata
1880 2898 2129 2955 corrupta
2168 2896 2259 2938 est.
2297 2886 2359 2937 Iu
2398 2884 2463 2937 G.
2504 2903 2525 2937 1
2567 2884 2654 2937 hic

1632 2976 1737 3016 tres
1764 2982 1941 3017 versus
1965 2963 2169 3017 desunt.

1703 3044 1823 3107 814.
1846 3048 2003 3113 Pergit
2016 3058 2063 3095 ee
2077 3047 2268 3113 ingenti
2288 3043 2353 3093 H.

1706 3124 1825 3177 815.
1862 3122 2109 3195 Vulgata
2156 3123 2265 3176 sic:
2294 3128 2363 3174 Ee
2394 3142 2526 3173 nunc
2566 3125 2655 3173 Itos

1630 3204 1807 3269 gladio
1822 3240 1837 3261 ,
1864 3222 1995 3253 nunc
2022 3204 2131 3255 illos
2152 3205 2355 3271 procerit
2380 3221 2515 3255 arcu.
2548 3201 2655 3253 Ubi

1631 3281 1777 3333 verbi
1815 3286 2019 3341 Ρωεοήε
2058 3282 2216 3353 plane
2254 3282 2486 3334 insolens
2526 3298 2655 3333 usus

1632 3378 1743 3413 esse
1760 3359 1967 3413 videtur
1990 3358 2056 3413 de
2079 3359 2266 3413 occisis
2290 3378 2383 3431 per
2408 3359 2618 3430 sagittas
2636 3397 2653 3419 ,

1630 3436 2010 3511 traductusque
2036 3440 2143 3492 huc
2170 3458 2203 3491 e
2222 3459 2379 3493 versu
2407 3445 2532 3509 677,
2560 3439 2653 3491 ubi

1635 3533 1809 3571 tamen
1844 3522 2046 3586 pmoeric
2080 3518 2419 3571 referendum
2462 3530 2539 3569 est
2586 3516 2657 3575 ad

1634 3596 1985 3667 saxum,quod
1999 3596 2221 3669 jaciebat
2237 3598 2451 3654 Hector.
2468 3596 2658 3657 Melior

1633 3676 1794 3747 igitur
1820 3674 1923 3735 hoe
1951 3677 2069 3731 loco
2094 3676 2309 3747 scriptio
2342 3687 2421 3729 est
2454 3674 2657 3729 codicis

1634 3753 1701 3807 H.
1732 3767 1783 3807 et
1812 3753 1876 3807 G.
1919 3774 1981 3807 2:
2012 3755 2114 3807 «Et
2149 3773 2293 3807 nunc
2325 3755 2425 3807 hos
2458 3773 2619 3808 cursu
2638 3792 2657 3817 ,

1634 3852 1779 3887 nunc
1817 3832 1935 3887 illos
1982 3834 2207 3905 preterit
2246 3834 2434 3890 ardena
2454 3859 2496 3885 ι.
2534 3836 2657 3899 Quo

1636 3932 1788 3967 versu
1822 3913 2109 3985 respexisse
2143 3913 2417 3967 Maronem
2440 3910 2657 3965 videtur

1635 3994 1872 4059 AEn.·1v,
1898 3998 2031 4063 157:
2058 3996 2310 4065 «jamque
2342 3992 2440 4047 hos
2468 4010 2657 4053 eursu,

1630 4072 1739 4143 jam
1764 4074 1989 4142 proterit
2012 4072 2129 4124 illos
2148 4098 2185 4125 ι.
