2975 4684
935 365 1392 435 AUSPICII
1448 367 1572 434 ET
1641 367 2005 434 AELLAE.

2395 365 2533 460 393

503 493 648 562 Nec
683 503 874 582 pater
909 489 1048 582 ipsc
1074 489 1222 583 jugi
1259 489 1569 583 cuiquam
1606 489 1855 582 majore
1888 487 2149 556 favebat

505 601 818 694 Ingeni03
847 623 974 693 par
1015 622 1174 668 cura
1218 599 1482 684 anim03
1520 597 1708 668 labor
1746 599 1884 667 otia
1918 599 2133 667 nescit

503 708 897 802 ImprobuS‚
935 723 1136 803 atque
1170 707 1318 778 aliis
1352 708 1891 803 urit-praecordia
1928 709 2210 778 flammis
2484 746 2535 784 νυ

506 817 770 904 Gloria3
803 818 892 887 ab
925 819 1178 888 excelsa
1215 817 1358 888 laus
1394 817 1863 888 intemerabilis
1900 843 2051 886 arce

505 931 842 998 Monstrat
883 929 1035 1016 iter,
1076 954 1212 1023 quo
1248 929 1422 998 celsa
1455 943 1693 1024 petunt
1730 927 1989 1023 fastigia
2034 951 2257 996 rerum

503 1039 824 1111 Semideae
857 1054 1139 1126 mentm,
1173 1064 1344 1135 puro
1381 1039 1583 1134 stirps
1617 1054 1881 1134 prosata
1916 1035 2093 1107 caelo,

505 1155 595 1220 At
636 1166 898 1220 teneros
937 1151 1057 1220 aevi
1079 1205 1099 1237 ‚
1141 1176 1264 1219 nec
1305 1150 1527 1220 adhuc
1564 1148 1817 1244 puerile
1852 1163 2163 1218 sonantes

502 1265 563 1331 A
603 1263 838 1356 primis
873 1261 1090 1330 fausto
1132 1261 1468 1330 sociarunt
1504 1263 1727 1330 omine
1764 1261 1957 1330 cunis
2480 1273 2530 1324 7⁵

405 1503 536 1562 pert.
573 1491 630 1554 1,
660 1512 723 1557 2,
752 1510 816 1561 27
845 1503 896 1544 ct
934 1493 1036 1545 30:
1066 1480 1418 1558 -Quumitibi

403 1569 686 1639 prasertim
709 1569 938 1624 Phoebus
959 1589 1050 1624 sua
1074 1571 1310 1625 carmina
1329 1570 1421 1626 do-

403 1659 494 1700 net
506 1687 522 1714 ‚
539 1689 552 1701 .
563 1689 594 1702 ..
607 1649 802 1702 Omnia
819 1668 1042 1722 quoque
1055 1653 1238 1704 venus
1251 1689 1268 1714 ,
1283 1670 1422 1724 que-

403 1745 508 1800 que
527 1729 768 1782 Minerva
792 1732 982 1802 probat
1005 1756 1048 1784 ι.

474 1809 562 1862 68.
597 1814 706 1861 Nec
736 1824 882 1878 pater
918 1814 1020 1879 ipse
1050 1812 1170 1880 jugi
1183 1850 1198 1875 ‚
1232 1827 1420 1881 nempe

402 1887 592 1961 Apollo
613 1887 883 1943 Heliconis
902 1909 1105 1960 praeses.

473 1969 558 2036 69.
583 1974 683 2020 Par
705 1988 825 2020 cura
851 1973 1018 2022 animo
1031 2006 1046 2031 ,
1069 1970 1280 2039 utrique
1305 1967 1418 2038 pari

400 2045 575 2100 studio
597 2059 858 2102 tenentur.

472 2143 554 2196 71.
583 2132 662 2178 Ab
697 2132 901 2179 excelsa
935 2134 1045 2181 laus
1077 2128 1416 2180 intemerabilis

399 2225 531 2258 arce.
555 2207 694 2260 Laus
715 2207 798 2260 vel
823 2207 986 2280 gloria
1000 2247 1017 2271 ,
1039 2225 1101 2260 ex
1124 2207 1303 2260 arduis
1328 2223 1413 2258 su-

394 2284 745 2359 blimibusque
771 2287 930 2340 rebus
955 2284 1208 2358 capienda
1225 2322 1241 2349 ,
1267 2281 1417 2356 quasi

396 2363 595 2418 excelsa
621 2365 676 2419 in
702 2383 821 2419 arce
847 2365 1081 2429 habitat,
1110 2383 1276 2438 eoque
1300 2363 1415 2417 ani-

395 2461 516 2496 mos
555 2444 864 2498 excelsiores
901 2449 1010 2509 ejus
1049 2445 1224 2516 gloria
1264 2443 1416 2515 cupi·

395 2522 495 2578 dos
511 2563 527 2589 ,
550 2523 618 2577 ad
645 2524 896 2578 sublimes
921 2542 1162 2596 quosque
1186 2524 1414 2578 honores

395 2613 450 2656 ct
491 2603 631 2656 celsa
675 2621 853 2656 rerum
897 2604 1101 2677 fastigia
1143 2603 1414 2676 adspirare

393 2683 542 2736 facit.
583 2682 720 2735 Hinc
763 2683 1033 2755 sapientia
1070 2703 1180 2736 non
1215 2683 1377 2736 modo
1395 2720 1411 2747 ‚

395 2765 550 2834 cujus
582 2761 816 2816 studium
844 2761 1074 2816 arduum
1099 2775 1178 2817 est
1193 2802 1212 2828 ,
1237 2763 1328 2816 scd
1363 2775 1414 2816 et

394 2841 582 2895 animis
615 2843 728 2914 ejus
761 2841 1009 2896 studiosis
1032 2843 1172 2896 hanc
1197 2843 1413 2897 excelsi-

394 2933 553 2974 tatem
568 2933 727 2994 atque
736 2941 910 2975 arcem
927 2921 1184 2975 tribuunt.
1203 2923 1413 2976 Lucret.

395 2999 490 3068 11,
517 3019 578 3072 7:
603 3001 744 3055 «sed
779 2999 856 3052 nil
896 2998 1102 3055 dulcius
1137 3011 1247 3066 est,
1281 3003 1414 3055 bene

394 3086 558 3150 quam
581 3081 783 3133 munita
807 3091 984 3132 tenere
1003 3078 1154 3131 Edita
1174 3078 1414 3134 doctrina

392 3160 689 3230 sapientum
707 3159 900 3230 templa
913 3176 1094 3211 serena
1109 3175 1124 3220 ;
1139 3158 1412 3229 Despicere

393 3237 540 3290 unde
559 3256 722 3309 queas
739 3236 888 3300 alios,
905 3249 1038 3290 etc.»
1055 3235 1180 3308 Pap.
1202 3237 1414 3305 Statius,

393 3315 519 3370 Silv.
555 3316 642 3378 11,
669 3336 726 3377 ει,
754 3315 1084 3370 131:-celsa
1123 3329 1184 3368 tu
1226 3319 1416 3371 mentis

394 3395 466 3448 ab
491 3395 864 3468 arceDespicis
887 3407 1138 3459 errantes,
1155 3395 1416 3450 humana-

393 3491 500 3546 que
541 3474 730 3548 gaudia
767 3475 909 3529 rides
933 3475 1418 3549 ·.—Philosophiae

393 3552 481 3606 vel
513 3553 779 3625 sapientia
806 3553 983 3608 sedem
1015 3554 1128 3608 dari
1158 3555 1330 3609 solere
1361 3557 1418 3610 iu

397 3631 533 3686 colle
557 3633 644 3708 ycl
671 3636 870 3687 excelsa
911 3653 1029 3687 arce
1046 3675 1063 3701 ‚
1100 3633 1343 3706 pluribus
1389 3656 1420 3690 c

391 3706 522 3766 locis
541 3711 692 3784 Virg.
717 3711 772 3764 in
797 3713 902 3765 Ciri
921 3751 939 3778 ,
963 3725 1012 3766 et
1035 3712 1148 3765 Silii
1166 3714 1276 3768 Ital.
1293 3715 1417 3781 XV,

399 3807 494 3843 τοι
517 3827 535 3856 ,
566 3792 753 3862 probat
779 3793 864 3844 J0.
890 3791 1107 3846 Schrad.
1136 3793 1416 3846 Emendat.

393 3889 446 3923 c.
475 3871 534 3937 3,
558 3889 610 3942 p.
640 3879 724 3941 49.
752 3871 1248 3924 Εο.--Βω·ωεηυο
1275 3871 1418 3926 vide·—

392 3960 481 4002 tur
505 3955 709 4004 excelsa
735 3971 852 4002 arco
879 3963 930 4002 et
955 3955 1089 4002 celsa
1111 3965 1285 4019 petunt
1319 3954 1415 4004 ab·

393 4027 555 4082 surde
571 4029 848 4104 conjungi:
867 4031 1070 4082 mavult
1093 4030 1269 4100 itaque
1289 4032 1416 4084 scri-

393 4106 560 4191 psisse
581 4120 848 4161 auctorem
860 4146 878 4176 ,
893 4134 920 4154 σι
933 4107 1000 4161 ad
1015 4108 1282 4164 etherium
1303 4109 1416 4164 laus

1509 1477 1881 1551 intemerabilis
1912 1507 2088 1546 arcem
2120 1489 2383 1542 Monstrat
2416 1486 2533 1550 iter,

1508 1597 1617 1649 quo
1643 1575 1777 1630 celsa
1810 1583 2029 1646 petunt,
2058 1581 2139 1622 etc
2160 1593 2199 1620 ι.
2220 1565 2323 1620 Sed
2348 1569 2439 1618 iter
2464 1567 2537 1616 ad

1510 1660 1755 1709 aeeloeriam
1782 1673 1946 1706 arcem
1974 1647 2301 1721 superfluum
2322 1656 2433 1698 erat
2452 1643 2535 1697 di-

1509 1755 1628 1790 cere
1646 1776 1662 1800 ,
1698 1752 1863 1806 quum
1908 1749 2030 1784 mox
2076 1732 2168 1780 iter
2208 1729 2283 1778 ad
2305 1726 2530 1794 fastigia

1508 1835 1666 1868 rerum
1690 1813 1861 1869 vellet.

1580 1913 1668 1967 72.
1710 1897 1851 1946 Celsa
1876 1903 2047 1960 penam
2063 1888 2289 1956 fastigia
2332 1902 2489 1934 rerum
2504 1921 2521 1942 ‚

1508 1990 1743 2028 summos
1768 1971 1998 2023 honores
2024 1977 2076 2019 et
2102 1963 2441 2036 prafecturns
2472 1961 2527 2014 in

1506 2073 1565 2106 re
1580 2053 1811 2124 publica.
1830 2047 2109 2103 Claudi-m.
2128 2042 2307 2113 Epith.
2328 2039 2525 2095 pallad.

1506 2135 1575 2186 66
1602 2151 1617 2186 ε
1658 2159 1679 2179 ι
1698 2131 1801 2183 Per
1833 2139 2050 2183 cunctos
2085 2124 2146 2177 iit
2174 2123 2263 2176 ille
2290 2119 2486 2193 gradus
2505 2159 2522 2183 ,

1503 2212 1745 2284 aula-,quc
1784 2209 1989 2262 labores
2030 2207 2288 2258 Emensus
2303 2239 2321 2264 ‚
2358 2200 2529 2253 tenuit

1502 2307 1720 2343 summm
1742 2287 1950 2359 fastigia
1976 2283 2116 2340 sedis
2139 2308 2185 2336 ι.

1575 2372 1657 2441 73.
1670 2373 1903 2422 Semideoe
1922 2381 2127 2426 mentes,
2146 2363 2395 2417 sublimes
2415 2360 2531 2412 ani-

1504 2468 1632 2515 mae,
1660 2461 1720 2502 ut
1753 2459 2014 2502 vocantur
2052 2464 2084 2497 a
2112 2441 2342 2514 Virgilio
2360 2476 2377 2503 ,
2399 2440 2520 2490 AEu.

1504 2530 1613 2595 VI,
1655 2548 1758 2600 720
1780 2566 1795 2591 ‚
1833 2539 1885 2581 et
1921 2526 2173 2597 Calpurn.
2199 2521 2336 2573 VIII
2356 2557 2373 2584 ,
2421 2520 2489 2586 39
2510 2556 2526 2583 ,

1502 2607 1755 2662 Semideis
1780 2606 1993 2661 similes.
2036 2606 2115 2657 De
2140 2603 2234 2665 iis,
2268 2600 2363 2671 qui
2398 2617 2523 2669 pro·

1504 2689 1616 2759 prie
1660 2688 1734 2741 sic
1773 2697 2056 2748 vocantur,
2094 2683 2375 2743 Lucanus,
2410 2677 2522 2739 IX,

1502 2771 1573 2820 6:
1620 2793 1643 2814 ι
1667 2765 1934 2837 Quodque
1968 2773 2114 2836 patet
2156 2772 2321 2813 terras
2358 2758 2521 2821 inter,

1501 2846 1743 2918 luneque
1782 2858 1989 2898 meatus
2012 2884 2027 2908 ,
2066 2839 2297 2894 semidei
2342 2854 2523 2888 manes

1503 2925 1740 2978 habitant
1770 2949 1816 2976 ι.
1838 2923 1982 2976 Illud
2000 2941 2128 2991 puro
2154 2923 2296 2986 stirps
2310 2929 2521 2985 prosata

1503 3007 1624 3055 coelo
1658 3003 1724 3055 nd
1752 3015 1983 3055 mentem
2003 2997 2213 3070 Virgilii
2234 2995 2391 3060 dixit,
2425 2994 2523 3065 qui

1502 3082 1747 3148 AEnNI,
1772 3083 1909 3151 730:
1947 3107 1973 3125 α
1991 3079 2183 3150 Igneus
2206 3088 2286 3128 est
2310 3073 2412 3127 illis
2440 3073 2521 3126 vi·

1500 3180 1600 3231 gor
1621 3173 1671 3213 et
1693 3161 1908 3214 celestis
1926 3159 2075 3230 origo
2103 3184 2146 3209 ι.
2190 3187 2260 3196 -
2302 3153 2523 3226 Propius

1503 3239 1573 3292 ad
1604 3251 1875 3292 auctorem
1906 3236 2107 3290 accedit
2140 3235 2360 3288 Rutilius
2378 3273 2394 3299 ,
2417 3236 2523 3288 Nu·

1504 3332 1635 3372 mat.
1658 3318 1747 3370 lib.
1765 3320 1823 3381 1,
1866 3337 1899 3386 9
1924 3335 1937 3368 :
1983 3344 2005 3364 ι
2032 3315 2243 3370 Semina
2264 3315 2523 3368 virtutum

1506 3399 1729 3453 demissa
1750 3410 1803 3450 ct
1820 3397 2009 3450 tradita
2026 3397 2151 3450 coelo
2168 3397 2286 3448 Non
2304 3408 2525 3466 potuere

1507 3479 1622 3534 aliis
1647 3477 1859 3550 dignius
1884 3497 1995 3530 esse
2018 3477 2146 3530 locis
2172 3501 2218 3528 ιι.
2248 3477 2352 3528 En.

1582 3579 1607 3623 7
1616 3560 1665 3612 5.
1680 3564 1857 3609 Fausto
1874 3560 2126 3609 sociarunt
2138 3561 2312 3617 omine,
2324 3554 2526 3624 nuptia-

1507 3638 1643 3691 libus
1684 3638 1966 3708 auspiciis,
2009 3650 2067 3689 ut
2096 3636 2285 3706 Virgil.
2313 3639 2434 3686 AEn.
2468 3633 2521 3697 l,

1510 3717 1612 3784 349
1636 3734 1651 3768 :
1700 3743 1725 3763 .-
1748 3717 1848 3770 cui
1892 3730 2036 3788 pater
2072 3714 2321 3768 intactam
2366 3711 2526 3765 dede-

1504 3809 1588 3848 rat
1604 3834 1619 3858 ‚
1646 3797 1935 3867 primisque
1951 3798 2159 3866 jugamt
2176 3791 2459 3843 Ominibus
2474 3815 2520 3842 ι.

1505 3905 1574 3914 —
1612 3875 1895 3928 Adiuditur
1937 3874 2005 3926 ad
2051 3889 2250 3925 morem
2286 3881 2523 3923 veterum

1504 3956 1859 4008 Romanorum
1876 3993 1890 4019 ‚
1918 3953 2011 4024 qui
2042 3951 2173 4003 nihil
2190 3989 2205 4015 ,
2228 3949 2331 4002 nisi
2358 3950 2523 4020 captis

1505 4035 1763 4106 auguriis,
1784 4033 2045 4087 faciehant
2059 4069 2075 4095 ,
2096 4043 2153 4084 et
2166 4029 2379 4102 nuptias
2398 4039 2529 4101 pm-

1506 4113 1659 4186 cipuc
1678 4113 1923 4185 auspiciis
1940 4111 2335 4184 nuncupabant.
2369 4109 2471 4170 Eo.
