2975 4684
483 343 868 431 QUIBUS
921 343 1229 412 CARM.
1276 343 1406 412 AD
1457 343 1636 412 PIS.
1678 345 1991 414 FALSO
2043 347 2295 415 TRIB.
2378 349 2469 445 47

337 475 610 538 Serrano
649 476 940 562 tenuique
971 471 1216 554 Saleio,
1254 472 1501 537 nemini
1546 471 1611 536 in
1654 488 1939 538 mentem
1970 477 2221 540 venisse
2242 525 2260 560 ‚
2302 483 2479 543 tenui

307 633 310 642 .
335 578 548 644 Saleio
579 581 796 668 potius
823 581 953 645 hoc
983 580 1448 670 panegyricum
1480 578 1735 643 Pisonis
1762 580 2255 646 attribuendum
2290 607 2427 650 esse
2450 633 2469 666 ‚

337 708 534 773 quam
549 687 834 750 Lucano.
854 687 952 750 Ita
977 708 1132 751 sane
1158 703 1276 750 est.
1307 685 1494 750 Saleii
1516 687 1690 749 Bassi
1719 687 1970 774 poetica
1998 688 2264 753 facultas
2284 690 2469 771 juxta

336 811 414 854 ac
439 806 783 880 'paupertas
819 813 938 856 sua
969 808 1153 857 aetate
1185 807 1316 856 tam
1351 808 1508 856 nota
1544 808 1611 856 et
1645 792 1963 870 celebrata
1998 793 2125 858 fuit
2144 843 2161 876 ‚
2190 810 2267 859 ut
2308 797 2476 862 fama

337 895 682 985 utriusque
696 920 733 962 e
747 899 1033 963 carmine
1056 898 1140 964 ad
1157 899 1488 980 Pisonem,
1516 897 1587 962 in
1608 898 1817 986 prima
1835 900 2179 978 juventute
2198 903 2441 991 scripto
2456 953 2478 986 ,

339 1001 617 1066 maxime
643 1025 934 1067 manasse
950 1003 1248 1068 videatur
1268 1001 1380 1091 (ι).
1401 1005 1651 1068 Auctor
1666 1003 1918 1093 Dialogi
1946 1003 2030 1069 de
2059 1005 2479 1094 Oratoribus,

338 1128 478 1196 cap.
507 1130 574 1194 9,
597 1103 684 1172 'de
711 1109 918 1173 Saleio
945 1111 1140 1174 Basso
1169 1110 1236 1172 in
1269 1107 1564 1174 eamdem
1586 1107 1723 1172 fere
1745 1109 2163 1195 sententiam,
2194 1133 2268 1177 ac
2296 1115 2480 1180 Juve-

341 1214 534 1296 nalis,
557 1217 869 1304 loquitur,
893 1233 1090 1306 atque
1114 1239 1266 1281 eum
1283 1265 1300 1298 ‚
1323 1216 1617 1305 quamvis
1640 1216 2193 1282 absolutissimum
2217 1237 2475 1309 poetam

341 1337 409 1384 et
443 1343 673 1411 magna
714 1325 994 1388 nominis
1037 1325 1403 1388 celebritate
1439 1322 1777 1388 florentem
1798 1371 1815 1405 ,
1842 1339 2055 1388 tamen
2088 1326 2475 1416 plerumque

341 1449 528 1516 egere
570 1428 887 1518 significat
906 1480 924 1514 ,
957 1428 1114 1494 dum
1165 1451 1315 1494 eum
1365 1429 1522 1494 dicit
1568 1451 1645 1493 ex
1688 1429 2181 1510 ,recitationibus
2230 1435 2475 1499 crebris

341 1549 716 1620 poematum
764 1557 1039 1600 suorum
1059 1585 1078 1619 ,
1118 1550 1352 1624 praeter
1387 1534 1611 1598 laudes
1651 1535 1875 1598 inanes
1896 1583 1915 1616 ,
1949 1535 2114 1599 nihil
2145 1538 2478 1628 percipere

341 1655 532 1704 certae
563 1641 916 1730 solidaeque
947 1642 1155 1731 frugis
1178 1692 1197 1725 ,
1225 1664 1440 1729 neque
1481 1656 1597 1704 aut
1636 1640 1981 1705 amicitiam
2014 1641 2167 1706 inde
2198 1647 2438 1711 referre
2458 1697 2479 1730 ,

342 1761 458 1808 aut
489 1746 849 1811 clientelam
872 1795 891 1828 ,
915 1762 1028 1811 aut
1053 1769 1436 1812 mansurum
1469 1747 1539 1810 in
1568 1745 1785 1810 animo
1816 1747 2200 1834 cujusquam
2234 1749 2478 1816 benefi-

341 1852 518 1915 cium
541 1853 654 1940 (2).
677 1853 925 1918 Laudat
951 1852 1186 1918 deinde
1219 1854 1448 1917 miram
1484 1869 1550 1916 et
1578 1853 1875 1916 eximiam
1904 1854 2275 1940 Vespasiani
2309 1856 2478 1947 Imp.

342 1957 790 2024 liberalitatem
809 2007 828 2041 ‚
866 1959 1046 2048 quod
1081 1960 1450 2049 quingenta,
1474 1959 1767 2022 sestertia
1803 1959 1867 2023 S.
1908 1961 2101 2024 Basso
2140 1961 2475 2046 donasset,

346 2065 574 2154 procul
611 2063 812 2130 dubio
833 2113 852 2148 ‚
879 2083 956 2131 ut
994 2065 1132 2147 ejus
1167 2065 1533 2130 sublevaret
1573 2064 1889 2153 inopiam.
1919 2065 2090 2129 Nam
2134 2089 2288 2132 mox
2318 2070 2477 2135 sub·-

338 2169 479 2248 jicit
513 2187 768 2236 auctor:
795 2171 1194 2236 «Pulchrum
1227 2170 1296 2235 id
1310 2170 1629 2260 quidem,
1658 2170 2127 2261 indulgentiam
2161 2175 2481 2264 Principis

343 2279 609 2368 ingenio
659 2279 930 2362 mereri3
959 2293 1206 2366 quanto
1255 2293 1472 2341 tamen
1521 2275 1891 2365 pulchriu5‚
1918 2278 1974 2341 si
2014 2279 2103 2342 ita
2143 2302 2245 2343 res
2289 2281 2481 2346 fami-

343 2385 516 2448 liaris
572 2385 822 2474 exigat,
862 2408 930 2449 se
975 2385 1189 2473 ipsum
1237 2385 1481 2465 colere,
1525 2405 1719 2448 suum
1780 2384 2047 2472 genium
2098 2387 2483 2476 propitiare,

345 2513 527 2554 suam
557 2491 832 2580 experiri
865 2491 1310 2555 liberalitatem
1329 2521 1376 2554 ιο.
1399 2488 1499 2554 Ad
1534 2489 1818 2554 Saleium
1842 2489 2160 2578 respicere
2186 2493 2485 2580 inprimis

343 2597 695 2662 Suetonius
719 2597 1003 2678 videtur,
1030 2619 1236 2684 quum
1261 2596 1727 2684 Vespasianum
1756 2592 1913 2660 dicit
1928 2643 1947 2677 ‚
1970 2619 2108 2684 cap.
2142 2595 2249 2678 18,
2274 2627 2298 2654 α
2319 2600 2485 2664 Prae-

345 2718 592 2768 stantes
617 2719 840 2792 poetas
861 2751 880 2785 ‚
911 2725 1034 2768 nec
1065 2725 1202 2767 non
1242 2717 1308 2766 et
1337 2701 1647 2783 artifices3
1679 2701 1915 2791 insigni
1948 2702 2312 2791 congiario,
2342 2727 2483 2770 ma-

345 2825 602 2893 gnaque
639 2804 937 2869 mercede
975 2805 1248 2869 donasse
1267 2835 1312 2868 υ.
1346 2805 1563 2886 Quem
1600 2803 1685 2867 ita
1712 2803 2009 2867 videmus
2037 2804 2356 2893 Principis
2386 2807 2487 2870 in-

345 2909 748 3001 dulgentiam
774 2925 1148 3000 poematum
1177 2931 1447 2974 suorum
1487 2910 1723 2973 merito
1762 2901 2099 2996 expertum
2119 2957 2138 2991 ‚
2169 2931 2320 2976 eum
2350 2931 2489 2976 cre-

418 3157 499 3225 (1)
533 3155 649 3208 Hoc
674 3151 1071 3226 quodammodo
1098 3151 1324 3226 perspici
1346 3172 1377 3207 e
1393 3151 1650 3206 Juvenale
1667 3162 1868 3223 potest,
1896 3152 1990 3224 qui
2004 3193 2019 3218 ,
2048 3167 2215 3223 quum
2227 3151 2451 3207 sat.v11
2470 3195 2489 3220 ,

351 3246 443 3310 81,
465 3259 657 3295 tenuem
677 3246 898 3295 Saleium
913 3243 1184 3308 nominat,
1217 3241 1273 3294 id
1293 3259 1490 3294 nomen
1520 3257 1581 3294 ex
1617 3240 1731 3311 ipso
1752 3239 1913 3293 Saleii
1942 3240 2179 3294 carmine
2204 3242 2492 3313 sumpsisse

350 3332 582 3400 videtur,
603 3353 658 3387 v.
685 3334 786 3401 243
806 3376 822 3401 ‚
843 3331 937 3387 uhi
963 3349 1152 3386 tenum
1162 3335 1430 3402 fortunam
1457 3331 1566 3404 ipae
1588 3331 1689 3383 sihi
1710 3330 1914 3384 tribuit.
1937 3331 2043 3384 En.

421 3461 498 3529 (a)
532 3457 616 3510 Ad
649 3475 712 3512 ea
753 3457 919 3511 verba
955 3455 1185 3510 auctoris
1214 3453 1424 3525 Dialogi
1459 3451 1712 3506 recordor
1740 3471 1925 3506 eorum
1940 3491 1957 3519 ,
1984 3471 2104 3524 quae
2135 3465 2317 3526 pastor
2346 3454 2491 3525 apud

349 3547 706 3622 Calpurnium
726 3583 742 3610 ,
760 3543 874 3598 Ecl.
893 3546 996 3608 IV,
1021 3544 1088 3598 26
1115 3563 1265 3617 seqq.
1293 3541 1428 3596 dicit
1452 3557 1466 3595 ε
1489 3566 1516 3588 α
1540 3578 1581 3592 ..
1604 3539 1761 3613 .quid
1784 3540 1922 3594 enim
1950 3539 2045 3594 tibi
2066 3540 2248 3595 fistula
2266 3541 2453 3599 reddet
2472 3579 2491 3604 ‚

351 3638 474 3703 Quo
505 3648 678 3690 tutere
715 3633 951 3688 famem?
985 3644 1126 3688 certe
1155 3651 1272 3686 mea
1299 3636 1538 3685 carmina
1561 3647 1719 3683 nemo
1739 3665 1755 3692 ‚
1793 3630 1987 3682 Praeter
2023 3629 2091 3683 ab
2134 3628 2220 3683 his
2258 3630 2491 3703 scopulis

351 3735 567 3779 ventosa
607 3733 960 3776 remurmurat
1001 3719 1148 3774 Echo
1190 3744 1238 3773 ι.
1305 3719 1373 3770 Et
1418 3716 1808 3783 animadverti,
1851 3727 2021 3768 totum
2066 3715 2307 3769 habitum
2348 3717 2491 3768 illius

352 3815 560 3886 Eclogae
597 3813 702 3877 IV,
741 3812 1022 3884 pluresque
1058 3813 1170 3883 ejus
1201 3808 1493 3863 sententias
1517 3844 1533 3871 ,
1572 3805 1642 3860 ad
1688 3804 2085 3860 similitudinem
2124 3805 2375 3858 carminis
2420 3805 2492 3857 ad

357 3903 703 3977 Calpurnium
733 3902 838 3954 Pis.
864 3899 1070 3973 scripti,
1111 3899 1342 3951 multum
1379 3895 1631 3951 accedere
1645 3933 1661 3960 ‚
1706 3907 1768 3948 ut
1793 3893 2075 3949 verisimile
2108 3893 2199 3946 fiat
2213 3930 2229 3956 ,
2266 3893 2491 3964 Calpur-

353 3993 502 4046 niu'm
523 3991 594 4045 ad
613 3990 717 4044 hoc
735 4007 950 4043 carmen
967 4025 984 4052 ,
1011 3987 1156 4060 quod
1175 3986 1243 4040 ad
1260 3985 1508 4059 gentilem
1528 3985 1609 4038 vel
1637 3983 2008 4056 cognominem
2030 3980 2207 4036 virum
2230 3981 2487 4053 scriptum

351 4093 463 4136 erat
476 4121 493 4146 ‚
517 4075 1087 4152 precipue,attendisse
1103 4115 1120 4140 ,
1141 4073 1306 4148 idque
1321 4073 1559 4130 studiose
1584 4073 1784 4145 legisse.
