2975 4684
1152 367 1285 436 DE
1333 369 1650 440 AETNA.
2391 366 2484 465 75

288 469 295 478 ¹
422 494 539 544 ctet
576 483 601 564 (
612 483 691 544 ad
716 503 950 545 versum
980 486 1150 565 217).
1170 491 1506 568 ‚Postquam
1539 489 1826 550 rationem
1860 490 2262 552 incendiorum
2291 495 2480 554 AEtnae

416 577 720 656 exposuit,
753 595 939 651 nunc,
980 577 1309 660 iterumque
1336 596 1634 661 erumpat,
1675 597 1734 643 et
1776 583 1992 662 quibus
2029 584 2205 646 rebus
2245 585 2478 644 interim

418 672 609 730 alatur
634 671 969 730 incendium
982 715 1001 744 ,
1033 672 1115 732 ait
1148 693 1210 732 se
1239 675 1646 753 quaesiturum,
1682 690 1742 736 et
1769 679 1942 736 talem
1971 679 2348 756 quastionem
2377 697 2478 736 ar-

416 763 593 824 duam
616 763 884 844 quidem,
909 763 1011 824 sed
1040 765 1401 826 utilissimam
1437 782 1500 826 et
1537 767 1787 828 hominis
1824 769 2058 849 ingenio
2091 769 2324 849 dignam
2349 789 2474 829 esse

412 859 795 935 pronuntiat:
827 877 1005 940 quem
1044 878 1165 917 non
1212 858 1417 920 deceat
1454 861 1748 940 pecudum
1789 881 1954 922 more
1969 906 1986 936 ,
2034 883 2166 942 quae
2210 862 2472 922 miranda

412 950 551 1024 sint,
580 965 808 1012 tantum
834 952 1019 1012 oculis
1038 952 1271 1026 videre,
1300 972 1407 1012 nec
1446 973 1706 1014 caussam
1747 954 2026 1034 cujusque
2067 956 2152 1014 rei
2187 973 2468 1033 quaerere.

414 1044 583 1106 Unde
622 1045 685 1114 in
720 1063 925 1104 eorum
955 1045 1187 1106 laudem
1214 1046 1502 1121 excurrit,
1532 1047 1635 1126 qui
1663 1060 1888 1107 naturae
1915 1047 2110 1108 studio
2143 1048 2440 1110 ducuntur
2455 1093 2474 1120 ‚

412 1139 722 1218 omniaque
748 1138 953 1198 mundi
978 1138 1359 1218 phaenomena
1373 1183 1393 1214 ,
1415 1153 1706 1202 astrorum
1733 1161 1967 1202 cursum
1993 1155 2054 1201 et
2073 1141 2222 1214 vim,
2255 1141 2394 1200 anni
2415 1154 2474 1199 et

414 1244 819 1311 tempestatum
841 1232 1185 1307 varietates,
1211 1245 1271 1292 et
1294 1231 1583 1293 mirabilia
1607 1253 1854 1312 quaeque
1881 1253 1989 1314 per
2015 1253 2212 1294 rerum
2241 1233 2474 1292 univer-

412 1324 637 1384 sitatem
656 1324 929 1384 distincte
955 1343 1125 1384 nosse
1146 1324 1514 1386 desiderant:
1537 1345 1656 1404 quo
1687 1327 1750 1386 in
1785 1325 1981 1386 studio
2011 1325 2270 1387 divinam
2296 1325 2469 1385 simul

408 1430 579 1496 atque
596 1416 921 1496 jucundam
944 1417 1123 1478 animi
1140 1419 1504 1498 voluptatem
1532 1439 1655 1492 esse
1685 1418 1826 1494 dicit
1852 1420 1934 1500 (v.
1958 1417 2116 1498 349).
2145 1418 2260 1480 Sed
2289 1419 2470 1496 magis

410 1523 599 1570 tamen
622 1509 701 1569 ad
727 1509 1024 1570 hominem
1046 1510 1301 1590 pertinet
1320 1531 1518 1571 rerum
1542 1525 1926 1586 terrenarum,
1939 1532 2116 1593 quam
2135 1512 2465 1584 caelestium,

406 1623 545 1662 cura
572 1625 589 1661 ε
629 1615 691 1662 et
714 1602 779 1662 in
810 1602 902 1662 his
922 1602 1103 1682 magis
1129 1601 1367 1662 homine
1388 1602 1580 1682 dignae
1599 1617 1737 1664 sunt
1757 1617 1942 1678 artes,
1968 1603 2184 1683 quibus
2206 1602 2466 1663 liberalis

404 1695 611 1776 aliquis
638 1696 865 1756 fructus
894 1695 1105 1769 animi,
1134 1715 1311 1775 quam
1340 1695 1558 1776 quibus
1582 1698 1803 1758 utilitas
1834 1711 1896 1758 et
1928 1699 2156 1758 lucrum
2183 1701 2468 1777 quaeritur

404 1788 629 1868 (²71);
676 1789 865 1869 qualis
890 1787 1161 1867 inprimis
1190 1803 1279 1848 est
1313 1789 1451 1858 illa,
1488 1808 1652 1867 quae,
1685 1790 1827 1868 quid
1862 1801 2018 1849 terra
2048 1789 2110 1848 iu
2141 1789 2465 1849 visceribus

402 1883 655 1942 occultet
668 1925 687 1955 ,
720 1900 970 1960 quaeque
992 1880 1141 1940 adeo
1174 1901 1391 1942 caussae
1419 1881 1685 1941 fremitus
1713 1882 1920 1944 AEtnaei
1947 1881 2160 1939 montis
2181 1882 2276 1940 vel
2303 1881 2460 1938 exci-

404 1989 555 2049 tent,
578 1977 676 2036 vel
698 1975 959 2054 sopiant,
975 1974 1253 2054 indagare
1280 1973 1512 2036 studeat
1533 1973 1736 2056 (283).
1765 1979 1848 2036 Ut
1869 1976 2048 2054 igitur
2077 1993 2336 2034 caussam
2362 1975 2456 2034 in-

400 2066 695 2126 frementis
724 2068 979 2146 mugitus
1006 2067 1225 2128 montis
1252 2066 1554 2141 ostendat,
1581 2067 1738 2126 hunc
1767 2067 1850 2127 ait
1865 2088 1988 2127 non
2007 2068 2194 2127 solum
2216 2066 2460 2126 diversis

398 2160 459 2216 in
484 2156 755 2239 partibus
784 2179 955 2219 auras
986 2159 1245 2220 diversas
1280 2159 1585 2224 admittere
1618 2180 1726 2241 per
1761 2179 2038 2222 cavernas
2052 2203 2070 2234 ,
2103 2159 2206 2219 sed
2241 2160 2414 2220 etiam
2433 2203 2450 2231 ,

397 2251 553 2312 unda
584 2252 765 2314 vicini
799 2253 977 2314 maris
1018 2272 1127 2333 per
1168 2266 1391 2314 meatus
1442 2253 1714 2334 delapsa,
1759 2266 1938 2314 vento
1979 2253 2228 2317 admisso
2265 2254 2452 2332 premi

398 2357 571 2424 atque
588 2345 808 2425 fugari,
840 2345 1331 2425 quemadmodum
1350 2346 1413 2405 in
1434 2347 1678 2412 Tritone
1697 2359 2033 2420 resonante,
2059 2359 2117 2406 et
2143 2346 2206 2406 in
2230 2365 2452 2425 organo

396 2437 737 2517 hydraulico
780 2439 915 2513 fiat,
962 2440 1025 2498 in
1063 2439 1277 2520 quibus
1328 2459 1479 2519 aqua
1526 2453 1704 2500 vento
1741 2440 2078 2519 impellitur,
2111 2451 2170 2498 et
2215 2439 2454 2518 spiritus

394 2551 543 2611 aqua
564 2533 889 2594 concitatus
907 2551 1115 2592 sonum
1140 2531 1263 2594 edit
1290 2533 1444 2612 (²99
1456 2531 1499 2613 ).
1524 2531 1816 2594 Credibile
1845 2533 2018 2594 etiam
2046 2545 2164 2608 est,
2201 2529 2450 2594 subinde

392 2637 593 2685 ventos
612 2625 769 2688 intra
797 2639 1055 2692 montem
1080 2625 1241 2686 nasci
1263 2625 1323 2684 in
1352 2623 1746 2685 subterraneis
1771 2623 2061 2703 specubus
2075 2667 2094 2697 ,
2117 2635 2184 2682 ut
2208 2621 2446 2702 quando

390 2737 563 2796 rupes
588 2731 691 2778 aut
715 2717 829 2778 alia
854 2737 1107 2798 corpora
1123 2761 1141 2792 ,
1178 2719 1314 2796 igne
1340 2731 1627 2797 concepto
1659 2717 1878 2790 soluta,
1921 2729 2024 2776 aut
2047 2715 2309 2796 pondere
2337 2735 2446 2778 suo

391 2809 659 2892 abrupta,
682 2812 1023 2872 serenturin
1039 2831 1315 2884 vacuum,
1346 2825 1407 2872 et
1428 2814 1595 2892 lapsu
1613 2810 1868 2873 vicinum
1896 2829 2090 2870 aerem
2119 2811 2444 2888 impellunt.

388 2904 565 2979 Quod
584 2903 735 2964 adeo
760 2905 821 2969 in
850 2917 1055 2984 aperto
1088 2923 1223 2963 aere
1246 2904 1375 2964 fieri
1393 2903 1689 2976 videmus,
1719 2916 1786 2961 ut
1811 2901 2040 2962 nebulae
2063 2921 2182 2964 nou
2207 2921 2445 2974 cassat,

388 2997 447 3054 in
474 2997 618 3057 locis
641 2996 875 3076 irriguis
894 3015 1005 3076 per
1024 3015 1273 3076 vapores
1305 2995 1578 3058 humidos
1616 3007 1862 3068 exortae,
1883 3008 2120 3057 ventum
2155 2992 2446 3058 modicum

387 3091 679 3152 concitent
688 3090 927 3164 3isvero
949 3090 1013 3149 in
1039 3089 1386 3152 arctioribus
1420 3089 1715 3163 faucibus,
1733 3088 1838 3154 ubi
1878 3109 1980 3152 aer
1997 3089 2372 3165 constrictus,
2389 3103 2448 3148 et

388 3203 541 3262 aqua
562 3182 873 3242 accedente
900 3183 1253 3257 suffocatus,
1284 3196 1539 3264 pugnat,
1565 3183 1828 3263 pondere
1851 3195 2044 3248 autem
2071 3203 2177 3244 suo
2200 3183 2446 3262 majores

386 3276 537 3338 vires
554 3276 925 3350 nanciscitur,
946 3277 1133 3335 multo
1146 3319 1165 3350 ,
1178 3297 1413 3336 necesse
1427 3289 1533 3350 est,
1552 3275 1949 3336 vehementius
1965 3290 2118 3350 ruat,
2142 3289 2201 3337 et
2217 3275 2448 3336 obstan-

386 3371 464 3430 tia
488 3389 735 3448 quaeque
763 3369 1087 3448 perfringat
1114 3368 1296 3450 (3²7)
1323 3374 1529 3448 Neque
1554 3370 1716 3428 venti
1745 3389 1853 3448 per
1877 3368 2110 3432 easdem
2131 3375 2318 3430 AEtnae
2345 3389 2446 3428 ca-

383 3483 593 3524 vernas
628 3461 882 3528 subeunt
942 3481 1050 3541 per
1074 3482 1221 3541 quas
1257 3476 1588 3541 erumpunt.
1616 3467 1745 3523 Hoc
1769 3462 1906 3522 inde
1939 3476 2182 3546 apparet
2203 3505 2222 3536 ,
2247 3461 2404 3540 quod
2428 3505 2444 3531 ‚
2523 3541 2530 3550 .

380 3545 888 3636 quamvislgumma
944 3556 989 3620 it
1014 3557 1163 3616 aeris
1191 3557 1502 3628 serenitas,
1526 3575 1704 3635 supra
1721 3561 1953 3618 AEtnam
1986 3569 2176 3615 tamen
2209 3573 2440 3632 semper

378 3649 629 3710 obscura
680 3662 741 3708 et
793 3649 1031 3710 immota
1087 3648 1273 3712 nubes
1316 3661 1512 3709 manet
1529 3693 1546 3723 ,
1578 3669 1756 3729 quam
1806 3669 1995 3728 neque
2049 3650 2210 3726 fugat
2265 3661 2440 3706 aestus

378 3748 591 3815 AEtnae,
608 3761 803 3821 neque
824 3740 1103 3802 absorbet
1118 3783 1137 3814 ,
1166 3753 1257 3817 et,
1276 3741 1325 3800 si
1346 3741 1526 3802 modo
1552 3740 1912 3821 profundum
1937 3739 2152 3798 montis
2177 3738 2434 3816 quietum

374 3847 493 3908 est,
532 3849 779 3914 possunt
821 3833 969 3894 adeo
1012 3834 1075 3894 in
1114 3854 1339 3894 summo
1379 3835 1504 3914 ejus
1539 3834 1682 3914 jugo
1719 3852 1881 3894 sacra
1922 3830 2272 3892 Numinibus
2308 3831 2432 3890 fieri

378 3927 563 4006 (341).
602 3932 731 3990 Hac
769 3930 1073 3988 occasione
1108 3929 1317 4008 quoerit
1346 3942 1550 4008 poeta,
1577 3929 1679 4007 qui
1701 3929 1833 4000 flat,
1871 3940 1938 3985 ut
1968 3937 2162 3984 tantus
2200 3925 2348 4004 ignis
2377 3940 2438 3985 et

374 4027 579 4080 ventus
600 4023 785 4080 AEtnae
810 4038 934 4082 non
962 4039 1099 4080 saxa
1126 4020 1373 4086 declivia
1401 4021 1461 4080 in
1490 4039 1769 4080 cavernas
1797 4018 2074 4097 deripiat,
2103 4031 2162 4078 et
2183 4019 2433 4078 fornices

376 4129 685 4190 suspensos
722 4111 1087 4172 demoliatur.
1132 4115 1272 4192 Ejus
1298 4113 1383 4174 rei
1412 4133 1672 4176 caussam
1704 4113 1846 4172 dicit
1873 4133 1995 4172 esse
2027 4112 2234 4172 miram
2271 4112 2434 4192 rapi-
