2975 4684
516 374 610 448 26
997 309 1131 442 ns
1178 369 1614 443 memo
1657 367 2108 444 sumone

512 502 957 599 gnum-divina
980 525 1136 570 cura
1163 503 1247 568 sit
1260 552 1280 587 ,
1308 519 1495 570 tanto
1519 505 1835 570 miraculo
1854 551 1873 588 ,
1913 503 2095 594 quod
2121 525 2196 568 en
2219 501 2490 589 efficiet,
2518 525 2647 570 un-

512 635 712 702 quam
762 633 917 701 opes
964 627 1029 675 et
1068 611 1373 676 alimenta
1416 610 1663 677 deesse.
1716 611 1940 677 Multae
1977 626 2338 676 occurrunt
2379 611 2448 676 in
2496 627 2645 678 toto

510 718 647 784 fere
674 733 973 809 poemate
1004 719 1255 784 auctori
1282 719 1421 800 ejus
1446 735 1516 784 et
1541 719 1800 785 Senecas
1833 739 2218 784 communes
2249 717 2646 806 disputatio-

512 847 627 891 nes
654 841 722 890 et
746 827 1114 907 sententiae,
1142 838 1223 890 ut
1252 825 1532 916 Scaliger
1555 825 1628 890 in
1655 825 1833 891 notis
1861 825 1994 892 suis
2027 823 2208 890 haud
2237 845 2386 890 raro
2417 825 2646 892 obser-

511 945 654 1014 vet,
690 931 1001 996 Senecam
1032 931 1187 997 istas
1222 955 1303 996 ex
1336 953 1568 1021 opere,
1615 935 1804 1014 cujus
1847 947 2183 996 auctorem
2215 933 2416 996 Corn.
2453 931 2648 998 Seve-

514 1059 665 1101 rum
704 1037 906 1104 habet
921 1086 941 1121 ‚
978 1038 1310 1104 hausisse:
1341 1061 1503 1126 quas
1535 1038 1703 1103 mihi
1733 1061 1774 1102 e
1817 1038 2144 1103 contrario
2187 1035 2452 1102 videtur
2491 1037 2650 1102 seri-

510 1159 667 1232 ptor
714 1143 933 1210 AEtnae
977 1165 1017 1209 e
1067 1143 1406 1233 disciplina
1456 1159 1527 1212 et
1569 1144 2018 1234 disputatione
2073 1143 2335 1210 Senecae
2382 1143 2645 1209 habere.

511 1249 739 1314 Unum
768 1264 1028 1315 tantum
1052 1251 1461 1340 alterumque
1488 1251 1628 1334 ejus
1663 1250 2100 1316 similitudinis
2125 1250 2495 1338 exemplum
2525 1271 2649 1338 po-

514 1375 670 1418 nam
687 1402 705 1437 ‚
736 1355 985 1445 reliqua
1018 1355 1427 1421 adnotationi
1455 1356 1826 1422 reservabo.
1853 1355 2066 1426 Versu
2103 1379 2130 1421 1
2147 1379 2172 1421 1
2187 1354 2224 1422 5
2261 1377 2440 1445 seqq.
2476 1354 2652 1420 affir-

514 1477 653 1525 mat
682 1477 933 1545 auctor,
954 1479 1159 1528 totam
1191 1479 1429 1529 terram
1460 1485 1683 1529 cavam
1714 1464 2040 1554 specubus
2071 1485 2212 1535 esse
2227 1511 2246 1546 ,
2273 1461 2472 1552 idque
2493 1461 2651 1528 inde

516 1567 781 1655 probari
814 1569 905 1634 ait
918 1618 938 1653 ‚
970 1568 1151 1658 quod
1186 1591 1267 1635 ex
1304 1592 1381 1636 ea
1412 1585 1514 1636 tot
1547 1570 1846 1661 tantique
1883 1571 2100 1636 fontes
2137 1569 2406 1652 dirersis
2447 1571 2608 1635 locis
2627 1618 2648 1652 ,

517 1687 849 1764 tamquam
880 1699 961 1742 ex
994 1679 1192 1767 pleno
1226 1679 1407 1766 sinu,
1436 1695 1800 1767 erumpant.
1831 1681 1930 1744 Ita
1959 1701 2116 1745 vero
2149 1694 2216 1742 et
2245 1679 2488 1744 Seneca
2515 1677 2650 1743 dis-

516 1780 818 1868 putabat,
840 1781 1071 1848 Natur.
1108 1784 1357 1867 Quaest.
1390 1783 1506 1850 lib.
1525 1783 1651 1867 VI,
1685 1805 1822 1872 cap.
1848 1807 1887 1872 7
1915 1805 1932 1849 :
1975 1813 2002 1840 ι
2021 1783 2175 1850 Non
2215 1798 2316 1848 est
2345 1781 2462 1847 diu
2491 1805 2648 1872 pro-

515 1885 807 1952 bandum
826 1934 845 1969 ,
884 1888 979 1953 ibi
1012 1890 1248 1954 multas
1282 1909 1482 1977 aquas
1517 1911 1695 1972 esse,
1743 1887 1859 1954 ubi
1915 1908 2142 1954 omnes
2197 1903 2372 1954 sunt.
2419 1888 2652 1976 Neque

515 1993 695 2059 enim
722 1993 1051 2061 sufficeret
1080 1997 1273 2062 tellus
1308 1994 1391 2059 ad
1423 2011 1526 2060 tot
1559 1994 1826 2061 flumina
1860 1995 2110 2060 edenda
2127 2043 2146 2078 ,
2185 1996 2312 2060 nisi
2345 2017 2424 2060 ex
2455 2019 2650 2084 repo·

516 2099 645 2164 sito
696 2101 1039 2189 multoque
1078 2100 1391 2166 funderet
1410 2132 1459 2166 υ.
1507 2103 1592 2166 Et
1627 2125 1781 2168 mox
1819 2123 1963 2191 cap.
2001 2101 2080 2166 8:
2132 2131 2159 2158 ι
2185 2101 2340 2167 Non
2384 2100 2650 2190 quidem
2736 2101 2745 2104 “

516 2207 817 2272 existimo
853 2223 919 2272 te
961 2206 1079 2272 diu
1108 2208 1556 2272 hoesitaturum
1575 2259 1594 2293 ,
1625 2232 1709 2272 an
1745 2208 1968 2274 credas
2009 2231 2150 2274 esse
2193 2209 2652 2273 subterraneos

514 2333 745 2376 omnes
778 2328 845 2378 et
872 2335 1051 2377 mare
1080 2305 1560 2382 absconditum.
1590 2313 1784 2379 Unde
1809 2315 1984 2379 enim
2019 2315 2136 2379 ista
2169 2313 2653 2404 prorumpunt?

516 2417 697 2483 unde
746 2418 829 2483 ad
886 2441 1011 2484 nos
1059 2423 1365 2504 veniunt,
1414 2421 1540 2485 nisi
1585 2419 1766 2510 quod
1814 2419 2110 2485 humoris
2158 2423 2346 2512 origo
2403 2421 2653 2486 inclusa

518 2523 666 2589 est?
688 2555 716 2581 a·
750 2524 962 2590 Versu
990 2527 1113 2614 169
1152 2547 1333 2616 seqq.
1360 2541 1597 2591 auctor
1633 2525 1850 2592 AEtnae
1885 2525 2171 2594 ostendit
2189 2575 2208 2608 ,
2231 2541 2461 2592 ventos
2494 2527 2653 2591 sub-

516 2645 879 2714 terraneos,
912 2632 1227 2722 angustiis
1260 2647 1443 2697 terrae
1474 2653 1882 2721 compressos
1900 2679 1919 2714 ,
1957 2646 2024 2696 et
2054 2653 2395 2720 erumpere
2421 2653 2656 2697 conan-

520 2751 617 2803 tes
637 2787 656 2820 ,
709 2754 965 2803 motum
1004 2755 1072 2804 et
1110 2755 1463 2805 tremorem
1511 2754 1698 2803 terrae
1737 2737 2012 2804 efficere.
2043 2739 2186 2804 Hoc
2218 2739 2408 2827 plane
2434 2761 2472 2803 e
2508 2761 2654 2804 sen-

514 2846 719 2910 tentia
766 2846 1023 2912 Senecae
1072 2845 1229 2911 dicit
1246 2893 1280 2927 ,‚
1320 2847 1434 2935 qui
1476 2846 1591 2912 lib.
1619 2845 1710 2910 Vl
1757 2844 1988 2910 Natur.
2035 2845 2283 2928 Quaest.
2332 2867 2472 2935 cap.
2529 2843 2649 2910 25:

512 2981 539 3008 n
572 2954 799 3036 Quum
824 2955 1088 3043 spiritus
1125 2965 1438 3044 magnum
1475 2968 1544 3019 et
1563 2975 1844 3018 vacuum
1871 2969 2191 3018 terrarum
2225 2954 2446 3017 locum
2471 2953 2654 3041 peni-

514 3075 622 3123 tus
660 3060 947 3148 opplevit
960 3105 980 3142 ,
1026 3060 1355 3150 coepitque
1395 3060 1590 3124 rixari
1639 3075 1707 3125 et
1757 3059 1843 3126 de
1884 3058 2066 3124 'exitu
2105 3059 2427 3149 cogitare3
2456 3059 2654 3123 latera

512 3167 653 3254 ipsa
670 3214 689 3247 ,
735 3167 905 3232 intra
946 3189 1092 3255 quae
1144 3168 1301 3232 latet
1321 3215 1340 3250 ,
1393 3167 1627 3256 saepius
1665 3170 1951 3256 percutit
1970 3217 1990 3252 ‚
2041 3189 2236 3255 supra
2269 3187 2414 3255 quae
2455 3166 2653 3230 urbes

514 3270 849 3336 interdum
876 3273 1011 3337 sitae
1043 3285 1205 3338 sunt
1226 3303 1291 3355 n,
1336 3286 1405 3336 et
1432 3295 1579 3360 quae
1617 3287 1776 3337 sunt
1807 3275 2050 3363 reliqua
2093 3271 2267 3362 apud
2301 3271 2516 3359 ipsum
2553 3272 2652 3334 le-

516 3377 747 3470 genda.
767 3379 1045 3444 Iuvenes
1070 3380 1405 3445 Catanaeos
1422 3427 1441 3461 ‚
1464 3395 1768 3468 parentes
1795 3401 1950 3446 suos
1971 3403 2051 3445 ex
2073 3377 2382 3445 incendio
2398 3375 2654 3442 AEtnaeo

514 3484 859 3573 eripientes
890 3501 957 3550 et
984 3500 1317 3575 portantes
1344 3485 1672 3569 humeris,
1718 3485 2192 3574 cedentemque
2231 3485 2310 3548 iis
2338 3482 2653 3549 euntibus

514 3587 869 3674 flammam,
900 3593 1175 3680 scriptor
1195 3591 1409 3658 AEtnae
1441 3590 1598 3656 inde
1632 3615 1671 3656 a
1701 3613 1897 3657 versu
1923 3593 2054 3678 619
2079 3591 2304 3656 eadem
2333 3591 2530 3678 plane
2559 3611 2656 3653 ra·

516 3699 695 3762 tione
734 3715 987 3781 narrat,
1034 3721 1107 3763 ae
1154 3698 1429 3782 Seneca,
1478 3697 1561 3763 de
1605 3699 1826 3764 Benef.
1871 3697 1982 3762 lib.
2014 3699 2153 3780 111,
2192 3719 2328 3784 oep.
2379 3695 2501 3784 373
2547 3695 2654 3759 hic

514 3818 769 3868 tantum
800 3804 1084 3870 breviter
1118 3821 1182 3870 et
1212 3827 1429 3895 presse
1450 3853 1467 3886 ‚
1500 3803 1607 3869 ille
1627 3853 1646 3887 ,
1683 3821 1758 3869 ut
1789 3821 2016 3893 poeta,
2050 3805 2341 3869 ornatius
2376 3819 2442 3866 et
2465 3803 2652 3866 lucu·

513 3911 775 3976 lentius.

600 4016 812 4082 Dictio
870 4019 1173 4083 universa
1236 4019 1550 4107 poematis
1601 4015 1814 4082 AEtnae
1887 4017 2062 4082 haud
2131 4039 2361 4104 parum
2427 4015 2650 4080 similis

511 4123 677 4211 stylo
720 4124 980 4189 Senecae
1013 4122 1302 4206 videtur,
1342 4139 1407 4187 et
1442 4125 1494 4188 si.
1546 4123 1692 4211 quis
1733 4121 2104 4212 diligentius
2156 4122 2283 4188 hoc
2317 4142 2604 4210 quaerere
2635 4167 2651 4197 ,
