2975 4684
471 321 605 407 342

1254 322 1812 391 REPOSIANI

560 446 752 513 Tunc
792 457 865 512 tu
903 443 1026 512 sub
1066 443 1289 537 galea,
1330 459 1490 513 tunc
1526 445 1701 513 inter
1738 440 1870 511 tela
1898 444 2205 535 jacebas,
2538 471 2605 523 17⁵

562 560 742 629 Saeve
779 558 1087 652 Cupido,
1123 558 1402 629 timens:
1445 573 1629 629 stans
1668 562 1939 627 Mavors
1981 556 2233 631 lumine
2266 575 2497 648 torvo,

561 669 784 761 Atque
811 666 1222 761 indignatur,
1260 668 1442 762 quod
1479 670 1569 739 sit
1600 668 1969 763 deprensus
2002 670 2285 743 adulter.

561 784 653 848 At
691 778 941 873 Paphie
971 802 1288 849 conversa
1334 777 1547 866 dolet,
1579 803 1715 847 non
1759 778 2040 849 crimina
2076 780 2232 863 facti
2249 835 2269 868 ‚

562 892 695 963 Sed
735 919 882 987 quae
922 895 1008 963 sit
1041 894 1336 965 vindicta
1371 895 1533 979 sibi,
1569 893 2027 989 dum‘singula
2061 895 2330 965 volvens

564 1006 858 1099 Cogitat,
885 1022 953 1075 et
989 1032 1256 1101 poenam
1283 1010 1519 1095 sentit,
1552 1010 1607 1077 si
1641 1008 1934 1079 Phoebus
1970 1025 2257 1095 amaret3
2442 1050 2447 1053 ·
2539 1032 2615 1069 ¹⁸⁰

565 1122 843 1210 Jamque
874 1116 1062 1187 dolos
1095 1143 1464 1214 properans
1502 1119 1859 1190 decorabat
1892 1144 2147 1190 cornua
2186 1122 2392 1205 tauri,

470 1355 605 1407 Puto
638 1353 922 1425 legendnm
962 1372 1076 1409 esse
1101 1360 1279 1417 leodac,
1305 1372 1499 1428 nempe

472 1434 809 1489 adfitrictione
830 1447 883 1489 et
907 1434 1236 1509 disruptione
1261 1436 1500 1490 vinculo-

471 1531 619 1580 rum,
657 1514 850 1587 quibus
890 1514 1177 1587 implicitus
1223 1517 1502 1569 tenebatur

481 1610 604 1645 cum
623 1594 848 1648 Venere.

551 1675 666 1745 176.
705 1678 852 1725 Stans
873 1679 1087 1726 Mavors.
1109 1675 1234 1745 Leg.
1262 1688 1362 1726 stat
1387 1680 1501 1727 Ha-

471 1770 579 1805 vors
605 1756 786 1805 lumine
806 1768 938 1806 torvo
952 1793 969 1815 ,
996 1759 1161 1825 Atque
1187 1756 1501 1823 indignatur,

477 1837 616 1900 quod
635 1836 701 1883 sit
723 1836 992 1901 deprensus
1015 1836 1224 1886 adulter.
1251 1832 1503 1901 Ovidius,

471 1912 588 1965 Am.
617 1912 676 1977 1,
713 1930 774 1981 9,
813 1914 918 1985 39:
959 1938 984 1960 ι
1015 1912 1159 1967 Mars
1184 1930 1399 1987 quoque
1419 1912 1505 1965 de-

469 2009 691 2063 prensus
741 1991 947 2047 fabrilia
991 1992 1206 2046 vincula
1250 1992 1411 2046 sensit
1453 2018 1500 2044 n.

473 2070 652 2124 Bunn.
687 2076 799 2122 Stat
836 2070 1054 2123 omnino
1088 2070 1302 2137 melius,
1340 2089 1503 2142 quam

471 2164 612 2202 stans
634 2170 654 2199 .·
691 2148 785 2202 sed
804 2161 1020 2222 poetam
1047 2149 1192 2203 hunc
1219 2150 1503 2221 participiis

471 2228 550 2279 uti
584 2226 777 2294 solere,
814 2246 911 2300 pro
947 2238 1184 2299 tempore
1217 2230 1503 2283 verborum

471 2317 730 2377 praesente
768 2306 854 2360 vel
887 2306 1230 2377 imperfecto,
1263 2310 1374 2381 jam
1402 2326 1502 2361 sae·

473 2384 594 2456 pius
621 2382 881 2447 vidimus;
913 2383 1020 2437 vid.
1041 2404 1175 2439 vers.
1203 2404 1333 2455 100,
1378 2404 1501 2457 127,

473 2476 526 2517 et
553 2483 679 2517 mox
704 2482 820 2533 179.

551 2546 666 2613 178.
683 2550 754 2595 Ae
767 2546 949 2612 Paphie
966 2562 1202 2595 conversa
1221 2548 1367 2597 dolet.
1381 2542 1505 2595 Haec

475 2620 743 2694 dinjuncta
762 2642 794 2675 a
813 2622 1153 2693 sequentibus
1169 2612 1505 2674 Burmannus'

473 2702 658 2777 paullo
709 2701 860 2755 aliter
907 2698 1278 2772 distinguenda
1321 2712 1507 2772 putat,

475 2794 635 2853 atque
673 2780 786 2852 ipse
817 2778 998 2833 edidit.
1037 2780 1086 2831 Α,
1122 2798 1231 2851 quo
1267 2798 1366 2851 ego
1396 2796 1508 2833 non

479 2860 821 2922 dissentiens,
849 2860 926 2913 ita
943 2860 1104 2913 verba
1127 2858 1366 2930 intelligo
1391 2877 1405 2911 ε
1441 2864 1513 2911 At

477 2943 657 3011 Paphie
688 2937 906 3012 quidem
945 2959 1045 2991 non
1083 2939 1156 2991 ob
1193 2937 1300 2991 hoc
1340 2942 1472 2991 dolet
1487 2978 1505 2999 ‚

479 3022 687 3072 crimina
697 3021 836 3089 facti
853 3019 935 3071 sui
962 3037 1197 3071 conversa
1225 3036 1338 3072 esse
1350 3058 1367 3085 ,
1383 3017 1438 3070 h.
1463 3037 1510 3070 e.

479 3112 588 3153 tam
615 3098 754 3151 male
789 3098 1010 3152 vertisse
1038 3110 1092 3152 et
1109 3098 1402 3152 infaustum
1429 3117 1513 3153 ex-

476 3181 614 3232 itum
641 3178 918 3243 habuisse5
952 3182 1044 3231 sed
1079 3178 1184 3232 hoc
1212 3193 1402 3231 tantum
1434 3200 1515 3230 co-

481 3262 645 3327 gitat,
693 3260 810 3309 dum
850 3259 1046 3327 singula
1087 3263 1291 3311 volvens
1335 3258 1514 3311 animo

484 3348 588 3402 est,
624 3334 710 3393 vel
736 3336 931 3403 volvit,
958 3356 1069 3405 quoe
1089 3342 1156 3389 sit
1180 3340 1407 3391 vindicta
1425 3342 1517 3389 sibi

488 3412 743 3486 eligenda.
782 3414 887 3468 Sed
921 3415 1157 3487 Higtius,
1187 3427 1515 3471 memorante

486 3494 827 3561 Bur-manno,
863 3494 952 3547 hic
995 3495 1243 3567 legebat:
1283 3496 1514 3565 confessa

487 3579 622 3627 dolet
651 3594 750 3625 non
779 3576 988 3625 cn'mt'na
996 3575 1134 3644 faeti
1145 3612 1162 3636 ,
1201 3586 1262 3627 ut
1284 3576 1515 3643 confessa

483 3666 538 3707 et
575 3673 812 3707 conversa
842 3654 1004 3709 etiam
1040 3664 1435 3707 commutantur
1455 3654 1515 3707 in

486 3734 648 3788 Ovid.
677 3735 893 3789 Metam.
912 3736 989 3802 V,
1017 3734 1134 3789 215.
1157 3734 1312 3789 Conf.
1335 3746 1513 3789 tamen

487 3834 702 3869 versum
727 3814 906 3868 Nostri
930 3816 980 3869 8.

570 3894 682 3947 180.
707 3900 770 3945 Ee
785 3914 983 3962 pomam
1006 3897 1170 3956 sentit,
1187 3892 1246 3946 id
1267 3906 1373 3958 est,
1395 3908 1514 3967 post

491 3972 714 4025 multam
751 3972 1188 4027 deliberationem
1226 3977 1396 4037 sentit,
1427 3974 1511 4027 vi·

490 4048 578 4103 det
595 4089 612 4115 ‚
625 4073 830 4119 poenam
857 4073 974 4107 eam
1000 4054 1251 4126 optimam
1277 4054 1514 4111 futuram

1588 1374 1733 1420 esse,
1762 1359 1809 1407 si
1846 1360 2047 1409 Plaoebus
2090 1369 2311 1416 amaret,
2336 1354 2385 1407 si
2432 1370 2616 1406 amore

1590 1435 1771 1507 aliquo
1788 1436 1986 1489 irretiri
1997 1435 2179 1507 poenit.
2192 1436 2409 1501 Quanto
2420 1432 2618 1487 melius

1588 1513 1704 1567 hoec
1732 1526 1917 1569 narrat
1942 1514 2164 1569 Ovidius
2190 1514 2315 1567 Met.
2346 1513 2448 1576 IV,
2483 1528 2615 1581 190:

1591 1618 1617 1640 ιι
1628 1594 1803 1667 Exigit
1818 1592 2005 1649 indicii
2023 1610 2315 1647 memorem
2334 1592 2618 1665 Cythereia

1590 1693 1799 1748 poenam
1816 1716 1832 1739 ,
1862 1676 2031 1747 Inque
2056 1673 2197 1727 vices
2236 1672 2386 1725 illurn
2406 1712 2423 1737 ,
2450 1681 2621 1723 tectos

1592 1754 1686 1827 qui
1737 1753 1868 1807 laesit
1922 1770 2129 1805 amores
2150 1790 2167 1815 ,
2209 1750 2383 1805 Laedit
2436 1768 2620 1803 amore

1630 1853 1709 1887 ari
1731 1858 1773 1887 ι.

1590 1854 1629 1907 p
1668 1914 1785 1965 181.
1805 1918 2015 1979 Jamque
2034 1910 2485 1978 d010*praepamns
2503 1929 2523 1957 :
2543 1907 2623 1961 sic

1593 2009 1777 2045 omnes
1823 1989 2046 2044 schedae.
2089 1986 2397 2061 Legendum
2438 1998 2621 2041 tamen

1593 2077 1805 2139 Jamque
1843 2072 1983 2121 dolos
2006 2088 2285 2139 properans
2298 2106 2315 2129 ,
2352 2066 2625 2119 locutione

1594 2147 2003 2221 elegantissima,
2024 2164 2133 2220 qua
2153 2166 2422 2215 properare
2445 2144 2625 2199 activo

1596 2228 2035 2283 sensuVeteribus
2067 2225 2505 2280 usitatissimum:
2531 2244 2630 2279 cn-

1589 2310 1677 2379 jus
1697 2305 1933 2379 exempla
1948 2306 2099 2378 larga
2116 2323 2283 2358 manu
2304 2301 2451 2357 dabit
2470 2304 2628 2357 Lam·

1594 2386 1706 2439 bin.
1736 2386 1807 2440 ad
1834 2386 2017 2441 Horat.
2044 2386 2131 2439 lib.
2156 2386 2245 2446 11,
2268 2382 2354 2435 od.
2380 2402 2435 2455 7,
2455 2402 2506 2437 v.
2532 2388 2624 2445 243

1595 2466 1893 2519 Broukhus.
1911 2464 1982 2519 ad
1994 2464 2195 2517 Tibull.
2210 2463 2299 2515 lib.
2318 2462 2420 2527 IV,
2434 2463 2485 2526 1,
2504 2461 2625 2515 205.

1596 2546 1780 2599 Banu.
1814 2576 1886 2585 -
1911 2542 2191 2597 Addantur
2222 2539 2435 2593 Flavius
2454 2540 2626 2612 Vopi-

1598 2642 1719 2677 scus
1746 2623 1799 2674 in
1830 2620 2045 2676 Probo:
2078 2649 2104 2668 α
2120 2620 2355 2675 Fatalem
2383 2638 2629 2691 propera-

1596 2703 1672 2755 vit
1688 2701 2051 2756 necessitatem
2067 2726 2110 2751 n.
2138 2698 2297 2755 Ovid.
2313 2700 2372 2751 in
2388 2698 2626 2752 Halieut.

1599 2782 1747 2854 quod
1776 2795 1924 2837 tomo
1953 2782 1982 2833 1
2006 2781 2165 2853 hujus
2191 2779 2321 2834 edit.
2351 2777 2625 2843 dedimus,

1602 2883 1656 2917 v-
1683 2864 1780 2934 57:
1816 2889 1837 2910 ι
1870 2900 1883 2914 .
1900 2874 2113 2935 ..atque
2138 2879 2235 2913 suo
2256 2870 2509 2932 properat
2524 2859 2628 2913 sibi

1600 2942 1793 2997 robore
1810 2944 1973 2997 letum
1997 2968 2043 2995 a.
2064 2944 2188 3015 Ipse
2206 2942 2357 3014 Virg.
2374 2940 2597 2993 AEn.1x
2610 2976 2627 3005 ,

1604 3031 1735 3089 401:
1778 3049 1800 3071 ι
1830 3022 2113 3094 pulchram
2136 3034 2383 3095 properat
2403 3040 2501 3093 per
2517 3020 2633 3072 vul-

1603 3120 1729 3155 nera
1756 3114 1983 3156 mortem
2001 3128 2044 3154 n.
2067 3101 2398 3173 Propertius,
2426 3100 2511 3163 11,
2546 3116 2631 3164 ιι,

1608 3199 1672 3253 27
1695 3202 1710 3237 :
1754 3208 1777 3230 ι
1812 3180 1973 3249 Quod
2002 3184 2047 3235 si
2090 3181 2229 3235 forte
2256 3181 2353 3234 tibi
2379 3196 2631 3252 propera-

1602 3274 1725 3315 rent
1762 3262 1865 3314 fata
1902 3260 2133 3333 quietem
2162 3280 2225 3329 ις
2262 3257 2410 3331 apud
2437 3274 2597 3331 quem
2614 3296 2629 3321 ,

1603 3343 1689 3405 11,
1715 3360 1809 3405 ιο,
1837 3360 1931 3405 20,
1958 3341 2051 3394 ubi
2072 3338 2237 3412 vulgo
2262 3338 2437 3395 editur
2473 3364 2497 3385 ι
2526 3354 2634 3389 ser-

1605 3432 1731 3475 vent
1756 3420 1903 3473 bunc
1932 3420 2067 3473 mihi
2090 3418 2197 3473 sata
2224 3417 2369 3472 diem
2384 3444 2411 3464 a·
2430 3458 2447 3483 ,
2472 3416 2635 3470 Hein-

1604 3500 1713 3553 sius
1746 3498 1970 3553 feliciter
2012 3498 2315 3571 corrigebat
2336 3507 2628 3567 properem,

1601 3580 1657 3633 in
1683 3578 1825 3631 notis
1858 3578 1929 3631 ad
1959 3578 2197 3650 Propert-
2218 3596 2273 3649 p.
2300 3572 2427 3627 688.
2462 3574 2632 3624 Luca-

1602 3677 1733 3721 nus,
1751 3659 1860 3711 VH
1879 3696 1895 3722 ,
1922 3656 2020 3712 50:
2056 3681 2080 3705 ι
2110 3654 2272 3709 Morti
2300 3651 2630 3723 vicinoepro·

1601 3748 1847 3809 perantes
1870 3737 2119 3791 admovet
2142 3734 2305 3787 horas
2330 3758 2371 3783 a.
2396 3730 2630 3796 Seneca,

1601 3816 1815 3871 Hercul.
1836 3818 1965 3871 (Εἰ.
1992 3817 2156 3869 1306:
2214 3839 2237 3861 ι
2262 3850 2275 3863 .
2292 3853 2305 3865 .
2322 3808 2633 3866 summotis

1601 3908 1761 3967 gnato
1811 3913 2033 3949 manum
2086 3889 2429 3965 Properando
2486 3907 2632 3942 mor·

1602 3986 1708 4027 tem
1733 3994 1795 4039 »ς
1837 3987 1899 4028 ut
1933 3974 2056 4047 legit
2102 3970 2347 4026 Heinsius
2361 4011 2378 4037 ‚
2414 3966 2629 4021 Advm.

1602 4054 1695 4121 11,
1745 4072 1809 4107 ιο
1832 4092 1849 4119 ,
1888 4074 1947 4127 p.
1982 4054 2100 4125 ²7⁸·
2142 4050 2349 4119 Quibus
2379 4047 2632 4120 exemplis
