2975 4684
440 343 451 358 '
505 355 550 436 4
1323 351 1833 418 PRAEFA‘rlo

507 522 653 595 que
702 499 1181 585 conveniunt,
1216 521 1353 568 uec
1402 499 1544 568 nisi
1595 497 1803 570 novis
1857 495 2254 568 scribarum
2307 494 2640 568 ludibriis

504 628 892 718 disserunt,
936 651 1178 700 rarum
1229 641 1301 700 et
1344 626 1708 702 lubricum
1753 627 2186 702 emendandi
2223 627 2636 726 praesidium

507 760 663 835 suit.
698 759 1055 859 Josephus
1094 759 1409 857 Scaliger
1452 760 1768 858 plurima
1810 759 2108 858 quidem
2156 761 2234 832 in
2275 760 2418 833 hoc
2459 785 2638 860 poe-

504 907 733 982 mate,
760 891 889 965 sed
924 890 1303 963 dictatorio
1338 893 1560 988 magis
1602 891 1915 987 judicio,
1961 914 2180 988 quam
2217 891 2458 964 sobria
2493 893 2637 962 dis-

500 1025 896 1124 quisitione
920 1076 939 1110 ,
973 1020 1421 1110 emendavit,
1464 1047 1702 1121 eoque
1737 1047 1926 1122 saepe
1962 1024 2192 1096 aliena
2236 1039 2469 1122 poetae
2508 1024 2634 1096 ad-

418 1205 427 1216 ·
504 1157 737 1230 finxit.
794 1153 1132 1228 Gorallus
1183 1152 1503 1252 denique
1557 1156 1835 1253 optime
1885 1154 2179 1252 quidem
2229 1159 2496 1228 meruit
2547 1157 2638 1229 de

504 1289 647 1360 hoc
683 1287 999 1359 carmine
1017 1338 1037 1373 ,
1070 1284 1291 1382 idque
1331 1308 1485 1361 non
1525 1300 1814 1357 tantum
1855 1287 2196 1384 castigare
2234 1287 2640 1386 diligenter,

506 1420 634 1491 sed
684 1433 757 1490 et
800 1417 1160 1516 explicare
1213 1417 1580 1490 luculente
1633 1417 1948 1506 studuit3
1985 1419 2110 1491 sed
2151 1397 2224 1491 ‘ei
2274 1420 2520 1493 multis
2563 1423 2640 1491 in

504 1553 683 1626 locis
720 1551 963 1622 critica
998 1549 1287 1621 solertia
1323 1564 1397 1621 et
1436 1560 1671 1628 ιύστοχὶα
1712 1548 1982 1640 defuit,
2016 1575 2248 1652 eoque
2283 1553 2515 1626 multa
2539 1556 2638 1623 vi-

508 1687 691 1758 tiosa
724 1682 837 1754 vel
880 1683 1217 1781 praeteriit
1268 1705 1419 1752 non
1460 1681 1984 1771 animadversa,
2025 1685 2140 1756 vel
2179 1708 2434 1781 parum
2483 1683 2642 1758 seli-

504 1819 681 1888 citer
712 1813 1141 1888 emendavit.
1177 1818 1436 1910 Itaque
1474 1838 1735 1908 novam
1775 1816 2274 1887 recensionem
2309 1817 2644 1888 carminis

506 1972 906 2047 aggressuS‚
939 1961 1201 2044 praeter
1220 1943 1557 2042 Scaligeri
1594 1961 1668 2017 et
1702 1946 1978 2018 Goralli
2011 1969 2266 2044 operas
2285 2003 2304 2036 ,
2335 1946 2643 2018 aliorum

506 2079 1046 2152 observationes
1070 2131 1089 2162 ,
1118 2077 1381 2173 passim
1413 2093 1736 2175 repertas
1754 2132 1773 2165 ,
1803 2077 2174 2166 consului,
2205 2077 2429 2150 libros
2455 2092 2644 2149 vete·

505 2235 623 2284 res
640 2267 659 2301 ,
684 2211 987 2308 scriptos
1016 2223 1088 2280 et
1112 2231 1417 2280 excusos
1434 2262 1453 2295 ,
1472 2206 1718 2280 denuo
1744 2210 2055 2298 contuli,
2081 2235 2374 2282 sensum
2402 2224 2646 2283 aucto-

504 2346 603 2417 ris
638 2315 1041 2414 accuratius
1080 2338 1442 2436 indagavi,
1463 2339 1832 2437 verbaque
1860 2365 1899 2411 e
1927 2344 2239 2439 vestigiis
2273 2357 2642 2442 corrupta·

510 2501 674 2548 rum
721 2475 1120 2547 lectionum
1158 2486 1228 2544 et
1268 2473 1532 2544 criticis
1575 2472 2016 2560 rationibus,
2045 2474 2288 2545 multis
2319 2476 2395 2544 in
2425 2474 2644 2565 lociS,

509 2613 777 2683 rectius
808 2609 1183 2696 constitui3
1218 2607 1421 2705 quod
1457 2607 1722 2704 cuique
1745 2607 2018 2679 Goralli
2049 2607 2440 2681 editionem
2477 2635 2642 2682 cum

512 2766 673 2813 mea
691 2742 1142 2839 comparanti
1160 2739 1558 2837 apparebit.
1581 2743 1674 2820 Et
1691 2741 2035 2836 quoniam
2057 2741 2130 2809 in
2148 2739 2293 2812 hoc
2311 2755 2648 2839 poemate

512 2872 794 2946 subtilis
846 2887 919 2944 et
964 2873 1279 2942 intricati
1328 2872 1736 2968 argumenti
1786 2871 2278 2944 emendatiore
2331 2873 2647 2946 lectione

512 3002 699 3104 saepe
723 3029 977 3076 sensus
995 3003 1312 3075 auctoris
1332 3004 1556 3100 magis
1573 3001 2050 3076 declarandus
2066 3059 2085 3092 ,
2107 3018 2182 3076 et
2204 3003 2650 3077 sublevanda

508 3138 867 3208 lectorum
921 3133 1398 3230 intelligentia
1453 3130 1621 3221 fuit,
1665 3133 1838 3206 hinc
1889 3134 2380 3233 frequentius,
2427 3161 2648 3235 quam

514 3269 685 3340 alias
735 3267 1114 3353 consuevi,
1152 3263 1371 3336 verba
1420 3266 1554 3337 abs
1600 3289 1718 3337 me
1765 3291 1896 3364 per
1949 3269 2442 3364 conjecturam
2488 3294 2646 3341 cor-

512 3415 711 3472 recta
732 3453 751 3485 ,
792 3400 854 3469 si
914 3399 1078 3488 satis
1134 3393 1511 3467 manifesta
1567 3399 1754 3468 ratio
1812 3415 1996 3470 esset
2018 3455 2037 3488 ,
2088 3401 2164 3470 in
2225 3417 2646 3474 contextum

513 3547 749 3632 poetae
798 3529 1050 3616 intuli,
1091 3553 1186 3600 ne
1237 3527 1630 3601 lectoribus
1679 3555 1887 3602 mora
1931 3530 2174 3619 fieret,
2215 3547 2288 3604 et
2337 3535 2411 3604 in
2459 3535 2652 3605 notis

515 3665 853 3751 demum,
912 3660 1113 3759 quod
1160 3664 1428 3734 rectius
1483 3677 1558 3733 et
1613 3662 1703 3734 ad
1759 3664 2314 3763 intelligendum
2377 3668 2648 3764 aptiuS,

518 3792 992 3895 quaerendum
1042 3808 1265 3878 esset;
1303 3795 1475 3866 alias
1525 3809 1766 3868 tamen
1825 3799 2370 3872 emendationes
2396 3855 2416 3884 ‚
2473 3825 2654 3896 quas

520 3928 838 4000 viderem
898 3929 1139 3999 minus
1184 3943 1308 3999 aut
1353 3933 1785 4002 necessarias
1825 3946 1949 4003 aut
1993 3947 2223 4005 certas
2257 3957 2450 4021 esse,
2485 3934 2654 4004 satis

518 4056 740 4130 habui
791 4061 863 4129 in
917 4057 1383 4131 adnotatione
1432 4061 1764 4134 indicare.
1819 4065 1945 4136 His
1987 4081 2228 4137 autem
2275 4064 2653 4152 omnibuS‚
