2975 4684
371 421 1553 444 mmmmm-‘mmmm
1558 412 2443 442 mmmmmmm
2448 419 2507 438 W

1369 680 1493 778 V.

405 967 548 1086 T.
643 961 1583 1088 PETRONII
1694 959 2461 1086 ARBITRI

897 1245 1430 1326 CARMINA
1498 1193 1983 1327 MINORA.

1018 1736 1072 1801 Ι.
1122 1733 1261 1803 DE
1309 1734 1763 1805 SOMNIIS
1799 1734 1850 1798 ⁴¹.

339 2067 350 2077 ·
467 1929 816 2062 Somnia,
853 2001 1000 2071 quae
1037 1990 1296 2046 mentes
1333 1974 1577 2044 ludunt
1612 1976 2042 2046 volitantibus
2084 1979 2373 2058 umbriS‚

460 2092 616 2160 Non
656 2087 934 2156 delubra
969 2091 1223 2174 Deum,
1259 2109 1384 2154 nec
1424 2085 1509 2154 ab
1542 2087 1784 2156 aethere
1819 2089 2095 2157 numina
2136 2091 2451 2170 mittunt,

438 2303 588 2357 *Hoc
611 2315 663 2357 et
690 2303 916 2357 alterum
933 2341 950 2367 ‚
971 2303 1022 2356 ei
1043 2301 1348 2376 adjunctum
1366 2338 1382 2365 ‚

369 2384 684 2455 epigramma
723 2384 792 2437 de
830 2383 1058 2437 somniis
1095 2381 1288 2454 legitur
1331 2380 1384 2432 in

367 2462 602 2516 Petronii
625 2463 874 2530 satirico,
909 2481 1027 2536 cap.
1056 2469 1154 2524 104
1183 2473 1236 2514 et
1263 2461 1381 2513 128.

365 2541 597 2614 Scaliger
650 2555 936 2614 utrumque
981 2540 1208 2613 protulit
1249 2540 1388 2592 inter

366 2623 628 2676 catalecta
647 2635 749 2677 vet.
770 2635 908 2696 poet.
933 2623 1028 2677 lib.
1047 2623 1104 2674 11
1124 2660 1139 2687 ,
1172 2642 1231 2695 p.
1254 2620 1386 2684 254,

365 2701 681 2772 repetiitque
717 2702 776 2756 P.
811 2703 1147 2756 Burmannus
1185 2701 1238 2754 in·
1282 2701 1392 2754 fine

362 2779 486 2834 libri
501 2781 582 2834 VI
605 2781 824 2837 Anthol.
846 2783 968 2836 Lat.
987 2801 1108 2856 pag.
1124 2784 1246 2846 641.
1273 2781 1390 2834 Hoc

363 2871 586 2914 testante
601 2899 618 2926 ,
653 2861 708 2916 in
747 2862 932 2918 codiee
963 2861 1240 2916 Claudiani
1259 2861 1390 2914 Vos-

366 2940 515 2994 siano
539 2941 748 3012 prefixa
779 2953 928 2996 erant
946 2939 1248 2995 Profationi
1268 2951 1389 2994 ante

365 3019 444 3073 VI
461 3021 622 3075 Cons.
642 3013 784 3074 Hon'.
805 3023 896 3075 ubi
917 3021 984 3075 de
1005 3021 1218 3074 somniis
1236 3038 1388 3092 pror·

365 3119 452 3154 sua
474 3099 663 3154 similia
686 3099 971 3154 dicuntur:
994 3128 1020 3147 a
1037 3101 1255 3166 Omnia,
1269 3117 1388 3172 qun

365 3199 520 3234 sensu
552 3181 840 3235 volvuntur
863 3195 984 3234 vota
1019 3180 1214 3234 diurno
1232 3218 1249 3245 ,
1282 3179 1386 3232 Pe·

365 3272 510 3314 ctore
549 3261 718 3333 sopito
769 3259 948 3314 reddit
987 3261 1152 3314 amica
1197 3259 1346 3332 quiea
1366 3297 1382 3322 ‚

363 3353 464 3393 etc.
482 3367 508 3386 ι·
559 3339 664 3395 Sed
703 3354 928 3414 uterque
968 3353 1118 3413 poeta
1169 3341 1281 3394 hoc
1321 3359 1384 3394 ex

365 3419 508 3472 fonte
547 3419 864 3474 Lucretiano
901 3420 1077 3473 hausit
1094 3458 1109 3484 ,
1147 3420 1237 3474 lib.
1260 3421 1342 3472 VI
1365 3461 1382 3486 ,

366 3517 418 3550 v.
441 3502 548 3567 960
567 3517 716 3571 seqq.
733 3499 828 3572 qui
849 3500 997 3553 locus
1017 3501 1238 3554 omnino
1259 3519 1388 3553 con-

365 3577 620 3632 ferendus
640 3599 764 3632 cum
783 3581 996 3634 Noatm.
1009 3579 1256 3634 Barthins
1278 3581 1389 3634 No·

365 3669 533 3710 strum
559 3656 818 3724 illustrat,
848 3670 902 3713 et
931 3679 1054 3712 cum
1086 3660 1204 3712 loco
1237 3661 1392 3714 Clau·

364 3735 504 3790 diani
535 3741 806 3810 componit
835 3739 889 3791 in
919 3739 1138 3792 Advers.
1165 3740 1257 3794 lib.
1280 3739 1352 3792 LI
1369 3777 1386 3803 ‚

363 3833 483 3888 cap.
505 3815 560 3869 3.
601 3817 896 3889 Stephanus
931 3819 1066 3872 inter
1097 3818 1386 3890 fragmenta

363 3894 596 3949 Petronii
614 3897 762 3968 prins
777 3899 1096 3971 epigramma
1119 3917 1228 3951 non
1246 3911 1387 3952 retn-

363 3974 420 4026 lit
439 4013 456 4038 ‚
498 3987 658 4048 atque
679 3977 818 4030 idem
841 3977 896 4031 in
923 3977 1104 4031 codice
1123 4018 1138 4044 ,
1177 3996 1336 4049 quem
1357 3998 1386 4032 e

363 4057 681 4110 membranis
706 4057 912 4128 Cujacii
951 4077 1042 4110 sua
1084 4075 1242 4110 manu
1289 4055 1384 4110 de·

363 4134 638 4206 scripserat
652 4135 902 4207 Scaliger,
919 4149 968 4190 et
983 4138 1134 4208 cujus
1145 4135 1382 4188 meminit

1473 2300 1533 2354 in
1558 2302 1697 2355 notis
1726 2302 1795 2356 ad
1820 2304 2113 2371 catalecta,
2152 2325 2205 2376 p.
2230 2323 2328 2359 noo
2344 2343 2361 2368 ,
2390 2304 2496 2358 hoc

1475 2381 1595 2434 loco
1617 2381 1847 2436 defuisse
1866 2397 2123 2438 memorat
2145 2385 2494 2438 Burmannus.

1552 2480 1597 2514 ι.
1631 2465 1950 2516 Volitanoe’bus
1972 2468 2149 2518 umbris
2164 2503 2181 2524 ‚
2226 2465 2261 2516 i.
2284 2483 2337 2518 e.
2360 2464 2493 2518 dum

1473 2541 1659 2596 Manes
1676 2553 1835 2596 noctu
1854 2555 2131 2616 vagantur,
2154 2562 2279 2598 cum
2298 2542 2497 2614 quibus

1479 2633 1533 2674 et
1559 2621 1760 2675 nomnia
1790 2622 1958 2676 emitti
1989 2624 2235 2677 credebat
2267 2633 2499 2678 vetustae

1477 2700 1851 2774 superstitiosa.
1885 2702 2083 2757 ovidio
2098 2744 2114 2770 ‚
2142 2705 2322 2756 Amor.
2342 2703 2371 2755 1
2385 2744 2401 2770 ‚
2424 2707 2457 2756 6
2476 2741 2494 2764 ,

1484 2781 1582 2834 13:
1621 2807 1647 2826 «ι
1666 2782 1776 2835 Nec
1796 2799 1941 2834 mora
1960 2819 1977 2845 ,
2014 2783 2155 2836 venit
2172 2801 2349 2836 amor:
2388 2801 2496 2835 non

1477 2859 1691 2914 umbras
1708 2872 1863 2913 nocte
1880 2861 2117 2914 volantes
2133 2901 2149 2926 ‚
2185 2862 2307 2914 Non
2334 2861 2497 2915 timeo

1477 2939 1683 2993 strictas
1709 2939 1765 2992 in
1788 2959 1903 2994 mea
1933 2941 2035 2994 fata
2060 2959 2249 2994 manus
2266 2967 2308 2992 ιι.
2340 2941 2501 3012 Apud

1477 3019 1717 3092 Propert.
1736 3021 1835 3083 lv,
1854 3039 1909 3092 7,
1932 3023 2021 3092 87,
2046 3021 2232 3074 umbra
2255 3021 2497 3094 Cynthiae

1476 3118 1735 3172 apparens
1757 3117 1771 3152 :
1799 3127 1825 3146 κ
1842 3103 1953 3154 Nec
1979 3113 2039 3154 tu
2061 3119 2251 3172 sperne
2270 3099 2375 3171 piis
2402 3121 2496 3155 ve-

1475 3180 1669 3234 nientia
1690 3181 1895 3234 somnia
1921 3180 2107 3252 portia.
2121 3218 2133 3230 .
2146 3181 2338 3234 ‚Nocte
2352 3199 2497 3251 vago

1473 3260 1736 3314 ferimur:
1773 3279 1883 3314 nox
1916 3260 2118 3314 clausas
2154 3260 2343 3313 liberat
2373 3279 2491 3313 um·

1471 3340 1617 3394 bras.
1635 3380 1648 3392 .
1664 3343 1832 3394 ,Luce
1868 3341 2057 3412 jubent
2102 3341 2239 3412 leges
2280 3340 2493 3394 Lethea

1471 3421 1540 3474 ad
1560 3432 1741 3492 stagna
1756 3421 1951 3476 reverti
1970 3447 2013 3476 n.
2030 3421 2183 3492 Vix-g.
2212 3422 2335 3472 AEn.
2358 3421 2462 3473 vll
2479 3459 2496 3483 ,

1479 3503 1586 3573 89:
1610 3501 1813 3554 «Multa
1840 3500 2011 3555 modis
2048 3499 2323 3553 simulacra
2356 3499 2497 3552 videt

1478 3580 1751 3633 volitantia
1770 3580 1918 3637 miris
1938 3605 1981 3633 ι.
2002 3579 2177 3643 Idem,
2194 3577 2411 3646 ibidem,
2432 3580 2499 3645 X,

1478 3663 1609 3724 641:
1636 3686 1662 3707 οι
1680 3661 1853 3715 Morte
1884 3661 2025 3714 obita
2054 3660 2233 3730 quales
2262 3659 2397 3711 fama
2420 3671 2498 3712 est

1476 3741 1697 3794 volitare
1730 3739 1925 3812 figuras
1940 3777 1955 3804 ,
2002 3741 2107 3790 Aut
2145 3755 2263 3810 quae
2298 3739 2498 3810 sopitos

1475 3818 1734 3873 deludunt
1772 3821 1973 3873 somnia
2012 3837 2193 3872 sensus
2216 3843 2261 3870 n.
2290 3817 2494 3872 —vid.

1475 3911 1657 3952 notata
1682 3911 1859 3952 nostra
1888 3898 1956 3951 ad
1982 3898 2213 3952 Halieut.
2238 3898 2459 3952 alterum
2479 3936 2493 3960 ,

1475 3979 1623 4049 quod
1642 3991 1721 4032 est
1738 3977 2034 4032 Nemesiani
2047 4018 2062 4045 ,
2084 3977 2153 4030 ad
2170 3997 2379 4032 versum
2398 3981 2463 4032 62
2480 4020 2494 4044 ,

1475 4057 1633 4132 hujus
1654 4058 1824 4130 operis
1844 4071 1886 4112 t.
1910 4058 1995 4124 11,
2020 4077 2069 4128 p.
2096 4059 2214 4122 234.
2250 4057 2354 4113 En.

1548 4157 1597 4190 2.
1617 4143 1733 4190 Non
1758 4141 1961 4191 delubra
1978 4143 2156 4191 Deum.
2178 4137 2292 4193 Hoc
2314 4137 2381 4191 ad
2405 4157 2491 4192 ex·
