2975 4684
851 393 1410 462 LAURENTII
1471 396 1593 462 ET
1652 395 2031 464 MARIAE..

2374 399 2513 496 399

479 496 591 588 s'ic
631 517 838 585 rubor
873 531 942 583 et
976 515 1228 584 candor
1269 517 1559 609 pingunt
1598 517 1715 586 tibi
1735 571 1753 604 ,
1785 518 2021 587 florida
2046 572 2065 606 ,
2100 521 2339 592 vultuS.

479 629 790 720 Denique
827 627 1172 714 miramur,
1207 626 1370 720 quid
1407 625 1577 726 colla
1598 627 1887 696 ¹monilia
1924 644 2204 721 gestent,

479 744 582 810 Ex
617 739 914 808 humeris
949 737 1192 806 frustra
1227 736 1535 832 phaleras
1576 739 1865 832 imponis
1900 739 2207 834 eburnas.
2466 765 2513 802 35

481 853 658 922 Nam
693 849 815 918 tibi
846 871 984 916 non
1015 871 1330 942 gemmae,
1359 846 1474 916 sed
1512 863 1587 915 tu
1624 847 1739 916 das
1772 847 2027 917 lumina
2060 851 2369 943 gemmis3

482 961 704 1052 Atque
739 957 900 1026 alias
939 959 1172 1039 comit,
1205 981 1326 1051 per
1365 973 1430 1026 te
1466 958 1894 1052 componitur
1926 983 2181 1027 aurum.

401 1087 414 1094 ·
499 1121 1046 1138 ............
1068 1067 1428 1163 scriptique
1468 1083 1675 1136 tenax
1715 1067 2039 1162 veloxque
2082 1067 2339 1162 legendi

497 1231 1042 1247 ............
1061 1176 1208 1248 talis
1239 1177 1446 1246 fueris
1489 1202 1781 1271 praesaga
1823 1178 2080 1266 mariti,

498 1341 708 1358 .....
726 1292 976 1358 Musaea
1009 1290 1138 1358 tuis
1171 1277 1414 1358 insedit
1448 1313 1609 1356 cura
1650 1286 1977 1356 medullis.
2151 1289 2159 1299 ‘
2468 1315 2518 1354 40

484 1401 624 1472 Nec
660 1400 882 1468 minus
920 1401 990 1468 in
1025 1399 1314 1494 propriis
1353 1397 1687 1468 studium:
1734 1422 1891 1466 nam
1929 1396 2169 1466 vellera
2208 1397 2371 1468 lanae

480 1508 848 1578 Textilibus
885 1507 1164 1578 calathis
1207 1533 1464 1603 semper
1500 1525 1757 1578 traxere
1790 1509 2036 1602 perita,

390 1711 446 1744 v.
467 1707 530 1743 υ
545 1729 560 1756 ,
584 1691 778 1742 Incerti
806 1689 876 1743 ad
896 1689 1140 1762 Lydiam,
1153 1689 1300 1761 quod
1319 1689 1411 1742 de-

386 1767 562 1822 dimus
583 1769 697 1842 huj.
719 1787 806 1840 op.
832 1779 870 1820 t.
890 1769 945 1821 11
961 1807 976 1832 ,
996 1788 1055 1841 p.
1078 1771 1196 1832 454.
1217 1771 1317 1823 Ει).

461 1848 543 1901 33.
563 1849 644 1901 Se‘c
659 1853 807 1900 rubor
827 1865 878 1900 et
898 1853 1102 1900 candor.
1123 1848 1248 1901 Post
1266 1847 1412 1902 hunc

388 1945 600 1981 versum
613 1927 864 1980 nonnulla
881 1926 1133 2006 excidisse
1146 1927 1414 1990 videntur,

385 2004 535 2078 qnod
580 2005 804 2058 suadent
841 2006 1188 2078 praecedentia
1239 2012 1328 2058 Ad
1366 2021 1412 2057 te

385 2103 488 2136 non
514 2089 730 2147 breviter,
757 2097 857 2139 etc.
897 2098 950 2137 et
982 2095 1156 2138 tamen
1182 2086 1266 2137 vix
1301 2085 1410 2138 for-

387 2181 532 2217 matn
585 2181 786 2234 sponsa
833 2164 1052 2218 laudare
1098 2183 1372 2237 aggressus
1395 2206 1411 2231 ,

387 2261 514 2296 mox
547 2243 820 2316 subjungit
847 2245 1234 2316 intempestive:
1257 2248 1412 2296 Deni-

389 2343 487 2390 que
509 2325 762 2386 nsit-amur,
789 2333 888 2376 etc.
913 2323 1088 2378 Eunu.

462 2403 550 2466 34.
582 2404 716 2470 Quid
732 2405 864 2453 colla
887 2405 1090 2454 monilia
1104 2417 1318 2471 gestent.
1347 2403 1411 2455 In

389 2482 532 2534 hanc
559 2481 870 2534 sententiam
883 2482 1136 2536 Arbon-ius
1161 2480 1230 2535 ad
1258 2499 1412 2554 nym-

390 2559 550 2632 pham
569 2558 730 2612 nimis
753 2559 976 2626 cultam,
993 2580 1040 2615 v.
1069 2579 1160 2631 17:
1186 2587 1210 2607 α
1225 2563 1413 2614 Incen-

389 2637 528 2692 dnnt
569 2639 785 2693 niveum
829 2639 1012 2692 lunata
1054 2641 1268 2694 monilia
1309 2640 1414 2693 eol-

356 2716 370 2724 *
390 2718 504 2771 lum
520 2720 656 2771 :Nee
671 2717 868 2770 collum
883 2719 1100 2789 simplex
1111 2717 1414 2772 dedecuisse

387 2809 564 2868 potest
583 2823 626 2850 υ.
666 2821 679 2833 ·

465 2877 549 2930 35.
567 2879 801 2928 Phaleras
820 2879 1028 2944 imponis
1047 2881 1273 2930 eburnas.
1290 2875 1411 2929 Non

391 2954 582 3008 dubito
597 2995 614 3020 ‚
639 2954 771 3027 quin
791 2953 1075 3028 legendum
1097 2955 1184 3020 sit,
1204 2958 1414 3027 «Atque

390 3031 628 3089 humeris
669 3033 866 3088 frustra
900 3034 1142 3105 phaleras
1185 3035 1414 3108 imponis

392 3115 608 3168 eburnis
626 3139 648 3160 ο
664 3152 677 3165 .
697 3114 816 3166 Non
845 3114 988 3168 enim
1007 3114 1238 3188 phalera
1261 3115 1415 3168 ebur-

391 3211 492 3260 nae,
511 3192 826 3247 sedhumeri
846 3191 1035 3246 eburni
1054 3192 1158 3246 dici
1177 3205 1414 3264 possunt,

392 3285 452 3326 ut
469 3277 682 3326 ebus-mm
705 3275 836 3324 eolla
860 3269 1002 3342 apud
1024 3271 1184 3324 Ovid.
1203 3271 1414 3324 Metam.

395 3353 508 3414 111,
549 3358 652 3414 15²²
669 3386 686 3412 ‚
721 3361 776 3402 et
819 3353 986 3402 cervia:
1027 3354 1244 3402 eburnea
1289 3349 1414 3403 Her.

395 3429 524 3493 XX,
547 3431 616 3500 57
635 3447 648 3480 :
668 3432 885 3497 phalera
902 3427 1143 3482 hocloco
1162 3448 1260 3500 pro
1280 3448 1420 3502 gem-

394 3512 526 3577 mis,
551 3509 851 3581 margaritis
873 3521 927 3561 et
949 3507 1152 3563 mundo
1178 3511 1422 3563 muliebri

393 3602 693 3662 ponuntur,
717 3588 880 3660 plane
906 3589 1221 3642 insolenter:
1249 3608 1422 3662 neque

395 3669 452 3722 id
481 3668 800 3723 vocabulum
837 3668 906 3721 ab
949 3668 1062 3722 aliis
1088 3669 1164 3721 sic
1201 3687 1420 3741 usurpa-

397 3762 512 3802 tum
534 3747 774 3802 memini.

471 3827 558 3882 36.
589 3833 690 3879 Sed
703 3842 753 3878 m
773 3831 870 3878 das
887 3830 1073 3878 Imnina
1095 3829 1320 3896 gemmis.
1347 3825 1424 3880 Si-

396 3907 598 3960 militer
617 3903 904 3969 Arborius,
929 3923 981 3958 v.
1007 3907 1105 3959 23:
1150 3929 1174 3952 ι
1201 3905 1327 3968 Dic,
1351 3917 1424 3958 te-

397 3983 547 4040 retes‘
555 3984 750 4058 digitos
776 4003 940 4057 quare
964 3987 1189 4038 annulus
1217 3999 1269 4038 et
1289 3985 1423 4057 lapis

401 4066 570 4119 ambit
588 4103 604 4128 ,
643 4065 826 4130 Quum
873 4075 1060 4120 teretes
1104 4064 1254 4137 digiti
1301 4065 1424 4120 dent

399 4147 630 4216 pretium
651 4143 820 4216 lapidi
839 4171 880 4202 ιο..

1571 1691 1659 1759 37.
1684 1696 1776 1741 Per
1792 1705 1839 1740 te
1859 1692 2163 1756 componitur
2179 1709 2353 1744 aarum
2366 1731 2383 1752 ,
2409 1695 2445 1746 i.
2466 1714 2514 1747 e.

1500 1781 1718 1822 ornatur
1759 1783 1815 1822 et
1861 1767 2182 1832 honestatur,
2220 1789 2330 1842 quo
2366 1791 2521 1826 sensu

1500 1849 1722 1902 verbum
1760 1865 2081 1919 componere
2118 1869 2149 1901 a
2186 1851 2521 1921 sequioribus

1502 1927 1743 1998 usurpari
1762 1927 1945 1980 notavi
1968 1926 2038 1980 ad
2052 1929 2262 1980 Arborii
2284 1930 2521 2002 elegiam,

1500 2005 1611 2080 huj.
1632 2024 1720 2077 op.
1748 2017 1789 2056 t.
1816 2007 1905 2068 11,
1937 2020 1993 2076 p.
2019 2023 2141 2075 ²71·
2173 2008 2273 2060 En.

1574 2086 1659 2137 38.
1674 2087 1941 2152 δον-ἱμείρεις
1958 2099 2129 2136 tenax.
2151 2085 2397 2140 Laudare
2410 2090 2520 2159 jam

1499 2163 1729 2216 Mariam
1746 2161 1959 2216 videtur
1977 2175 2039 2214 ut
2064 2161 2323 2217 eruditam
2348 2179 2398 2218 et
2419 2181 2525 2220 stu-

1500 2241 1703 2295 diosam
1752 2242 2042 2294 literarum.
2106 2241 2269 2296 Unde
2322 2247 2524 2300 lacuna

1499 2319 1691 2373 horum
1708 2337 1954 2374 versuum
1970 2320 2045 2372 sic
2062 2322 2258 2391 expleri
2278 2339 2523 2394 possunt:
2570 2315 2577 2322 ’

1500 2427 1525 2446 ‹-
1545 2399 1797 2453 Proeterea
1832 2419 1887 2452 es
1912 2399 2201 2472 scriptique
2220 2412 2379 2456 tenax
2394 2443 2411 2468 ‚
2437 2425 2526 2458 ve·

1500 2481 1695 2549 lexque
1730 2477 1977 2550 legendi,
2012 2479 2081 2529 Et
2112 2491 2381 2552 tamquam
2408 2485 2526 2536 talis

1503 2558 1667 2610 fueris
1690 2575 1920 2630 prosaga
1948 2557 2154 2623 mariti,
2185 2559 2523 2632 sam-Munna

1500 2638 1607 2689 tuis
1628 2635 1822 2689 insedit
1854 2653 1979 2689 cura
2011 2633 2258 2690 medullis
2276 2663 2323 2690 ι.

1577 2723 1660 2780 40.
1680 2721 1877 2768 Musa-a
1894 2733 2043 2776 cura,
2064 2732 2217 2768 amor
2226 2717 2523 2785 Musarum,

1500 2794 1737 2849 studium
1758 2794 2045 2848 literarum.
2070 2799 2287 2846 Musam
2306 2817 2409 2869 pro
2426 2819 2491 2854 eo
2505 2842 2520 2866 ,

1502 2875 1597 2945 qui
1622 2893 1651 2926 a
1674 2873 1839 2928 Musis
1860 2884 1963 2934 est,
2003 2874 2085 2924 vel
2114 2871 2187 2924 ad
2210 2879 2389 2930 Musas
2410 2898 2524 2949 per-

1500 2954 1633 3006 tinet
1645 2992 1661 3019 ,
1684 2952 1944 3006 inferioris
1966 2950 2237 3006 latinitatis
2256 2974 2379 3010 vox.

1573 3037 1658 3094 41.
1694 3037 1799 3084 Nea
1830 3035 1989 3082 minus
2024 3035 2077 3084 in
2100 3037 2309 3101 propriis
2326 3073 2345 3097 ,
2394 3038 2449 3090 h.
2476 3057 2522 3089 e.

1503 3111 1561 3163 in
1595 3111 1756 3164 rebus
1780 3111 1867 3163 vel
1894 3111 2127 3176 artibus,
2165 3129 2283 3184 qnae
2308 3113 2527 3168 femina-

1499 3209 1619 3242 rum
1648 3201 1771 3242 sunt
1794 3190 2025 3261 propria
2043 3228 2059 3255 ,
2080 3209 2124 3244 e.
2144 3211 2195 3262 g.
2218 3195 2275 3245 in
2298 3194 2525 3252 lanificio

1504 3279 1555 3322 et
1580 3281 1801 3337 textura.

1579 3353 1666 3411 4²·
1692 3351 1958 3400 Tea-cilibm
1983 3353 2191 3404 calathis
2219 3371 2409 3420 semper
2428 3371 2529 3408 tra-

1509 3447 1631 3479 xere
1665 3429 1848 3496 perita.
1894 3427 1997 3480 Pro
2034 3442 2283 3502 corrupto
2326 3447 2528 3488 traxere

1510 3507 1577 3560 cl.
1602 3507 1937 3560 Burmannus
1960 3509 2327 3580 reponendum
2356 3526 2530 3567 censet

1512 3605 1701 3656 semper
1727 3590 1883 3640 maliis
1914 3603 2023 3641 aree
2040 3592 2224 3657 perita.
2264 3589 2377 3660 Ego
2403 3611 2531 3646 vero

1507 3667 1651 3721 malo
1670 3682 1884 3719 tractare
1890 3672 2077 3736 perita,
2098 3670 2136 3722 i.
2157 3686 2206 3720 e.
2226 3687 2343 3739 que
2362 3671 2529 3741 perita

1510 3765 1567 3800 es
1582 3759 1805 3800 tractare
1829 3747 2001 3801 lanam
2032 3747 2267 3802 calathis.
2296 3753 2528 3804 calathus

1512 3839 1590 3880 est
1608 3847 1702 3880 vas
1726 3828 2017 3881 vimineum
2034 3867 2050 3894 ,
2082 3847 2191 3900 quo
2220 3827 2423 3883 femine
2450 3829 2528 3882 la·

1513 3925 1639 3959 nam
1666 3907 1911 3961 facientes
1928 3925 2092 3980 pensa
2112 3927 2368 3980 reponere
2384 3946 2401 3972 ‚
2422 3921 2529 3962 tra-

1510 4000 1682 4053 ctare,
1702 3999 1913 4058 portare
1942 3986 2197 4040 solebant.
2228 3986 2385 4040 ovid.
2408 3987 2528 4056 ῌοικ

1517 4065 1597 4118 IX
1616 4105 1632 4132 ,
1654 4067 1747 4134 73:
1781 4091 1807 4112 κ
1830 4067 1977 4119 Inter
1998 4066 2237 4120 Ioniacas
2264 4067 2531 4124 calathum

1516 4146 1741 4200 tenuisse
1780 4144 1980 4217 puellas
1999 4171 2041 4199 υ.
2080 4145 2323 4199 Tibullus
2352 4151 2534 4215 quasil-
