2975 4684
440 361 580 453 474
983 361 1585 432 IIOMERISTAE
1648 361 2040 444 LATINI,

715 489 906 542 Nostra
933 488 1138 544 dabunt
1171 491 1299 546 alios
1324 490 1483 544 hodie
1512 491 1759 544 convivia
1785 489 1959 544 ludos.

722 577 978 632 Conditor
995 579 1187 634 Iliados
1211 581 1530 644 cantabitur,
1558 592 1715 652 atque
1736 580 1969 632 Maronis

727 669 951 720 Altisoni
976 668 1194 722 dubiam
1221 669 1458 724 facientia
1486 671 1718 722 carmina
1746 669 1992 741 palmam.

728 755 875 820 Quid
899 757 1062 810 refert
1085 759 1216 810 tales
1240 777 1420 810 versus
1446 777 1550 832 qua
1575 777 1708 811 voce
1734 757 1978 828 legantur
2000 756 2012 806 Ξ

443 914 550 977 Ab
581 914 682 977 his
717 914 1092 980 hominibus
1126 939 1260 980 non
1305 938 1562 1003 semper
1600 915 1860 980 Graecos
1901 915 2175 980 Homeri
2206 937 2427 979 versus
2462 915 2581 979 de-

445 1036 732 1084 cantatos
761 1043 900 1086 esse
915 1071 933 1103 ,
967 1021 1082 1088 sed
1107 1039 1173 1086 et
1194 1023 1551 1111 plurimum
1576 1023 1835 1086 Latinos
1850 1070 1869 1104 ,
1899 1044 1936 1086 e
1953 1021 2243 1085 Petronii
2271 1022 2312 1085 l.
2337 1045 2395 1086 c.
2414 1022 2579 1086 mihi

444 1126 690 1213 optime
709 1127 936 1204 videor
955 1129 1292 1218 colligere.
1319 1129 1454 1218 lpse
1475 1127 1863 1192 Trimalchio
1892 1133 1960 1191 in
1970 1126 2238 1217 pulvino
2264 1128 2576 1206 consedet,

447 1246 542 1311 et,
569 1255 765 1320 quum
789 1233 1159 1300 Homeristoe
1191 1236 1432 1300 Gra-cis
1455 1236 1736 1298 versibus
1764 1233 2281 1323 colloquerentur,
2314 1249 2389 1298 uc
2410 1236 2585 1296 hiso-

445 1339 666 1419 lenter,
705 1340 772 1404 h.
831 1363 887 1406 e.
931 1365 1106 1424 raro,
1152 1343 1381 1422 solent,
1436 1339 1547 1406 ille
1588 1363 1831 1406 canora
1876 1363 2057 1404 voce
2092 1339 2287 1404 latim
2340 1340 2590 1428 legebat

448 1443 700 1511 librum.
738 1447 891 1510 Haec
929 1446 1088 1511 dum
1138 1464 1406 1536 reput0,
1457 1463 1673 1538 aptam
1704 1447 1867 1510 mihi
1902 1445 2092 1510 video
2134 1445 2359 1510 offerri
2394 1467 2583 1510 occa·

447 1549 698 1614 sionem
731 1552 1125 1640 exsequendi
1150 1553 1434 1634 consilii,
1474 1551 1653 1640 quod
1688 1552 1941 1617 dudum
1975 1553 2039 1614 in
2066 1551 2203 1615 aliis
2236 1568 2581 1640 poetarum

444 1655 558 1720 abs
575 1679 678 1720 me
699 1659 1101 1745 prolatorum
1125 1659 1437 1724 classibus
1455 1673 1773 1746 sequutus
1795 1681 1974 1740 sum,
2012 1673 2087 1720 ut
2108 1657 2419 1722 similium
2438 1657 2587 1745 Epi-

450 1765 752 1827 tomatori
787 1780 1012 1829 nostro
1043 1766 1437 1853 scriptorum
1465 1764 1569 1829 vel
1599 1779 1941 1852 poetarum
1964 1763 2345 1827 memoriam
2372 1786 2451 1826 ex
2476 1785 2587 1826 an-

446 1869 741 1955 tiquitate
773 1888 1080 1959 repetam.
1115 1871 1368 1959 Nempe
1417 1894 1529 1934 eos
1570 1872 1825 1934 animus
1860 1885 1959 1934 est
1989 1886 2213 1957 poetas
2252 1869 2584 1934 Romanos

447 1997 813 2057 recensere,
846 1977 958 2065 qui
1000 1979 1100 2042 vel
1126 1978 1408 2065 aliquem
1445 1977 1717 2042 Homeri
1760 1976 2002 2040 librum
2036 1976 2265 2039 Latino
2296 1975 2585 2038 carmine

448 2081 951 2161 transtulerunt,
983 2075 1100 2146 vel‘
1123 2080 1206 2146 de
1235 2083 1408 2146 bello
1439 2081 1721 2162 Trojano
1758 2080 2088 2166 rebusque
2135 2101 2215 2143 eo
2246 2079 2587 2167 pertinen-

450 2185 626 2248 tibus
645 2233 663 2266 ,
697 2201 811 2250 aut
837 2185 1036 2250 heroe
1059 2187 1280 2275 aliquo
1305 2187 1655 2252 Homerico
1678 2201 1987 2276 egerunt,
2010 2205 2175 2272 quos
2200 2184 2589 2248 Homeristas

453 2290 714 2358 Latinos
745 2293 970 2358 licebit
996 2293 1332 2383 appellare.
2338 2277 2355 2284 ⁶

541 2471 593 2534 1.
631 2473 812 2535 Inter
832 2473 1220 2561 interpretes
1249 2473 1483 2537 Iliados
1509 2475 1841 2538 Romanos
1858 2521 1877 2556 ,
1927 2474 2231 2561 antiquos
2278 2471 2543 2560 quidem
2564 2520 2586 2552 ,

453 2577 812 2658 Fabricius,
840 2578 1000 2643 Bibl.
1032 2579 1148 2644 Gr.
1164 2581 1288 2645 vol.
1310 2582 1340 2645 1
1362 2628 1381 2662 ,
1416 2603 1480 2668 p.
1515 2603 1663 2668 297,
1688 2579 1943 2646 Cneiam
1966 2580 2305 2658 Manium,
2337 2595 2405 2642 et
2420 2578 2587 2642 Nin-

450 2687 622 2748 nium
653 2683 944 2748 Crassum
967 2686 1328 2774 praecipuos
1355 2687 1679 2768 nominat,
1710 2685 1823 2754 Cn.
1846 2686 2123 2752 Matium
2141 2709 2258 2750 seu
2279 2685 2589 2749 Mattium

455 2815 493 2854 e
521 2789 771 2879 scriptis
785 2790 1099 2859 Veterum
1127 2807 1360 2855 notum
1383 2793 1677 2856 fecerunt
1705 2793 1878 2856 Petr.
1904 2793 2190 2857 Crinitus
2223 2790 2306 2856 de
2332 2789 2548 2856 Poetis
2566 2839 2585 2872 ,

450 2899 615 2967 Laev.
635 2898 1018 2964 Torrentius
1038 2896 1119 2966 ad
1144 2897 1440 2966 Suetonii
1466 2898 1714 2966 Julium
1732 2948 1750 2981 ,
1774 2921 1913 2988 oep.
1940 2897 2043 2980 52,
2069 2914 2133 2962 et
2154 2898 2284 2962 Jos.
2308 2896 2590 2985 Scaliger

451 3005 519 3067 in
553 3004 843 3084 Conject.
869 3004 952 3068 ad
970 3004 1152 3068 Varr.
1186 3004 1267 3068 de
1293 3005 1366 3069 L.
1398 3006 1470 3069 L.
1498 3027 1563 3094 p.
1608 3009 1730 3092 149
1758 3027 1894 3092 seq.
1924 3006 2141 3068 Homo
2169 3002 2588 3070 doctissimus

450 3130 514 3177 et
547 3113 961 3177 suavissimus
990 3111 1206 3193 audit,
1239 3113 1492 3201 scriptis
1517 3112 1910 3180 Mimiambis
1937 3134 2073 3177 non
2108 3111 2359 3191 minus,
2389 3132 2585 3197 quam

457 3218 653 3282 Iliade
687 3219 955 3284 Homeri
995 3221 1294 3286 translata
1325 3221 1555 3284 claruS.
1592 3221 1669 3284 In
1694 3217 2117 3297 MimiambiS,
2152 3239 2317 3304 quos
2337 3218 2415 3280 A.
2434 3216 2587 3282 Gel-

453 3326 576 3413 ¹lius
609 3325 844 3412 passim
866 3373 882 3406 ,
912 3327 1340 3392 Terentianus
1385 3328 1689 3408 Maurus,
1734 3342 1801 3390 et
1830 3323 2200 3390 Macrobius
2230 3323 2297 3386 in
2328 3323 2587 3388 Saturn.

454 3431 751 3514 laudant,
787 3432 1152 3497 fabularum
1179 3435 1398 3500 nativo
1426 3434 1647 3522 lepore
1664 3481 1682 3515 ,
1708 3448 1772 3495 et
1790 3431 1983 3521 gratis
2009 3452 2331 3494 novorum
2355 3427 2591 3492 verbo-

452 3563 602 3606 rum
638 3537 960 3628 figmentis
988 3539 1230 3627 placuit
1252 3537 1370 3626 (1).
1391 3541 1636 3604 Versus
1664 3562 1741 3603 ex
1776 3535 1989 3602 Iliadis
2019 3534 2199 3600 libris
2234 3533 2407 3598 idem
2433 3534 2590 3598 Gel-

457 3644 579 3711 lius
604 3643 901 3725 adducit,
931 3643 1040 3708 lib.
1064 3645 1152 3707 VI
1173 3693 1191 3725 ,
1225 3667 1366 3736 cap.
1392 3643 1456 3726 6,
1489 3659 1556 3708 et
1588 3643 1699 3708 lib.
1732 3644 1858 3725 IX,
1882 3665 2020 3730 cap.
2058 3645 2171 3721 143
2203 3656 2345 3703 tum
2366 3639 2591 3722 Varr0,

523 3875 600 3940 (ι)
635 3869 764 3922 vid.
787 3869 986 3922 Gellius
1007 3911 1022 3935 ‚
1059 3870 1150 3922 lib.
1183 3869 1304 3935 XV,
1342 3869 1427 3931 25,
1457 3879 1508 3922 et
1532 3869 1632 3922 XX
1654 3910 1669 3932 ,
1704 3869 1756 3921 8.
1783 3869 2039 3921 Proterea
2060 3865 2415 3920 Terentianus
2436 3866 2593 3918 Mau-

458 3978 576 4025 rus,
602 3957 669 4010 de
689 3957 901 4019 Mettis,
925 3977 1041 4029 pag.
1068 3957 1205 4025 2637
1223 3957 1431 4009 Putsch.
1461 3983 1481 4002 -
1507 3956 1621 4011 Hoc
1649 3955 1987 4008 Mimiambos
2015 3954 2231 4007 Mattius
2259 3952 2405 4006 dedit
2426 3965 2597 4005 metro

453 4049 680 4115 (nempe
707 4043 1127 4115 Hipponacteo):
1171 4043 1308 4096 Nam
1346 4056 1517 4096 vatem
1557 4043 1802 4098 eumdem
1838 4056 1917 4097 est
1942 4043 2116 4096 Attico
2150 4043 2337 4114 thymo
2373 4041 2597 4098 tinctum

447 4131 568 4187 Pari
600 4132 777 4208 lepore
805 4143 1160 4204 consequutus
1186 4143 1236 4184 et
1265 4144 1432 4204 met-ro
1451 4157 1492 4188 ¹·-
