2975 4684
968 360 1488 436 EPITOMES
1552 363 1969 437 HOMERI.
2396 365 2539 452 463

406 516 538 580 est,
575 499 866 563 noluisse
910 513 1240 563 auctorem
1289 514 1422 562 tam
1467 514 1649 562 vasto
1694 513 1760 562 et
1802 494 2049 562 diffuso
2100 501 2316 587 operi,
2352 501 2541 588 quale

405 603 674 669 Homeri
717 605 864 670 Ilias
913 621 1042 686 est,
1099 625 1318 692 parem
1368 605 1732 668 versionem
1770 621 2021 692 aptare,
2058 605 2173 668 sed
2204 597 2539 671 modicum

405 731 665 774 carmen
683 757 701 792 ,
739 711 872 774 sola
905 711 1070 774 serie
1102 712 1424 776 factorum
1449 725 1517 773 et
1548 729 1802 774 summa
1833 730 2054 774 rerum
2084 711 2499 776 memori-anda
2518 761 2536 792 ‚

403 815 708 878 exhibere
727 816 1007 880 voluisse
1021 863 1041 897 ,
1075 813 1256 903 quod
1277 816 1495 902 ipsum
1525 814 1811 880 Avienus
1828 816 1967 880 aliis
1990 811 2342 896 majoribus
2358 817 2537 881 libris

401 921 470 983 in
505 943 828 986 summam
876 921 1185 1004 redactis,
1225 938 1288 986 et
1325 922 1611 986 carmine
1648 922 1995 1008 expressis,
2037 921 2355 1009 probavit.
2386 923 2536 987 Ser-

401 1025 546 1089 vius
581 1025 674 1113 (1)
697 1043 970 1091 testatur
987 1028 1306 1091 Avienum
1333 1043 1548 1092 totum
1568 1024 1915 1114 Virgilium
1938 1043 2005 1090 et
2028 1027 2283 1091 Livium
2304 1027 2535 1092 iambis

403 1132 766 1220 scripsisse,
809 1133 925 1196 ubi
961 1147 1098 1196 n‘on
1139 1149 1397 1219 poetam
1431 1133 1687 1195 Livium
1706 1178 1725 1213 ,
1769 1147 1844 1194 ut
1889 1129 2279 1219 quibusdam
2320 1133 2531 1198 visum

401 1253 530 1318 est,
569 1235 687 1300 sed
717 1237 1100 1301 historicum
1133 1236 1450 1325 intelligit,
1485 1232 1631 1300 Sed·
1648 1235 1795 1322 quis
1830 1235 2083 1317 credat,
2112 1251 2329 1301 totum
2362 1260 2531 1326 opus

403 1341 772 1424 Livianum‚
829 1343 976 1431 plus
1019 1363 1214 1431 quam
1261 1365 1378 1406 cn.
1423 1339 1623 1406 libros
1676 1342 2086 1431 complexum
2104 1389 2122 1423 ‚
2164 1341 2245 1406 ab
2279 1345 2530 1408 Avieno

401 1447 730 1512 redditum
765 1449 1050 1512 carmine
1081 1471 1254 1530 esse,
1299 1449 1406 1512 cui
1437 1449 1643 1513 labori
1672 1449 1781 1512 vix
1812 1464 1963 1512 etas
1996 1449 2227 1512 Avieni
2264 1449 2349 1512 ab
2386 1451 2529 1514 aliis

399 1551 630 1618 studiis
675 1571 742 1619 et
785 1555 1322 1643 occupationibus
1357 1555 1605 1642 rekiqua
1636 1553 2043 1618 suffecisset?
2075 1551 2160 1617 Et
2186 1555 2531 1644 Virgilium

401 1674 614 1722 totum
647 1661 713 1748 in
751 1681 965 1724 meros
997 1660 1246 1724 iambos
1277 1677 1655 1726 convertere
1670 1707 1688 1742 ,
1720 1660 2121 1723 miserrimus
2146 1654 2535 1726 versificato-

397 1764 488 1828 ris
519 1766 701 1830 labor
731 1783 902 1848 erat,
949 1767 1072 1830 nisi
1103 1767 1192 1829 ita
1223 1767 1549 1848 vertebat,
1584 1781 1659 1830 ut
1694 1765 1974 1852 aliquam
2005 1765 2249 1854 ingenii
2288 1765 2533 1832 doctri-

399 1891 628 1958 naeque
679 1888 926 1960 partem
975 1871 1254 1935 afferret.
1307 1873 1647 1936 Contraxit
1696 1871 1896 1960 igitur
1944 1887 2121 1934 vasta
2170 1891 2363 1960 opera
2384 1920 2402 1953 ‚
2467 1889 2533 1936 et

397 1997 719 2041 summam
749 1999 969 2042 rerum
1001 1977 1378 2065 complexus
1402 1993 1531 2058 est,
1560 1995 1633 2040 ut
1666 1991 1886 2064 posset
1914 1975 2051 2065 ipse
2072 1975 2157 2041 de
2180 1999 2305 2040 suo
2340 1999 2531 2042 exor-

399 2105 552 2147 nare
583 2101 650 2148 et
677 2086 954 2166 variare3
994 2086 1179 2164 cujus
1211 2083 1588 2164 adjectionis
1624 2083 1993 2170 exemplum
2032 2082 2099 2146 in
2136 2083 2317 2149 Livio
2364 2103 2529 2149 con-

399 2204 605 2253 tracto
643 2191 824 2254 factae
859 2191 1116 2255 Servius
1163 2191 1312 2255 loco
1361 2191 1559 2254 citato
1608 2204 1945 2253 memorat.
1999 2188 2285 2271 Quando
2332 2190 2531 2280 igitur

398 2293 501 2358 ille
527 2310 743 2359 totum
773 2296 1028 2359 Livium
1049 2311 1115 2358 et
1137 2293 1476 2385 Virgilium
1500 2294 1582 2358 ab
1605 2293 1857 2360 Avieno
1882 2293 2111 2358 iambis
2142 2313 2527 2360 conversum

394 2401 616 2466 scribit
633 2447 652 2482 ‚
669 2422 804 2466 non
825 2403 1122 2466 universa
1155 2416 1450 2466 actorum
1473 2400 1935 2488 dictorumque
1952 2399 2147 2464 series
2162 2447 2181 2482 ,
2203 2399 2319 2465 scd
2343 2423 2528 2466 sum-

395 2529 500 2571 ma
531 2510 732 2572 totius
755 2510 968 2598 operis
989 2509 1404 2599 intelligenda
1423 2525 1552 2589 est,
1576 2508 1830 2595 qualem
1852 2529 1993 2572 esse
2016 2506 2235 2572 Iliadis
2260 2509 2529 2573 Homeri

395 2617 852 2704 conspicimus.
907 2617 1210 2707 Virgilius
1253 2617 1335 2681 ab
1381 2615 1627 2683 Avieno
1676 2616 1744 2678 in
1789 2637 2111 2680 summam
2158 2607 2528 2680 contractus

395 2713 557 2786 mire
591 2721 672 2786 ad
687 2723 1066 2810 opinionem
1099 2721 1609 2787 confirmanda-m
1648 2721 1834 2804 facit,
1862 2720 2164 2786 eumdem
2194 2737 2525 2786 auctorem

393 2842 738 2891 contractae
778 2827 1012 2892 iliados
1047 2850 1223 2911 esse3
1259 2829 1372 2916 qui
1411 2843 1553 2892 toto
1588 2826 1874 2890 carmine
1912 2827 2003 2890 ita
2037 2847 2105 2890 se
2151 2827 2527 2890 familiarem

392 2933 663 3022 Virgilio
693 2932 970 3022 praebet‚
1014 2949 1092 2999 ut
1130 2933 1478 3021 saepissime
1504 2931 1871 3022 virgilianis
1898 2931 2243 3019 phrasibus
2283 2947 2526 3013 utatur,

395 3055 460 3102 et
509 3041 902 3103 narrationes
949 3040 1296 3103 nonnullas
1348 3063 1384 3104 e
1420 3039 1693 3128 Virgilio
1735 3053 2011 3100 mutatas
2054 3037 2121 3101 in
2165 3039 2527 3102 Homerum

397 3145 764 3226 transferat,
819 3145 970 3208 alias
1017 3167 1094 3208 ex
1141 3144 1371 3208 eodem
1421 3144 1720 3231 suppleat
1769 3159 1965 3230 atque
2019 3158 2308 3207 exornet.
2346 3143 2529 3208 Faci-

393 3252 519 3314 lior
545 3251 808 3339 quidem
849 3251 1014 3315 ratio
1035 3251 1258 3315 Avieni
1293 3250 1574 3314 auctoris
1611 3247 2011 3338 approbandi
2036 3248 2241 3313 videri
2276 3265 2489 3337 potest
2508 3297 2529 3332 ‚

464 3437 546 3504 (1)
575 3433 659 3487 Ad
677 3439 802 3488 AEn.
839 3435 888 3486 X
905 3473 919 3494 ,
957 3434 1059 3486 388
1081 3452 1096 3486 z
1122 3457 1145 3480 ι
1173 3431 1342 3486 Rhoeti
1373 3431 1442 3486 de
1469 3444 1625 3504 gente
1656 3443 1861 3485 vetusta
1882 3432 2265 3485 Anchemolum
2298 3457 2343 3484 ι.
2400 3433 2527 3487 Huc

395 3522 575 3576 fabula
611 3523 665 3574 in
697 3521 901 3575 Latinis
935 3541 1195 3595 nusquam
1239 3521 1503 3575 invenitur
1539 3521 1879 3585 auctoribus3
1919 3521 2150 3573 Avienus
2181 3533 2353 3574 tamen
2374 3563 2391 3586 ,
2432 3523 2525 3593 qni

394 3623 561 3664 totum
579 3610 862 3683 Virgilium
893 3623 948 3663 et
979 3612 1192 3664 Livium
1233 3610 1422 3666 iambis
1455 3610 1659 3681 scripsit
1674 3649 1689 3675 ,
1734 3608 1872 3662 hanc
1907 3621 2318 3676 commemorat,
2348 3608 2529 3664 dicens

390 3699 629 3753 Groeoem
654 3717 766 3751 esse
783 3723 824 3751 a.
861 3698 1137 3752 Fabricius
1160 3697 1400 3769 quidem,
1425 3695 1480 3750 in
1500 3697 1635 3749 Bibl·.
1652 3695 1834 3749 Lat-,L
1859 3716 1903 3750 c.
1931 3697 2003 3750 ait
2027 3697 2183 3750 verba
2210 3699 2463 3765 Virgilium
2482 3712 2531 3748 ec

392 3807 512 3841 esse
547 3787 726 3859 spuria
745 3825 761 3850 ‚
800 3798 853 3838 et
889 3787 1027 3839 male
1057 3785 1243 3840 doctos
1275 3786 1417 3838 viros
1456 3805 1519 3839 ex
1556 3785 1659 3838 hoc
1691 3783 1812 3838 loco
1833 3785 1997 3839 Servii
2019 3783 2531 3855 adfirmasse‚Virgi-

395 3877 561 3929 {ianas
587 3876 793 3930 fabulas
819 3875 885 3928 ab
921 3875 1120 3928 Avieno
1155 3875 1488 3946 compositas.
1521 3873 1625 3928 Sed
1654 3873 1797 3927 idem
1821 3873 2034 3927 Servius
2069 3872 2173 3925 alio
2208 3871 2327 3924 loco
2353 3871 2529 3943 prodit

394 3963 462 4016 ad
483 3961 696 4017 AEncid.
725 3964 771 4016 Χ
787 4003 802 4027 ,
827 3982 903 4016 vs.
931 3981 1030 4033 ²7²
1053 3981 1066 4015 :
1110 3985 1133 4008 ι
1156 3963 1224 4015 Et
1249 3961 1411 4015 Stoici
1433 3959 1623 4014 dicunt
1651 3961 1824 4014 stellas
1850 3978 1965 4012 esse
1992 3959 2129 4011 ultra
2150 3958 2361 4030 triginta
2384 3958 2495 4012 dno
2513 3998 2529 4022 ,

390 4065 618 4121 quarum
645 4049 854 4100 nomina
880 4059 933 4100 et
959 4047 1197 4100 adfectus
1222 4045 1483 4109 Avienus,
1514 4045 1605 4116 qui
1632 4044 1821 4098 iambis
1847 4043 2051 4114 scripsit
2068 4041 2275 4113 Virgilii
2294 4042 2498 4096 fabulas
2514 4081 2531 4108 ,

396 4149 652 4189 memorat
675 4163 717 4187 n.
