2975 4684
934 401 1425 471 AUCTORE
1478 400 1698 468 AETN
1716 400 1808 467 ΖΕ.
2350 425 2428 468 21

302 554 371 596 se
391 529 675 613 tradidit,
688 546 757 596 et
772 529 1091 596 industria
1110 532 1421 596 natalium
1442 530 1770 619 angustias
1799 527 2114 594 eluctaths
2139 529 2223 593 ad
2247 551 2443 617 eque-

302 655 503 703 strem
538 637 836 702 ordinem
852 685 871 720 ,
906 653 1048 703 tum
1080 636 1165 704 ad
1198 635 1724 726 procurationem
1756 635 1984 699 Siciliae
2013 636 2308 724 pervenit
2325 635 2438 724 (1).

303 745 429 810 Per
470 743 781 808 indolem·
804 744 1173 832 praeclaram
1232 759 1299 808 et
1343 743 1683 832 ingenium
1735 742 1984 808 illustre
2027 764 2065 804 a
2098 741 2440 822 juventute

304 873 492 916 carus
536 866 603 916 et
639 851 885 916 amicus
929 852 1187 918 Senecae
1230 851 1356 915 fuit
1377 901 1396 928 ,
1432 871 1723 940 quocum
1759 863 1826 914 et
1863 846 2120 913 assidue
2159 845 2445 936 philoso-

302 957 541 1046 phatus
573 972 703 1040 est,
739 973 809 1023 et
835 957 1027 1022 variis
1073 955 1610 1048 elegantibusque
1643 955 1898 1045 scriptis
1934 954 2254 1019 inclaruit.
2289 955 2444 1018 Hoec

301 1079 369 1128 et
402 1063 524 1126 alia
552 1063 790 1152 passim
823 1062 908 1128 de
944 1086 1025 1129 eo
1057 1063 1297 1129 Seneoe
1332 1077 1605 1129 testatur
1629 1062 1700 1126 in
1731 1059 2020 1150 epistolis
2040 1107 2059 1142 ,
2093 1075 2238 1124 tum
2273 1081 2442 1148 prae-

302 1169 494 1259 cipue
528 1169 599 1234 in
634 1169 953 1258 prooemio
983 1168 1134 1234 libri
1169 1171 1262 1236 IV
1296 1170 1528 1235 Natur.
1557 1167 1803 1252 Quaest.
1831 1167 1945 1231 ubi
1977 1165 2246 1258 figurata
2279 1188 2444 1254 qua-
2471 1245 2476 1262 Ι

302 1275 453 1340 dam
478 1275 803 1358 oratione,
830 1275 1154 1342 Lucilium
1174 1277 1394 1365 ipsum
1418 1275 1740 1340 inducens
1766 1275 2144 1362 loquentem
2164 1321 2183 1355 ,
2215 1272 2442 1362 praeci-

301 1405 434 1472 pua
454 1381 593 1464 ejus
612 1382 741 1448 fata
759 1399 826 1448 et
846 1383 1076 1450 merita
1098 1397 1375 1462 enarrat,
1390 1405 1544 1448 eum
1565 1381 1740 1472 apud
1761 1381 1991 1446 Caium
2015 1395 2082 1445 et
2098 1377 2442 1444 Claudium

300 1487 578 1554 valuisse
620 1490 821 1580 gratia
861 1489 1184 1572 ostendit,
1223 1489 1421 1572 fidem
1468 1489 1608 1569 ejus
1647 1485 2090 1564 commendat,
2127 1485 2444 1550 invictum

302 1593 687 1658 muneribus
706 1595 1020 1678 animum,
1045 1596 1477 1686 frugalitatem
1492 1643 1511 1678 ,
1533 1593 1914 1660 modestiam
1927 1640 1946 1675 ,
1969 1593 2440 1658 humanitatem

302 1698 525 1764 laudat
544 1748 565 1782 ,
588 1715 669 1765 ut
702 1699 855 1765 inde
885 1701 1100 1766 virum
1134 1701 1325 1790 plane
1360 1701 1693 1792 egregi-um
1723 1719 2088 1764 noscamus·

390 1805 531 1870 Jam
574 1829 721 1895 quae
752 1829 833 1871 ex
862 1805 965 1872 his
1000 1807 1197 1871 rebus
1239 1807 1469 1871 Lucilii
1517 1827 1638 1894 pro
1675 1818 1940 1869 auctore
1967 1801 2180 1867 AEtnae
2205 1803 2444 1891 proba-

300 1911 519 1976 biliter
546 1911 761 2001 colligi
792 1929 1067 2000 possunt
1087 1959 1106 1994 ,
1148 1911 1290 1975 haec
1333 1912 1468 1976 fere
1518 1927 1692 1974 sunt.
1732 1910 1976 1974 Seneca
2007 1931 2160 1972 eum
2193 1909 2444 1996 poetica

301 2017 605 2082 facultate
637 2017 821 2097 juxta
875 2038 951 2080 ac
995 2015 1421 2104 philosophiae
1465 2015 1734 2080 scientia
1777 2014 2096 2102 insignem
2139 2013 2304 2076 sistit
2317 2063 2334 2095 ‚
2379 2030 2444 2077 et

301 2122 496 2186 talem
530 2122 733 2186 fuisse
762 2138 1095 2186 auctorem
1123 2120 1337 2187 AEtnae
1354 2169 1373 2202 ,
1424 2121 1642 2209 ipsum
1673 2143 1906 2208 poema
1943 2120 2254 2208 loquitur.
2293 2119 2443 2184 Ele-

306 2227 595 2316 gantiam
623 2227 1017 2316 scriptorum
1047 2225 1187 2306 ejus
1216 2223 1440 2318 laudat
1478 2225 1752 2315 epistola
1793 2247 1907 2290 xxx
1945 2240 2020 2288 et·
2041 2247 2192 2290 :avr
2209 2273 2228 2307 ,
2267 2225 2443 2314 sigil-

301 2331 483 2398 latim
510 2347 729 2398 autem
759 2347 1069 2421 poemata
1088 2331 1449 2420 scripsisse,
1473 2353 1682 2418 quum
1709 2329 1859 2394 alibi
1877 2377 1896 2412 ,
1931 2345 2074 2394 tum
2104 2329 2274 2394 libro
2307 2330 2404 2394 ΙΙΙ
2423 2377 2442 2412 ,

302 2461 442 2528 cap.
476 2461 503 2504 1
542 2453 611 2504 et
646 2437 731 2504 26
773 2437 1007 2504 Natur.
1044 2437 1291 2520 Quaest.
1328 2451 1635 2518 testatur,
1686 2435 1802 2500 ubi
1847 2457 2108 2500 versum
2153 2435 2317 2500 adeo
2363 2457 2443 2500 ex

301 2543 590 2633 quodam
643 2544 782 2624 ejus
843 2558 1141 2633 poemate
1198 2541 1469 2633 profert.
1532 2540 2094 2608 studiosissimum
2148 2537 2472 2630 inprimis'

299 2650 731 2740 philosophiae
766 2650 966 2716 fiiisse
983 2697 1003 2732 ,
1030 2673 1177 2740 quae
1223 2649 1305 2714 de
1342 2648 1980 2715 rebusmaturalibus
2010 2649 2177 2739 agit,
2214 2669 2442 2712 omnes

300 2757 440 2826 fere
469 2755 755 2846 epistolae
783 2757 1042 2822 Senecas
1059 2804 1078 2839 ,
1108 2757 1387 2820 maxime
1418 2771 1636 2820 autem
1667 2753 2080 2836 Quaestiones
2105 2754 2442 2820 Naturales

302 2885 463 2952 quas
487 2863 736 2928 Lucilio
764 2861 1085 2926 dedicavit
1103 2909 1124 2943 ,
1163 2860 1427 2926 docent.
1470 2859 1642 2924 Illud
1673 2882 1830 2924 vero
1867 2859 1951 2924 de
1974 2859 2176 2924 AEtna
2209 2881 2443 2948 poema

301 2991 510 3057 quum
536 2991 809 3058 poeseos
842 2968 1166 3050 exercitae,
1196 2983 1340 3032 tum
1377 2967 1662 3032 scientiae
1693 2965 2004 3030 naturalis
2035 2979 2136 3028 tot
2170 2979 2236 3028 et
2265 2980 2442 3029 tanta

304 3075 707 3142 documenta
730 3075 1013 3166 proebet,
1038 3091 1117 3142 ut
1140 3097 1276 3138 non
1308 3073 1468 3138 alius
1501 3073 1640 3154 ejus
1671 3073 1910 3138 certior
1939 3087 2198 3154 auctor,
2245 3095 2442 3160 quam

302 3183 585 3248 Lucilius
605 3230 625 3266 ,
649 3182 856 3248 videri
890 3183 1115 3272 possit.
1162 3181 1298 3264 Qui
1330 3201 1725 3270 quamquam
1758 3201 1992 3269 poema
2024 3178 2442 3244 scribendum

302 3289 621 3376 suscepit,
652 3288 1122 3377 philosophum
1158 3301 1378 3351 tamen
1426 3286 1631 3376 magis
1667 3285 1836 3375 agit,
1877 3285 2136 3350 Senecae
2172 3283 2345 3349 dicta
2377 3301 2443 3350 et

300 3393 651 3458 sententias
690 3393 871 3459 haud
908 3417 1059 3459 raro
1104 3392 1401 3482 adoptat,
1458 3390 1623 3456 adeo
1667 3389 1934 3480 quidem
1959 3439 1978 3474 ,
2016 3407 2096 3456 ut
2125 3411 2317 3455 versu
2357 3413 2439 3478 72

300 3520 481 3588 seqq.
511 3499 757 3564 fabulas
776 3549 796 3584 ,
834 3499 1107 3564 fallacias
1124 3547 1144 3582 ,
1188 3497 1525 3564 mendacia
1556 3514 1897 3588 poetarum
1941 3495 2166 3563 eadem
2203 3498 2443 3585 asperi-

299 3621 433 3670 tate
459 3605 889 3694 reprehendat
910 3656 929 3688 ,
964 3629 1092 3695 qua
1120 3604 1554 3694 philosophus
1591 3607 1872 3688 Seneca,
1913 3605 2106 3668 Gens.
2132 3601 2216 3666 ad
2237 3603 2439 3668 Marc.

298 3735 439 3800 cap.
474 3732 553 3798 19
576 3755 597 3792 ,
635 3710 717 3778 de
738 3713 889 3776 Vita
912 3712 1131 3793 beata,
1160 3735 1301 3800 cap.
1324 3713 1441 3793 26,
1470 3709 1799 3775 de-Benef.
1829 3709 1942 3773 lib.
1966 3709 2032 3792 I,
2059 3708 2098 3772 3
2134 3724 2200 3771 et
2225 3713 2288 3786 4.
2313 3709 2438 3771 Ac-

298 3817 473 3882 cedit
490 3865 510 3899 ,
557 3815 739 3905 quod
784 3839 934 3881 eum
979 3817 1448 3906 philosophum
1490 3817 1726 3882 scholae
1765 3817 2032 3905 Epicuri
2070 3813 2438 3906 addictum,

297 3941 472 3990 certe
514 3923 653 4005 ejus
697 3923 945 4013 placitis
991 3925 1311 3988 faventem
1361 3925 1599 4008 fuisse,
1638 3925 1878 3989 Seneca
1931 3945 2063 3986 non
2108 3943 2244 3984 uno
2289 3921 2447 3986 locu

296 4199 311 4210 ·
370 4170 454 4240 (1)
470 4167 607 4222 Vide
630 4168 841 4224 initium
871 4167 991 4224 libri
1010 4169 1089 4224 IV
1116 4170 1356 4226 Natural.
1384 4173 1584 4237 Queat.
1609 4167 1836 4224 Senecae.
