2975 4684
880 319 1518 390 TESTIMONIA
1576 321 2176 390 AUCTORUM.
2451 345 2592 417 219

460 451 653 514 minit
682 466 750 514 et
779 451 1042 530 Seneca,
1062 473 1099 514 a
1122 473 1261 538 quo
1292 467 1359 516 et
1390 451 1530 531 ejus
1554 449 1850 538 quaedam
1868 449 2254 515 adferuntur
2279 451 2587 534 carmina,

457 573 657 644 atque
700 577 776 619 ea
807 555 877 618 in
920 555 1146 646 primis
1166 606 1185 633 ‚
1220 579 1365 648 quoe
1408 572 1566 620 sunt
1603 555 1686 622 de
1728 555 2100 621 Germanici
2131 556 2587 646 Navigatione‚

460 683 739 750 qunque
770 683 1011 752 magno
1044 661 1279 751 spiritu
1308 661 1477 730 dicta
1508 661 1768 728 fatetur.
1807 661 1982 728 Alibi
2009 683 2167 728 vero
2201 653 2376 728 idem
2409 662 2592 728 fabu-

456 769 731 832 latorem
762 768 961 832 fuisse
994 767 1086 832 ait
1112 769 1689 859 elegantissimum.
1714 765 2016 833 Meminit
2037 766 2235 847 huius
2257 783 2325 832 et
2339 767 2595 834 Martia-

456 871 560 937 lis.
590 873 821 938 Exstat
856 871 1071 939 Ovidii
1106 873 1326 965 Elegia
1364 873 1450 940 ad
1496 873 1677 940 hunc
1711 873 1928 964 ipsum
1953 872 2433 938 Albinovanum
2449 922 2469 956 ,
2513 895 2591 937 ex

456 1001 591 1068 qua
634 978 998 1069 colligimus
1048 1003 1201 1045 eum
1246 979 1483 1044 Thesei
1537 995 1714 1072 gesta
1771 979 2099 1069 scripsisse
2116 1026 2136 1060 ,
2187 993 2422 1069 praeter
2465 979 2594 1072 epi·

456 1100 831 1176 grammata.
862 1087 1221 1152 Sublimem
1266 1109 1422 1152 vero
1465 1103 1534 1153 et
1575 1087 1958 1175 altiloquum
2005 1084 2338 1150 Pedonem
2391 1085 2590 1150 fuisse

454 1191 748 1256 ostendit
780 1191 955 1256 idem
986 1191 1255 1258 Ovidius
1275 1241 1295 1274 ,
1332 1193 1446 1281 qui
1473 1200 1837 1282 ‘propterea
1879 1208 1947 1257 et
1981 1191 2216 1257 alicubi
2265 1189 2589 1256 sidereum

455 1319 611 1362 eum
644 1299 1003 1388 appellavit.
1045 1299 1214 1365 Sunt
1260 1299 1377 1388 qui
1416 1314 1650 1388 putent
1695 1299 1878 1366 hunc
1911 1298 2214 1364 eumdem
2249 1296 2592 1363 Albinova-

455 1426 623 1468 num
655 1405 854 1470 fuisse
872 1454 892 1488 ,
946 1404 1029 1470 ad
1061 1428 1258 1495 quem
1286 1421 1490 1472 exstat
1521 1404 1775 1471 Horatii
1811 1403 2024 1470 Flacci
2067 1403 2370 1493 epistola3
2407 1403 2589 1492 quod

457 1524 539 1574 ut
569 1532 692 1601 ego
723 1532 861 1575 non
892 1510 1147 1594 refello,
1180 1527 1552 1602 temporum
1575 1511 1826 1576 ratione
1841 1560 1860 1594 ‚
1892 1511 1982 1576 ita
2015 1533 2149 1575 nou
2187 1507 2546 1597 comprobo
2567 1557 2586 1590 ,

454 1617 745 1682 nominis
790 1633 858 1682 et
897 1618 1167 1708 poeticae
1210 1617 1594 1684 differentia.
1637 1619 1752 1683 Ille
1797 1619 1970 1682 enim
2010 1613 2238 1682 Clarus
2284 1615 2586 1704 (Celsus)

456 1721 942 1805 Albinovanus,
972 1723 1083 1788 hic
1118 1723 1564 1789 Albinovanus
1597 1723 1776 1789 Pedo
1812 1747 1828 1789 ε
1878 1723 1988 1814 hic
2017 1738 2207 1812 poeta
2243 1720 2582 1810 cognosci-

456 1844 589 1910 tur,
620 1828 727 1893 ille
750 1850 829 1893 ex
850 1829 1099 1894 Horatii
1126 1831 1409 1894 carmine
1433 1851 1664 1918 parum
1686 1829 1964 1894 videtur.

544 2165 631 2178 -
650 2129 757 2194 Ad
814 2129 951 2194 haec
1002 2129 1087 2194 de
1134 2128 1398 2196 Pedone
1456 2129 1824 2194 testimonia
1875 2127 2064 2208 adjici
2119 2141 2395 2216 possunt
2441 2147 2585 2214 quae

454 2232 945 2298 Wernsdorfius
980 2231 1063 2298 de
1095 2235 1225 2300 isto
1251 2257 1387 2301 non
1417 2234 1692 2325 ignobili
1722 2249 1912 2323 poeta
1943 2231 2198 2298 disserit
2219 2231 2302 2296 ad
2330 2248 2585 2298 tomum

454 2338 653 2421 hujus
678 2355 915 2403 nostroe
942 2338 1241 2404 editionis
1266 2342 1353 2422 11,
1380 2362 1445 2430 p.
1476 2342 1798 2428 176-179,
1828 2339 1945 2406 uhi
1962 2339 2132 2404 varia
2159 2337 2242 2402 de
2270 2336 2399 2402 hoc
2425 2337 2592 2402 testi·

454 2443 678 2511 monia
716 2443 981 2512 discutit
994 2494 1013 2528 ,
1040 2460 1107 2510 et
1144 2445 1226 2511 de
1264 2444 1500 2536 Elegiis
1533 2446 1592 2510 ei
1623 2447 1820 2536 vulgo
1853 2445 2587 2534 adscriptis-luculenter

454 2548 733 2616 disserit.
784 2550 951 2616 Vide
998 2553 1191 2617 etiam
1260 2575 1405 2641 quae
1474 2550 1894 2617 disseruimus
1952 2553 2022 2616 iu
2091 2549 2585 2618 praefatiuncula

462 2653 919 2722 Consolationis
966 2657 1063 2722 ad
1098 2657 1382 2740 Liviam5
1431 2657 1648 2724 Ovidii
1693 2675 1865 2723 nost.
1917 2655 2073 2724 edit.
2121 2671 2281 2722 tom.
2314 2655 2347 2720 1
2371 2703 2390 2736 ,
2435 2676 2578 2744 pag.

460 2757 591 2851 399
628 2784 771 2850 sqq.
816 2763 939 2829 En.
