2975 4684
431 285 610 438 r[093
721 343 854 412 DE
910 342 1424 412 EPITOMES
1481 341 1889 410 HOMERI
1944 341 2385 410 EDENDAE

471 493 614 559 quae
631 471 1070 559 Heusingerus
1095 472 1319 535 existo
1346 486 1643 558 poemate
1666 469 2032 557 speciminis
2054 471 2199 533 loco
2222 469 2557 557 descripsit
2572 516 2591 546 ,

467 576 630 640 nihil
661 575 797 654 ejus
827 575 1140 640 hactenus
1174 578 1508 664 cognitum
1531 575 1633 638 vel
1666 574 1913 638 editum
1948 591 2063 638 est.

555 683 768 768 Atque
793 681 910 744 hos
933 680 1198 768 quidem
1220 681 1422 745 habui
1445 681 1789 768 scriptores
1804 727 1824 762 ,
1844 701 2011 768 quos
2035 679 2297 744 Iliadem
2324 680 2593 744 Homeri

466 802 578 850 aut
601 809 702 850 res
721 784 1027 864 Trojanas
1059 787 1340 852 carmine
1365 788 1567 852 latino
1598 802 1995 876 repetentes,
2024 801 2335 850 e'vetusta
2372 803 2597 848 reeen-

469 893 768 978 tioreque
797 891 1106 956 memoria
1133 891 1457 956 referrem.
1488 895 1569 957 In
1597 892 1833 979 quibus
1862 891 2267 956 recensendis
2294 890 2598 954 consulto

471 996 786 1082 praeterii,
819 1011 934 1060 aut
974 996 1042 1062 in
1091 996 1363 1060 transitu
1409 1011 1662 1060 tantum
1702 996 2029 1060 nominavi
2072 995 2413 1083 scriptores
2430 1041 2449 1074 ,
2480 994 2597 1080 qui

471 1101 804 1164 historiam
826 1101 974 1164 belli
995 1101 1258 1180 Trojani
1277 1124 1468 1188 prosa
1488 1101 1783 1166 oratione
1804 1115 2183 1190 enarrarunt
2196 1147 2215 1180 ,
2232 1115 2310 1163 ut
2330 1099 2599 1186 Dictyos

471 1207 798 1272 Cretensis
844 1222 910 1270 et
948 1207 1198 1270 Daretis
1240 1206 1508 1295 Phrygii
1544 1207 1923 1295 interpretes
1942 1253 1961 1288 ,
1996 1205 2080 1270 de
2115 1205 2353 1293 quibus
2386 1205 2603 1268 Fabri·

474 1313 616 1376 cius
651 1312 720 1375 in
757 1327 1028 1397 utraque
1057 1311 1456 1377 Bibliotheca
1473 1360 1493 1393 ‚
1519 1329 1585 1376 et
1609 1312 1876 1377 Vossius
1908 1313 1975 1376 in
2008 1312 2175 1375 libro
2207 1310 2289 1374 de
2318 1309 2601 1374 Histori-

469 1417 560 1480 cis
604 1417 717 1481 Gr.
761 1431 826 1480 et
869 1418 1006 1481 Lat.
1056 1418 1418 1482 luculenter
1463 1435 1737 1506 egerunt
1760 1417 1885 1504 (1),
1908 1433 2050 1481 tum
2092 1439 2171 1481 ex
2204 1415 2421 1479 medio
2464 1437 2603 1478 aevo

475 1520 829 1586 Guidonem
859 1521 938 1584 de
978 1521 1288 1588 Columtm
1306 1571 1326 1603 ‚
1362 1523 1839 1586 Messanensem
1886 1522 2204 1602 Siculum,
2230 1521 2345 1609 qui
2388 1522 2607 1584 Histo-

476 1627 636 1689 riam
659 1626 1006 1706 Trojanam
1040 1628 1114 1690 A.
1150 1629 1224 1690 C.
1257 1627 1421 1715 1287
1455 1629 1711 1716 scripsit
1730 1675 1748 1710 ,
1778 1628 2041 1716 Dictyos
2072 1626 2337 1715 quidem
2372 1641 2604 1688 aucto-

475 1733 729 1796 ritatem
747 1779 766 1812 ‚
805 1749 878 1794 ut
923 1732 1058 1820 ipse
1104 1733 1364 1815 fatetur,
1407 1733 1699 1822 plurimis
1746 1733 1815 1796 in
1866 1734 2059 1798 rebus
2108 1747 2421 1820 sequutus
2434 1779 2453 1812 ‚
2488 1729 2607 1794 sed

473 1857 690 1903 tamen
709 1855 774 1902 et
784 1839 954 1902 varia
969 1861 1050 1904 ex
1065 1861 1186 1904 suo
1205 1841 1549 1928 saeculique
1568 1842 1669 1906 sui
1690 1841 1954 1931 ingenio
1971 1855 2277 1904 attexens.
2299 1839 2399 1902 De
2418 1837 2607 1916 cujus

479 1944 875 2009 editionibus
919 1943 1273 2010 admodum
1322 1947 1478 2009 raris
1521 1945 1725 2010 videri
1777 1962 1989 2034 potest
2037 1945 2369 2010 Fabricius
2388 1989 2404 2020 ‚
2438 1942 2606 2007 Bibl.

477 2052 612 2114 Lat.
641 2049 754 2114 lib.
785 2051 848 2130 1,
873 2071 929 2112 c.
960 2050 1036 2130 6,
1065 2065 1130 2114 et
1155 2049 1318 2114 Bibl.
1347 2049 1521 2114 med.
1550 2067 1615 2114 et
1646 2049 1762 2114 inf.
1792 2067 1891 2114 aet.
1920 2051 2045 2116 vol.
2075 2052 2207 2130 111,
2234 2071 2298 2137 p.
2334 2047 2481 2114 383.

563 2153 756 2218 Nunc
771 2153 1182 2219 redeundum
1201 2171 1299 2219 est
1315 2155 1396 2220 ad
1415 2156 1762 2243 Epitomen
1783 2155 2051 2220 Homeri
2067 2155 2357 2220 Latinam
2376 2202 2396 2236 ,
2410 2175 2607 2241 quam

480 2258 754 2322 edimus.
791 2258 869 2321 In
901 2281 1032 2346 qua
1066 2259 1454 2324 recensenda
1493 2276 1557 2323 et
1592 2260 1967 2325 illustranda
2011 2260 2289 2325 duarum
2332 2259 2611 2322 maxime

482 2387 700 2427 rerum
752 2363 970 2428 officio
1011 2365 1418 2454 fungendum
1451 2366 1609 2430 fuit:
1644 2390 1779 2430 uno
1810 2365 2073 2455 quidem
2094 2414 2112 2447 ,
2144 2382 2221 2430 ut
2248 2366 2536 2432 libellum
2576 2387 2615 2427 a

479 2465 772 2552 plurimis
802 2463 1052 2529 mendis
1082 2482 1145 2529 et
1171 2467 1501 2531 erroribus
1529 2491 1953 2558 purgaremus
1970 2517 1988 2552 ,
2014 2491 2295 2556 quorum
2325 2466 2618 2556 superio·

481 2591 582 2632 res
641 2567 920 2632 editores
978 2569 1223 2633 nullam
1276 2592 1498 2635 curam
1560 2573 1961 2653 habuerant3
2004 2573 2203 2638 altero
2224 2621 2243 2654 ,
2290 2589 2396 2652 ut,
2444 2591 2615 2658 quo-

485 2674 660 2738 niam
703 2688 931 2736 auctor
975 2695 1304 2738 summum
1333 2675 1581 2765 Virgilii
1626 2693 1693 2740 et
1730 2675 1944 2741 Ovidii
1988 2675 2283 2742 imitandi
2322 2675 2615 2741 studium

479 2776 732 2866 prodit,
761 2801 1120 2866 eorumque
1157 2782 1492 2845 sententiis
1529 2798 1595 2860 et
1627 2782 1970 2870 phrasibus
2006 2783 2349 2871 saepissime
2384 2781 2617 2860 utitur,

487 2885 728 2948 horum
760 2900 1094 2972 poetarum
1133 2887 1308 2950 locos
1344 2886 1687 2976 diligenter
1716 2889 2065 2976 exquisitos
2103 2909 2579 2976 apponeremus
2598 2935 2618 2966 ,

485 2988 664 3053 haud
693 3012 838 3054 raro
873 2990 1254 3055 illustrando
1303 2995 1551 3059 auctori
1590 2995 1759 3059 bene
1794 2995 2161 3059 servientes.
2199 2993 2429 3080 Neque
2458 3013 2620 3056 vero

487 3095 825 3160 omisimus
861 3098 1254 3185 opusculum
1282 3097 1412 3162 hoc
1442 3122 1594 3164 cum
1622 3101 1766 3188 ipso
1794 3102 2081 3165 Homero
2109 3113 2430 3188 perpetuo
2462 3119 2623 3161 eon-

491 3202 658 3262 ferre
675 3247 694 3280 ,
725 3217 920 3287 atque
955 3200 1107 3265 inde
1137 3203 1241 3266 vel
1279 3205 1603 3294 corrigere
1638 3222 1705 3269 et
1736 3206 2075 3270 restituere
2106 3204 2445 3293 depravata
2468 3251 2486 3278 ‚
2518 3201 2623 3265 vel

489 3305 714 3368 saltem
737 3304 1228 3394 discrepantiam
1251 3331 1287 3372 a
1306 3325 1498 3397 poeta
1520 3310 1883 3376 ostendere.
1910 3312 2031 3375 Per
2048 3333 2187 3374 eam
2208 3309 2621 3374 collationem

493 3410 682 3474 etiam
715 3413 1086 3477 consultum
1119 3413 1274 3478 duxi
1300 3415 1500 3481 libros
1533 3417 1801 3480 Homeri
1834 3419 1903 3481 in
1937 3417 2237 3505 Epitome
2266 3413 2493 3480 Latina
2518 3411 2619 3477 di-

491 3515 848 3604 stinguere,
873 3532 1102 3604 atque,
1129 3518 1211 3583 ad
1247 3543 1442 3607 quem
1473 3520 1713 3584 librum
1753 3545 2029 3609 quaeque
2058 3521 2458 3609 pertineant,
2487 3537 2618 3578 nu-

497 3620 688 3684 meris
721 3622 786 3685 in
824 3621 1138 3711 principio
1170 3627 1476 3714 appositis
1510 3625 1812 3692 indicare.
1852 3627 2109 3692 Cae-teris
2146 3626 2213 3688 in
2250 3623 2446 3687 rebus
2482 3642 2619 3683 non

497 3747 726 3814 magna
749 3727 1108 3792 illustrandi
1137 3747 1200 3794 et
1225 3732 1690 3820 interpretandi
1719 3755 1913 3821 opera
1946 3729 2259 3798 sumenda
2285 3729 2442 3808 fuit,
2470 3727 2621 3813 quia

565 3980 644 4044 (¹)
679 3977 760 4032 De
790 3979 980 4032 Darete
1011 3981 1240 4054 Phrygio
1268 3985 1584 4056 singularem
1627 3987 2056 4042 exercitationem
2100 3985 2295 4057 publici
2326 3982 2461 4057 juris
2496 3981 2621 4034 fecit

495 4063 564 4110 V·
585 4063 648 4114 C.
667 4065 752 4115 Jo.
771 4065 1032 4136 Georgius
1056 4067 1243 4124 Eccius
1257 4108 1271 4132 ‚
1293 4071 1579 4143 Lipsiensis
1594 4074 1885 4128 Academia
1903 4075 2045 4128 Prof.
2063 4073 2252 4144 Lipsiae
2274 4071 2423 4139 1768.
