2975 4684
523 328 662 400 338

1304 328 1856 399 REPOSIANI

619 450 1068 521 Flammantes
1102 448 1430 525 retinebat
1469 474 1711 543 equos3
1743 448 1961 545 proh!
2000 453 2266 522 conseia
2304 453 2461 525 facti

619 561 856 632 Invida
890 551 1037 631 luiz!
1075 560 1354 631 Veneris
1389 561 1507 653 qui
1542 585 1727 631 nunc
1758 560 2138 655 produntur
2168 588 2431 634 amores

619 673 940 760 Lumine,
977 670 1228 743 Phoebe
1249 724 1270 757 ,
1305 669 1470 741 tuo?
1501 676 1693 743 Stant
1729 673 1906 768 capti
1934 673 2159 767 judice
2196 688 2383 746 tanto
2584 706 2654 744 ηε.

619 790 803 855 Mars
819 839 838 871 ,
873 788 1108 871 Amor,
1137 798 1204 853 et
1234 782 1520 877 Paphie,
1562 784 1893 879 ramisque
1928 785 2181 855 incerta
2216 788 2609 859 tremiscunt

617 897 946 984 Lumina,
980 919 1105 965 nec
1139 909 1422 990 possunt
1453 894 1707 967 crimen
1730 950 1749 984 ,
1790 910 1857 965 te
1895 910 2099 982 teste,
2132 922 2393 993 negare.

617 1007 900 1079 Viderat
931 1004 1158 1075 effusis
1188 1005 1561 1075 Gradivum
1595 1005 1889 1075 Phoebus
1924 1006 2203 1076 habenis

523 1215 578 1269 in
593 1200 806 1271 λποκολ.
821 1238 844 1261 ι
857 1213 888 1265 J
889 1230 974 1266 am
987 1210 1220 1264 medium
1231 1228 1390 1265 cursu
1401 1210 1547 1263 Phoe·

521 1298 622 1349 bus
649 1294 896 1348 diviserat
919 1292 1105 1345 orbem
1129 1316 1172 1344 ι.
1198 1292 1306 1344 En.

600 1393 623 1428 1
633 1375 719 1428 33.
735 1376 858 1425 Pmla
873 1378 894 1423 !
907 1370 1268 1440 conscae'afacti.
1283 1372 1548 1443 Fum'prae-

515 1456 729 1510 'ferebat
741 1453 807 1505 cl.
823 1449 1234 1522 Oudendorpius
1254 1490 1270 1518 ,
1287 1460 1339 1502 et
1350 1447 1547 1503 deinde

529 1537 732 1587 Veneris
771 1534 893 1601 quid
925 1550 1075 1592 nam,
1106 1531 1190 1583 vel
1231 1532 1350 1599 quia
1395 1549 1541 1591 nam,

522 1628 615 1669 aut
637 1616 762 1683 quid
783 1632 934 1663 nunc.
963 1610 1152 1663 Bmix.

598 1693 715 1747 135.
739 1694 956 1753 Lumine,
979 1692 1166 1752 wambe,
1185 1703 1288 1741 tuo.
1315 1684 1544 1742 Ovidius

522 1773 708 1828 eadem
735 1790 960 1825 narrans
976 1811 992 1838 ,
1014 1772 1128 1825 Art.
1148 1770 1265 1823 Am.
1288 1770 1345 1823 11
1363 1806 1378 1834 ,
1404 1770 1539 1839 575:

535 1855 743 1920 -Quam
777 1852 914 1905 mala
933 1892 950 1919 ,
987 1850 1078 1906 Sol
1101 1888 1116 1916 ,
1153 1848 1390 1922 exempla
1429 1866 1543 1900 mo-

522 1953 614 1989 ves
626 1934 651 1986 i‘
670 1958 694 1981 n
706 1938 931 1985 —Stant
945 1934 1078 2001 capti
1083 1933 1256 2001 judice
1272 1943 1431 1981 tanto.
1458 1928 1543 1981 Sic

521 2024 822 2069 constanter
855 2010 1063 2067 scheda
1099 2030 1263 2063 manu
1290 2022 1542 2071 exaratae3

521 2094 704 2147 malim
731 2104 910 2147 tamen
934 2094 1068 2161 capti
1093 2104 1232 2142 stant
1250 2092 1414 2141 indice
1436 2102 1545 2140 ean-

524 2188 597 2235 to,
636 2183 696 2225 ut
730 2190 892 2243 supra
924 2190 976 2223 v.
1015 2168 1078 2221 25
1103 2210 1118 2235 ‚
1173 2196 1195 2217 ι
1227 2167 1408 2222 Indice
1441 2168 1543 2223 sub

522 2252 718 2305 Phoebo
751 2262 962 2325 captam
1005 2248 1222 2321 gessisse
1263 2260 1473 2303 catenas
1498 2273 1543 2301 ι.

521 2332 662 2384 Hinc
693 2332 880 2383 Venus
914 2328 1058 2401 apud
1095 2328 1251 2382 ovid.
1289 2328 1414 2381 Met.
1440 2329 1545 2397 IV,

530 2429 658 2479 190,
676 2410 790 2462 haec
824 2410 1008 2461 eadem
1035 2410 1090 2460 in
1115 2426 1203 2461 re:
1230 2408 1441 2479 «Exigit
1465 2407 1545 2458 in—

522 2490 648 2543 dicii
663 2507 952 2542 memorem
969 2488 1046 2560 Cy
1051 2486 1248 2540 therein
1269 2503 1548 2559 pomam-3

521 2583 572 2623 et
591 2570 706 2621 Art.
729 2563 938 2631 Am.11‚
963 2565 1092 2637 573:
1121 2565 1374 2619 «Indicio
1390 2565 1549 2633 Solis,

520 2650 640 2722 quis
675 2646 852 2701 Solem
880 2646 1063 2699 fallere
1095 2646 1297 2717 possit,
1325 2646 1549 2717 Cognita

523 2731 768 2783 Vulcano
786 2725 1029 2799 conjugis
1046 2737 1159 2778 acta
1179 2744 1316 2778 ωε-
1333 2726 1547 2779 .Βυιι.

521 2811 642 2862 Non
677 2805 1032 2859 necessarium
1075 2823 1188 2857 esse
1216 2816 1347 2876 puto
1367 2842 1383 2870 ,
1406 2808 1548 2875 judi-

522 2909 628 2940 cem
657 2887 760 2939 hoc
797 2884 916 2939 loco
956 2902 1080 2938 cum
1119 2887 1282 2937 indice
1314 2904 1549 2938 cominu-

520 2980 648 3022 tare.
675 2965 842 3019 Index
864 2976 941 3019 est
956 3006 972 3033 ,
989 2964 1212 3036 quirem
1236 2964 1404 3019 visam
1424 2984 1548 3037 pro-

523 3048 601 3101 dit
617 3088 632 3113 ,
671 3046 759 3100 Sol
804 3057 978 3099 autem
1025 3045 1130 3097 hoe
1173 3043 1290 3096 loco
1343 3044 1549 3099 furtum

520 3123 706 3178 Martis
729 3124 967 3177 nondum
988 3124 1220 3197 prodere
1241 3134 1295 3176 et
1309 3122 1548 3177 indicare

521 3204 735 3271 dicitur,
761 3202 854 3257 sed
877 3214 1080 3256 tantum
1104 3203 1363 3275 inspicere
1391 3215 1442 3256 et
1461 3222 1547 3256 co—

522 3302 788 3354 gnoscere.
821 3282 930 3347 Qui
965 3302 1199 3355 praesens
1233 3302 1348 3336 rem
1381 3284 1552 3337 cernit

523 3374 577 3414 et
603 3362 908 3428 arbitratur,
933 3360 979 3415 is
993 3365 1162 3431 jude-2·
1191 3360 1414 3436 perinde
1441 3360 1549 3415 dici

525 3454 696 3513 potest
717 3484 732 3509 ,
779 3452 938 3513 atque
993 3442 1124 3495 alias
1171 3442 1325 3495 aliter
1372 3446 1553 3494 arbiter

523 3520 630 3573 dici
656 3520 933 3574 solet.Vid.
961 3534 1069 3574 not.
1094 3520 1163 3574 ad
1189 3520 1381 3574 Lucilii
1403 3525 1546 3575 AEtn.

522 3620 598 3655 vs.
635 3618 750 3673 ¹9²·

600 3681 715 3734 136.
737 3681 1000 3747 Ratm'sque
1029 3682 1213 3731 incer-sa
1231 3684 1543 3732 &emis-cunt:

522 3759 594 3812 ita
625 3760 680 3811 in
718 3758 876 3813 Salm.
912 3770 964 3811 et
987 3757 1196 3813 Divion.
1237 3757 1328 3812 sed
1355 3760 1545 3813 melius

523 3837 580 3891 in
604 3837 784 3891 codice
810 3838 958 3892 Leid.
1004 3866 1028 3885 a
1051 3841 1318 3911 ramisque
1348 3841 1544 3894 inserta

523 3919 831 3972 tremiscunt
877 3918 1102 3973 Lumina
1122 3960 1138 3987 ,
1195 3938 1294 3973 nec
1345 3919 1543 3973 crimen

521 4010 768 4068 possunt,
794 4012 846 4053 te
872 4010 1031 4069 teste,
1062 4019 1273 4072 negare.
1297 4024 1321 4047 n
1351 4006 1543 4051 Inserta

523 4081 672 4128 ramis
703 4082 919 4140 Iumina,
963 4091 1023 4132 ut
1055 4078 1196 4153 apud
1222 4079 1541 4151 Virgilium,

1632 1213 1841 1267 AEneid.
1861 1214 1945 1267 111
1961 1255 1977 1281 ,
2004 1214 2133 1269 152:
2161 1242 2186 1263 ‹-
2206 1215 2374 1271 multo
2392 1216 2660 1272 manifesti

1633 1292 1864 1361 lumine,
1898 1313 2003 1368 qun
2042 1314 2099 1349 se
2133 1295 2299 1349 Plena
2318 1314 2415 1369 per
2436 1296 2661 1351 insertas

1632 1370 1893 1429 fundebat
1912 1375 2035 1427 luna
2063 1374 2313 1429 fenestras
2330 1393 2391 1439 -3
2430 1376 2527 1429 ubi
2552 1376 2661 1431 Ser-

1632 1450 1777 1518 vius,
1814 1478 1840 1499 ‹-
1858 1453 2010 1527 quasi
2037 1454 2243 1509 lumine
2260 1474 2361 1509 suo
2378 1456 2507 1509 luna
2532 1455 2663 1509 inse-

1630 1543 1837 1601 ruerat,
1872 1535 1944 1589 ab
1964 1534 2247 1590 inserendo
2260 1574 2277 1603 ,
2312 1534 2463 1609 qnod
2486 1554 2547 1589 se
2568 1554 2664 1607 per

1630 1610 1791 1665 rimas
1816 1612 2069 1669 insereret
2091 1639 2134 1669 ι.
2170 1615 2349 1671 Βυιη.
2394 1614 2663 1687 Equidem

1631 1689 1917 1747 lectionem
1940 1694 2142 1749 codicis
2176 1694 2325 1749 Leid.
2362 1698 2551 1747 ἕπει-νεα
2584 1699 2663 1747 lu-

1629 1774 1767 1823 mina
1804 1771 2093 1828 admodum
2132 1772 2353 1827 laudare
2394 1792 2507 1828 non
2536 1792 2664 1847 pos-

1630 1868 1778 1919 sum,
1801 1870 1975 1923 neque
1998 1853 2149 1907 locus
2164 1852 2377 1927 Virgilii
2396 1852 2667 1907 adductus

1628 1928 1699 1981 sd
1744 1950 1861 1983 eam
1902 1932 2235 2005 probandam
2274 1933 2434 1987 valet.
2480 1934 2668 1989 Potius

1629 2011 1815 2061 incerta
1837 2014 2025 2063 Iumina
2047 2012 2275 2085 profero
2293 2052 2310 2079 ,
2330 2032 2451 2085 qun
2475 2010 2665 2065 dicun-

1632 2097 1721 2139 tur
1765 2092 2044 2145 tremiscere
2082 2094 2231 2143 rami's
2276 2094 2466 2145 ineerta
2482 2130 2498 2153 ‚
2534 2093 2665 2164 quia

1632 2164 1815 2221 lumen
1840 2170 2005 2223 ramis
2035 2182 2087 2223 et
2119 2170 2397 2224 frondibus
2420 2171 2531 2225 luci
2553 2184 2665 2225 tre·-

1632 2245 1900 2303 mentibus
1938 2248 2204 2317 incidens,
2237 2251 2469 2303 tremulo
2505 2263 2665 2303 motu

1635 2344 1813 2379 errare
1848 2327 2111 2383 incertum
2138 2330 2364 2385 videtur.
2410 2331 2667 2403 Apposite

1633 2404 1832 2461 Statius
1847 2408 2043 2473 ,Theh.
2064 2411 2137 2476 11,
2156 2410 2253 2464 531
2278 2412 2468 2477 :uQua
2484 2411 2671 2465 laxant

1634 2484 1775 2537 rami
1802 2505 1990 2541 nemus
2012 2528 2027 2553 ,
2062 2489 2392 2561 adversaque
2412 2491 2514 2545 sub
2547 2508 2668 2543 nm-

1636 2563 1732 2617 bra
1747 2604 1764 2630 ,
1797 2564 2095 2621 Flumineus
2116 2568 2287 2623 eratis
2304 2570 2445 2623 lunae
2464 2582 2671 2625 tremor

1637 2655 1777 2697 errat
1812 2645 1868 2698 in
1902 2647 2066 2701 armis
2084 2674 2125 2703 a.
2176 2650 2419 2706 Declarat
2461 2650 2569 2705 hoc
2612 2664 2671 2705 et

1633 2723 1783 2777 locus
1809 2725 2053 2798 Virgilii,
2088 2732 2212 2785 AEn.
2233 2728 2399 2797 VIII,
2432 2750 2532 2797 ιη,
2568 2732 2669 2785 uhi

1634 2803 1835 2857 incerta
1886 2804 2229 2863 deliberantis
2276 2810 2498 2863 consilia
2538 2828 2669 2865 cum

1634 2883 1861 2935 tremulo
1888 2899 1942 2940 et
1958 2886 2197 2941 vibrans
2214 2890 2271 2941 in
2292 2889 2445 2961 aquis
2461 2889 2671 2943 lumine

1635 2976 2001 3035 comparatur:
2045 2992 2071 3013 n
2088 2968 2237 3023 Sicut
2274 2987 2423 3040 aqna
2464 2980 2671 3023 tremu-

1636 3044 1747 3099 lum
1783 3045 1943 3099 labris
1982 3046 2077 3099 ubi
2113 3048 2297 3101 lumen
2330 3047 2512 3105 ahenis
2542 3048 2673 3103 Sole

1636 3144 2005 3201 repercussum
2022 3168 2039 3194 ,
2066 3140 2167 3181 etc.
2190 3154 2217 3175 υ

1714 3210 1829 3263 138.
1887 3210 2094 3259 Viderat
2134 3207 2327 3276 effusis.
2368 3209 2435 3261 In
2476 3208 2671 3263 codiee

1638 3286 1787 3341 Leid.
1810 3288 2013 3339 Viderat
2033 3288 2209 3355 insuetis
2224 3326 2240 3349 ,
2280 3286 2427 3359 quod
2454 3287 2667 3343 admitti

1636 3378 1837 3438 potest,
1867 3367 1913 3419 si
1949 3366 2152 3439 legatur
2184 3370 2236 3419 in
2256 3370 2393 3437 fissis
2430 3371 2663 3425 habenis,

1636 3457 1697 3501 ut
1717 3451 1768 3499 in
1789 3450 1925 3515 equis
1944 3465 2055 3501 esse
2072 3445 2294 3514 dicitur,
2323 3448 2419 3519 qui
2445 3460 2661 3501 currum

1635 3526 1806 3599 regit3
1843 3526 1931 3579 vel
1962 3545 2027 3579 eo
2054 3544 2211 3579 sensu
2222 3546 2366 3598 ,quo
2386 3530 2441 3571 in
2474 3524 2653 3583 lta-⁸0¹1,

1634 3608 1685 3656 in
1722 3625 1839 3657 ense
1875 3624 1987 3659 esse
2022 3605 2231 3666 dicitu,
2266 3600 2361 3672 qui
2386 3618 2447 3653 (Ἀ
2473 3598 2657 3655 tendit·

1632 3683 1739 3737 Sed
1763 3696 1975 3757 praestat
2004 3684 2170 3734 altera
2196 3680 2379 3747 lectio,
2422 3680 2469 3734 si
2500 3680 2661 3751 expli-

1634 3776 1801 3830 cetur,
1826 3781 1923 3834 pro
1954 3759 2229 3815 celerrime
2260 3778 2359 3812 suo
2384 3777 2532 3813 more
2552 3760 2659 3815 cir-

1634 3860 1916 3914 cumagens
1935 3840 2067 3895 vidit
2092 3836 2429 3905 adulterium,
2444 3850 2495 3893 et
2512 3839 2660 3907 hinc,

1634 3942 1684 3977 v.
1724 3926 1847 3989 146,
1866 3922 2151 3989 compressit
2180 3922 2431 3979 habenas,
2460 3917 2517 3972 id
2548 3929 2658 3983 est,

1632 4000 1863 4054 inhibuit
1886 4016 2099 4053 currum
2116 4038 2131 4064 ,
2153 3996 2299 4069 quod
2317 4008 2369 4050 et
2382 3996 2657 4068 preferen-

1630 4082 1761 4135 dum
1806 4080 2079 4134 videbatur
2124 4080 2218 4133 cel.
2254 4077 2653 4149 Oudendorpio.
