2975 4684
695 423 1155 491 EPITOME
1216 422 1639 492 ILIADOS
1704 424 2141 493 HOMERI.

2346 422 2485 497 533

447 542 708 643 [Quam
741 543 932 613 duxit
965 542 1329 613 Telamone
1366 558 1549 612 satus
1586 542 1987 614 Salaminius
2036 543 2251 644 Ajax.]
2392 636 2399 641 .

541 661 631 726 At
670 656 1006 727 Prothous
1040 658 1358 750 Magnes,
1395 654 1867 725 Tenthredone
1912 671 2107 726 natus
2132 712 2151 745 ‚
2192 672 2260 726 et
2303 683 2437 727 una

446 766 719 836 Euboeae
757 767 1018 863 magnis
1055 765 1438 862 Elephenor
1471 764 1717 835 finibus
1749 780 1969 853 ortus,

440 876 934 972 Dulichiusque
972 881 1238 971 MegeS‚
1276 877 1653 970 animisque
1693 876 1972 971 insignis
2008 891 2071 947 et
2108 878 2311 946 armis
2412 912 2461 940 ιο

443 988 660 1059 AEtola
704 988 802 1057 de‘
825 1002 1024 1083 gente
1060 988 1282 1059 Thoas
1319 987 1769 1059 Andraemone
1804 1002 2037 1075 natuS,

441 1102 529 1169 Hi
568 1099 1028 1195 quadragenas
1064 1123 1293 1168 omnes
1329 1098 1577 1167 duxere
1616 1099 1875 1167 carinas
1907 1124 1924 1166 t

443 1213 530 1280 Et
569 1210 673 1279 bis
711 1236 824 1279 sex
858 1210 1073 1282 Ithaci
1111 1234 1313 1279 naves
1349 1206 1617 1279 solertia
1652 1209 1874 1297 duxit,

345 1400 474 1437 ctum
501 1384 655 1453 dicit,
673 1386 798 1458 quia
823 1385 1249 1463 antecedentium
1276 1404 1370 1439 na-

343 1484 436 1518 ves
454 1504 471 1529 ,
515 1466 660 1519 Nirei
712 1477 818 1520 tres
856 1478 909 1519 et
941 1467 1240 1539 Tlepolemi
1276 1485 1370 1519 no-

345 1564 465 1600 vem
485 1587 501 1613 ,
521 1558 890 1601 connumerat.

423 1644 539 1696 197.
577 1626 732 1680 Hunc
783 1644 995 1680 versum
1047 1624 1369 1698 ejiciendum

345 1724 561 1774 censeo,
584 1718 636 1760 et
657 1720 938 1780 propterea
965 1707 1172 1760 uncinis
1193 1708 1367 1760 inclu-

345 1785 578 1840 dendum
604 1787 811 1841 curavi.
831 1788 1042 1841 Merum
1067 1798 1144 1839 est
1173 1788 1368 1841 emble·

347 1885 436 1919 ma
461 1866 574 1919 ludi
599 1868 862 1938 magistri,
889 1868 984 1940 qui
1010 1867 1156 1919 bunc
1182 1880 1368 1939 poeta-

345 1956 512 1999 strum
565 1946 620 1998 in
664 1948 846 2002 schola
885 1947 1208 2018 explicabat.
1258 1948 1368 2013 Qui

347 2044 510 2099 quum
533 2045 642 2079 non
669 2026 906 2092 videret,
942 2048 1054 2101 quo
1089 2027 1370 2082 referenda

347 2118 522 2161 essent
539 2106 699 2159 verba
719 2108 1014 2179 precedent
1022 2108 1064 2162 is
1087 2126 1266 2163 versus
1284 2110 1372 2160 mi·

348 2207 440 2238 nm
463 2208 566 2241 una
587 2208 714 2241 nave
727 2228 742 2249 ,
771 2200 824 2241 et
850 2190 1068 2243 Eumelo
1091 2188 1249 2241 sciret
1276 2206 1371 2240 un·

349 2266 521 2320 decim
540 2286 698 2321 naves
720 2268 912 2333 tribui,
941 2266 1370 2341 subjungendum

347 2346 554 2417 putavit
585 2346 776 2401 ducem
827 2368 888 2401 12
929 2348 1146 2403 navium
1169 2386 1185 2412 ,
1220 2349 1374 2421 cujus

347 2437 592 2497 respectu
611 2427 864 2480 Eumelus
879 2466 894 2491 ,
913 2446 1017 2482 una
1039 2428 1218 2481 minus
1236 2446 1375 2481 nave

349 2506 617 2577 profectus
643 2544 658 2569 ,
705 2506 1081 2578 intelligeretur
1121 2506 1374 2561 undecim

349 2603 514 2638 naves
551 2586 813 2640 habuisse.
867 2585 1208 2641 Manifestum
1257 2600 1336 2642 est
1353 2626 1370 2652 ,

350 2663 507 2737 hujus
520 2666 598 2718 rei
619 2664 945 2719 declarando
963 2685 1150 2721 caussa
1168 2686 1374 2721 versum

355 2750 454 2808 ²⁰4
479 2744 588 2797 buc
619 2743 920 2798 traductum
949 2766 1060 2804 esse
1077 2789 1094 2813 ,
1116 2748 1210 2821 qui
1239 2768 1376 2820 pro·

351 2834 496 2877 terea
519 2823 1032 2879 absurde-confictus
1057 2830 1114 2879 in
1143 2827 1213 2881 G.
1242 2848 1269 2881 2
1287 2870 1302 2895 ,
1325 2841 1378 2882 et

351 2904 416 2955 A.
430 2916 480 2955 et
491 2903 575 2957 ed.
588 2906 844 2977 vet-Lips.
854 2917 1098 2979 apparet:
1117 2912 1277 2975 Quam
1293 2914 1378 2962 du.

353 2988 430 3036 xit
443 2988 708 3038 Telamone
722 3000 860 3037 satus
876 2992 1180 3039 Telamonius
1196 2993 1356 3059 Ajaae.

429 3065 548 3133 198.
565 3065 714 3117 Libri
744 3066 920 3119 excusi
950 3066 1040 3119 hic
1069 3068 1251 3139 legunt
1275 3074 1377 3120 As-

351 3164 550 3215 mpus,
585 3161 640 3197 et
667 3166 850 3217 magno
893 3151 1173 3199 Thestoride
1213 3163 1374 3201 nanu.

353 3223 528 3278 Guelf.
548 3246 575 3279 2
602 3233 868 3295 Aspropus‚
890 3232 1158 3296 Astmploeus
1168 3267 1186 3290 ‚
1211 3235 1381 3281 Asuu-

343 3309 491 3373 paim
527 3325 638 3359 una
671 3306 898 3361 exhibet.
917 3308 996 3361 cl.
1026 3306 1380 3385 Bondamius‚

354 3386 447 3458 qui
473 3386 512 3437 l.
538 3404 583 3440 c.
612 3405 664 3459 p.
696 3394 796 3455 149
827 3386 974 3442 bunc
1010 3400 1061 3441 et
1101 3401 1382 3461 sequentes

355 3483 534 3519 versus
555 3466 873 3520 emaculavit
886 3508 900 3533 ,
925 3486 1190 3541 quemque
1211 3468 1379 3523 libens

355 3562 548 3617 sequor
565 3586 581 3613 ,
623 3546 712 3599 hic
754 3546 1038 3618 legendum
1086 3559 1264 3603 censet
1314 3567 1376 3601 ex

356 3623 574 3678 Homeri
601 3624 752 3679 Iliad.
772 3627 828 3678 II
845 3666 860 3691 ,
895 3627 997 3697 756
1017 3648 1030 3682 :
1053 3634 1128 3679 Ae
1145 3632 1376 3681 hotham

355 3724 545 3773 magno
567 3709 903 3759 Tenthredone
921 3722 1089 3761 natus.
1111 3707 1214 3761 sed
1233 3708 1381 3783 quod

359 3802 458 3837 vox
498 3805 684 3853 magno
724 3797 776 3838 et
802 3790 1001 3856 magnis
1026 3786 1164 3841 duos
1199 3806 1384 3841 versus

359 3866 636 3936 occupavit
651 3906 666 3931 ,
693 3864 752 3917 id
778 3868 890 3939 jam
923 3866 1188 3919 Bal-thium
1217 3868 1387 3928 offen-

359 3943 462 4009 dit,
485 3956 537 3997 et
565 3944 707 4017 apud
731 3944 1026 4000 Homerum
1053 3947 1259 4001 nullum
1284 3948 1390 4001 tale

359 4024 589 4096 elogium
607 4024 1000 4079 Tenthredonis
1033 4027 1244 4100 legitur,
1271 4038 1332 4080 ut
1357 4046 1390 4081 a

358 4105 552 4158 Nostro
572 4124 795 4179 magnus
816 4106 1127 4181 appelletur.
1149 4108 1392 4181 Propter-

361 4204 422 4240 ea
459 4186 624 4245 malui
657 4187 883 4247 scribere
916 4194 986 4240 At
1014 4193 1245 4241 Prothous
1278 4194 1390 4241 Ma-

1451 1404 1601 1454 gnes.
1666 1388 1804 1439 Nam
1868 1386 2134 1439 Homerus
2196 1384 2489 1439 Prothoum

1451 1466 1762 1536 Magnetum
1785 1466 2087 1539 principem
2115 1464 2355 1517 nominat
2374 1505 2389 1529 ,
2431 1476 2485 1518 et

1457 1545 1639 1617 Dictys
1656 1545 1713 1596 in
1733 1545 1975 1617 catalogo
2000 1545 2224 1597 heroum
2246 1544 2488 1616 quiTro-

1457 1630 1567 1697 jam
1587 1624 1910 1678 obsederunt
1927 1664 1944 1689 ,
1976 1624 2067 1677 lib.
2089 1626 2116 1676 I
2137 1665 2152 1692 ,
2196 1642 2289 1694 17:
2323 1650 2349 1671 α
2371 1624 2493 1678 Pro-

1457 1704 1617 1759 thous
1636 1743 1651 1769 ,
1680 1706 1900 1777 Magnes
1914 1742 1931 1770 ,
1963 1722 2033 1757 xx.
2052 1722 2213 1757 naves
2230 1730 2271 1756 ιο.

1534 1802 1651 1853 199.
1670 1788 1979 1853 Elephenor:
2029 1781 2107 1836 sie
2146 1782 2485 1837 scribendum

1456 1882 1521 1918 ex
1550 1863 1783 1917 Homero
1802 1903 1817 1928 ,
1844 1864 1908 1915 Il.
1935 1864 1989 1916 11
2006 1903 2020 1928 ,
2063 1867 2185 1929 540.
2207 1863 2410 1917 Vitiose
2430 1864 2485 1917 in

1455 1943 1611 1998 editis
1648 1956 1759 1998 erat
1781 1948 2011 1998 Euboeea
2044 1963 2107 1996 ae
2142 1946 2340 2012 magnis
2372 1950 2490 1997 Hel-

1447 2044 1624 2091 penor.
1662 2024 1729 2077 G.
1776 2043 1802 2077 ²
1846 2027 2061 2077 Euboias
2103 2044 2194 2085 ac,
2235 2036 2287 2077 et
2340 2026 2489 2097 Lips,

1455 2110 1656 2173 magnis
1682 2105 2175 2174 Delphonorfim'bm.
2196 2103 2255 2156 Α.
2281 2108 2491 2173 Delplte·

1456 2204 1568 2237 nor.
1611 2184 1934 2239 Bondamius
1960 2198 2141 2237 autem
2177 2186 2492 2242 emendabat

1459 2268 1656 2317 Euboeoe
1689 2287 1759 2319 ex
1785 2270 1985 2334 magnis
2006 2304 2021 2327 ,
2064 2265 2158 2318 sed
2186 2268 2310 2338 quia
2332 2272 2389 2323 τὸ
2420 2288 2489 2319 ae
2554 2302 2566 2313 -

1459 2356 1698 2399 veterum
1723 2346 1980 2397 librorum
2003 2362 2066 2398 ex
2088 2346 2267 2398 ultima
2289 2348 2493 2419 syllaba

1459 2426 1607 2479 vocis
1646 2428 1843 2477 Buba-ce
1880 2436 2055 2477 ortum
2100 2425 2344 2493 videtur,
2381 2448 2490 2481 non

1462 2504 1779 2558 mutandum
1804 2506 1857 2559 iu
1879 2524 1965 2565 ex,
1986 2504 2078 2557 sed
2094 2506 2268 2575 potius
2282 2507 2493 2580 ejicien-

1466 2586 1596 2639 dum
1630 2586 1833 2639 censui.
1868 2586 1955 2638 Sic
1985 2602 2145 2658 supra
2182 2586 2391 2652 Noster,
2414 2606 2490 2641 vs.

1470 2685 1603 2737 170:
1634 2670 1901 2733 Mycenaeis
1936 2672 2281 2735 Agamemnon
2298 2670 2490 2738 finibus

1465 2762 1615 2799 onus.
1638 2745 1883 2799 Barthius
1900 2786 1915 2810 ,
1942 2746 2077 2798 Adv.
2102 2765 2154 2817 p.
2180 2746 2344 2815 2754,
2365 2746 2491 2819 quia
2584 2742 2591 2748 ⁷

1465 2825 1731 2880 Homerus
1743 2827 2005 2899 Elpenora
2014 2827 2279 2878 Abantum
2297 2825 2495 2880 finibus

1465 2920 1642 2960 ortum
1660 2906 1818 2959 tradit
1831 2944 1845 2969 ,
1867 2905 2015 2958 bunc
2033 2924 2243 2959 versum
2265 2906 2389 2959 satis
2405 2925 2496 2960 au-

1465 2988 1649 3042 dacter
1664 2986 1908 3057 refingit:
1929 2990 2111 3037 Euboea
2132 3026 2146 3045 ,
2184 2990 2495 3054 Elpenorque

1464 3090 1495 3121 e
1497 3072 1686 3141 finibus
1706 3081 1839 3119 ortus
1856 3070 2129 3117 Abancum.
2167 3098 2237 3105 —
2274 3066 2465 3119 Ovi'dio
2478 3104 2495 3133 ‚

1464 3150 1621 3202 Trist.
1647 3146 1729 3197 111
1748 3184 1763 3209 ,
1792 3158 2117 3199 memoratur
2140 3145 2283 3199 idem
2314 3146 2498 3199 fortas·

1468 3249 1524 3284 se
1544 3230 1801 3300 Elpenor,
1830 3244 1967 3279 unus
1996 3246 2057 3279 ex
2090 3226 2293 3299 Ulyssis
2332 3228 2496 3280 comi-

1466 3311 1609 3364 tibus
1624 3348 1638 3373 ,
1660 3310 1773 3385 qui,
1788 3328 1953 3382 quum
1978 3310 2033 3360 in
2056 3326 2276 3378 porcum
2296 3327 2324 3360 a
2342 3308 2497 3361 Circe

1469 3402 1700 3443 mutatus
1719 3401 1853 3442 esset
1868 3388 2017 3456 ,dein
2040 3388 2291 3441 bumauae
2314 3389 2498 3441 formas

1471 3470 1741 3523 restitutus
1766 3468 1833 3522 ad
1872 3470 2115 3542 Ulyssem
2150 3470 2365 3522 incauto
2410 3469 2496 3522 fu·

1464 3550 1639 3623 giendi
1669 3550 1845 3604 studio
1871 3562 2181 3622 properaret
2200 3591 2215 3616 ,
2256 3568 2317 3602 ex
2349 3548 2494 3602 edito

1462 3632 1585 3685 loco
1604 3629 1855 3683 decidens
1874 3630 2041 3701 periit.
2068 3630 2171 3682 En.
2200 3656 2207 3661 ·

1546 3728 1661 3763 ποι.
1688 3711 1925 3783 Vulgata·
1953 3710 2153 3762 habent
2181 3712 2244 3759 Et
2268 3711 2412 3759 clara
2435 3711 2499 3760 de

1469 3804 1621 3860 gente
1650 3794 1809 3842 Thoas
1834 3794 2152 3841 Andremone
2176 3786 2257 3839 vel
2294 3791 2498 3839 Andro-

1475 3890 1641 3929 mene,
1661 3869 1803 3944 quod
1824 3868 2150 3922 Bondamius
2167 3878 2309 3918 recte
2331 3884 2505 3919 emen·

1477 3949 1570 4003 dat
1588 3954 1939 4001 Andraemone.
1966 3948 2081 4017 Ego
2109 3956 2357 4020 praeterea
2378 3946 2505 3999 scri.

1477 4028 1713 4083 bendum
1751 4027 1930 4099 putavi
1951 4030 2116 4079 AEcolo
2145 4030 2209 4079 de
2234 4040 2413 4096 gente,
2441 4044 2503 4079 ex

1477 4108 1695 4162 Homeri
1719 4109 1771 4159 Π
1789 4146 1804 4170 ,
1830 4108 1964 4161 638:
1986 4117 2037 4159 et
2065 4106 2204 4159 clare
2224 4105 2347 4158 cod.
2372 4105 2440 4158 G.
2472 4124 2501 4157 a

1477 4188 1721 4261 prefert:
1752 4190 1929 4239 Ethola
1955 4191 2019 4240 de
2036 4201 2185 4256 gente
2220 4189 2395 4241 Thoas.
