2975 4684
530 383 655 454 ¹92
1218 363 1762 435 EXCURSUS
1819 369 1931 436 VI

518 493 873 559 Claudiani.
898 493 1083 582 Idyll.
1108 491 1192 557 de
1216 493 1339 582 piis
1358 494 1685 578 fratribus,
1707 513 1770 562 et
1791 499 1870 563 cl.
1893 499 2238 567 Salmasius
2261 503 2538 572 Exercit.
2561 509 2650 574 ad

514 599 813 662 Solinum
843 619 909 685 p.
944 595 1049 683 78.
1082 596 1137 659 E
1175 597 1642 662 recentioribus
1677 598 1974 684 eruditis,
1998 617 2225 690 praeter
2261 602 2647 694 interpretes

512 701 901 788 scriptorum
928 698 1344 787 allegatorum
1363 745 1380 780 ,
1406 697 1489 764 de
1513 700 1818 764 fratribus
1847 703 2076 769 Siculis
2103 721 2382 793 egerunt
2407 709 2644 775 Caelius

508 799 946 889 Rhodiginus,
980 801 1153 863 Lect.
1190 800 1411 886 Antiq.
1448 799 1561 866 lib.
1599 803 1724 883 XI,
1763 825 1819 868 c.
1859 825 1968 891 173
2003 805 2373 889 Cluverius,
2407 809 2642 876 Siciliae

506 901 797 968 Ant.·lih.
822 902 855 964 I
873 951 892 984 ,
920 923 1057 990 oep.
1086 901 1219 984 IX,
1241 924 1305 989 p.
1338 923 1494 983 1203
1521 901 1675 968 Chr.
1703 903 1822 969 Ad.
1855 907 2220 994 Rupertus,
2254 909 2522 978 Dissert.
2557 912 2644 976 ad

506 1003 643 1070 val.
668 1003 839 1068 Max.
863 1025 1007 1092 pag.
1038 999 1165 1080 334
1183 1027 1200 1084 3
1220 1002 1455 1068 Gottfr.
1482 1003 1808 1088 Olearius,
1833 1005 1915 1069 ad
1937 1005 2238 1076 Philostr.
2264 1008 2394 1076 Vit.
2423 1014 2640 1100 Apoll.

504 1105 584 1188 V,
615 1130 733 1194 173
760 1103 934 1169 Petr.
966 1107 1377 1168 Burmannus
1400 1125 1530 1169 sec.
1563 1122 1913 1172 comment.
1944 1106 2026 1172 ad
2051 1108 2360 1174 numism.
2391 1112 2638 1197 Sicula,

505 1207 667 1272 Tab.
713 1209 825 1288 IV,
856 1229 1000 1296 pag.
1036 1203 1166 1284 314
1206 1228 1341 1294 seq.
1375 1206 1796 1294 Apponemus
1846 1226 1995 1273 ante
2045 1211 2265 1274 omnia
2300 1211 2638 1280 historiam

506 1311 590 1375 de
623 1309 935 1373 miraculo
965 1309 1091 1370 isto
1107 1354 1125 1388 ,
1150 1321 1215 1370 et
1243 1306 1481 1395 pietate
1507 1307 1824 1386 juvenum
1855 1309 2312 1374 Catanensium
2333 1361 2353 1394 ,
2387 1329 2452 1377 et
2485 1315 2638 1402 qui-

504 1411 655 1476 dem
689 1433 769 1474 ex
803 1408 1019 1474 multis
1056 1407 1352 1472 selectam
1388 1408 1677 1474 Cononis
1713 1411 2132 1476 Grammatici
2156 1459 2175 1494 ,
2209 1411 2459 1478 Narrat.
2494 1438 2636 1506 αφ.

503 1513 622 1595 43,
648 1535 793 1601 quoe
824 1527 891 1576 et
918 1509 1314 1575 luculentior
1350 1511 1596 1574 caeteris
1615 1559 1634 1593 ,
1661 1527 1729 1576 et
1759 1514 2111 1577 narrationi
2141 1514 2370 1578 Lucilii
2399 1537 2640 1581 eonve-

502 1614 903 1680 nientissima
923 1611 1214 1677 videtur:
1240 1643 1267 1668 ιι
1282 1613 1457 1702 Ignis
1481 1611 1717 1678 AEtnaei
1739 1629 2014 1680 crateres
2038 1631 2244 1680 tantas
2267 1617 2636 1709 aliquande,

504 1715 789 1783 fluminis
820 1715 1042 1796 instar,
1068 1711 1356 1778 flammas
1390 1736 1506 1801 per
1554 1737 1694 1778 eam
1729 1715 2061 1805 regionem
2107 1713 2514 1802 effuderunt,
2559 1737 2638 1784 ut

502 1819 815 1884 Catanaeis
844 1817 1037 1904 (urbs
1067 1831 1286 1880 autem
1319 1815 1544 1879 Graeca
1577 1815 1803 1880 Siciliae
1837 1819 2076 1881 Catana
2107 1818 2241 1906 est)
2271 1835 2634 1886 extremum

496 1921 646 1986 urbi
681 1921 1015 1985 interitum
1052 1915 1409 1982 certissimo
1447 1917 1732 1981 allaturae
1758 1917 2156 1984 viderentur.
2189 1921 2286 1984 Ex
2325 1943 2400 1985 ea
2434 1922 2637 2011 igitur

498 2025 668 2089 cives
716 2043 911 2110 quam
956 2019 1261 2084 citissime
1306 2019 1664 2109 fugientes,
1699 2042 1931 2083 aurum
1977 2019 2120 2102 alii,
2151 2021 2257 2084 alii
2289 2037 2632 2111 argentum

497 2123 873 2203 efferebant,
890 2121 996 2184 alii
1016 2142 1171 2183 vero
1200 2141 1628 2207 quaecumque
1643 2119 2009 2184 subsidium
2028 2121 2096 2184 in
2113 2122 2344 2186 'exsilio
2367 2123 2632 2188 allatura

493 2225 899 2291 videbantur.
932 2221 1204 2308 Anapias
1233 2236 1484 2284 tantum
1519 2237 1584 2284 et
1613 2223 2120 2309 Amphinomus,
2143 2245 2273 2312 prae
2301 2224 2630 2308 omnibus,

495 2343 790 2418 parentes
824 2322 1005 2388 senio
1041 2321 1405 2403 confectOS,
1434 2321 1725 2385 humeris
1758 2319 2129 2411 impositos,
2159 2323 2479 2412 fugientes
2516 2347 2630 2389 ex·

496 2432 805 2494 tulerunt.
837 2427 1117 2490 Caeteros
1134 2422 1395 2486 interim
1425 2421 1681 2486 flamma
1713 2443 1991 2488 exurens
2025 2423 2364 2507 exstinxit,
2395 2447 2538 2512 quae
2557 2425 2628 2490 in

493 2532 733 2595 horum
780 2525 1057 2590 circuitu
1099 2525 1186 2587 ita
1227 2521 1484 2588 diffindi
1522 2523 1655 2588 visa
1701 2540 1830 2606 est,
1881 2539 1958 2587 ut
1992 2524 2218 2588 insulae
2250 2525 2318 2588 in
2354 2525 2628 2591 modum

491 2631 739 2694 circum
782 2627 947 2691 circa
988 2625 1171 2689 locus
1212 2625 1362 2714 igne
1406 2625 1575 2688 liber
1615 2622 1818 2689 fieret.
1869 2625 2092 2707 Quare
2133 2625 2329 2690 Siculi
2367 2627 2628 2692 Piorum

490 2733 823 2821 regionem
848 2731 1067 2794 locum
1093 2750 1243 2792 eum
1268 2727 1704 2816 appellarunt,
1731 2743 1795 2791 et
1813 2726 2092 2815 lapideas
2117 2728 2184 2791 in
2205 2729 2444 2793 horum
2465 2730 2632 2794 viro·

491 2854 639 2897 rum
689 2844 1121 2895 monumento
1166 2845 1436 2910 statuaS,
1466 2827 1845 2892 divinorum
1889 2829 2084 2894 simul
2125 2831 2387 2894 illorum
2429 2847 2626 2920 atque

489 2935 930 2999 humanorum
965 2932 1288 2996 factorum
1324 2946 1555 3012 testes,
1585 2929 1990 2993 collocarunt
2011 2961 2056 2994 n.

575 3036 675 3100 De
720 3033 1097 3099 nominibus
1134 3048 1201 3096 ct
1234 3032 1433 3120 patria
1463 3053 1692 3094 eorum
1722 3029 2042 3110 juvenum
2081 3030 2268 3097 valde
2309 3031 2627 3098 differunt

488 3138 831 3224 scriptores
853 3183 870 3218 ,
917 3151 983 3198 et
1030 3150 1309 3223 quatuor
1353 3131 1603 3197 diversa
1643 3132 1818 3221 paria
1864 3132 2210 3197 nominum
2259 3135 2338 3197 iis
2381 3133 2622 3198 tributa

486 3237 919 3325 reperiuntur.
939 3235 1273 3326 Vulgatior
1295 3234 1612 3299 sententia
1645 3248 1776 3316 est,
1807 3233 2006 3299 fuisse
2026 3235 2522 3323 Amphinomum
2559 3253 2625 3301 et

484 3338 846 3426 Anapiam,
885 3357 1050 3423 quos
1092 3338 1323 3400 Conon
1367 3359 1518 3400 cum
1554 3334 1872 3400 Strabone
1897 3335 2208 3424 appellat,
2236 3351 2300 3400 et
2330 3359 2619 3425 quocum

484 3439 693 3504 facere
731 3437 1051 3518 Lucilius,
1086 3445 1161 3501 ut
1202 3438 1269 3499 in
1310 3437 1583 3518 coeteris,
1612 3435 1892 3518 videtur,
1924 3435 2077 3500 licet
2103 3436 2621 3524 Amphinomum

483 3555 737 3605 tantum
772 3538 1087 3603 nominet.
1130 3537 1259 3602 Sed
1290 3537 1355 3600 in
1396 3537 1597 3600 altero
1639 3537 1896 3625 Anapiae
1929 3559 2154 3602 rursus
2186 3539 2469 3602 multum
2505 3561 2617 3603 va-

482 3639 930 3730 riantVulgati
943 3639 1255 3704 Val.Max.
1276 3635 1466 3702 codd.
1486 3641 1785 3725 Anapum
1801 3638 2162 3722 nominant3
2181 3638 2440 3702 Solinus
2455 3639 2624 3702 Ana-

483 3745 629 3833 pin,
664 3741 1057 3807 Claudianus
1108 3739 1482 3827 Anaphium
1523 3761 1783 3804 vocasse
1819 3739 2099 3822 videtur,
2136 3739 2316 3828 quod
2345 3741 2622 3830 vulgatoe

484 3847 799 3912 editiones
830 3845 921 3909 sic
952 3845 1219 3933 legunt:
1251 3841 1379 3906 Cur
1408 3863 1540 3904 non
1563 3840 1988 3929 Amphinomo
2004 3889 2024 3920 ,
2053 3863 2171 3904 cur
2192 3863 2320 3903 non
2342 3840 2624 3927 tibiforb

484 3953 563 4014 tis
594 3947 871 4037 Anaplzi.
906 3945 1248 4011 Salmasius
1283 3941 1366 4008 ad
1396 3941 1599 4007 Solin.
1633 3967 1695 4032 p.
1733 3943 1816 4030 78
1849 3942 2063 4006 solum
2095 3939 2334 4029 Anapis
2368 3955 2619 4003 rectum

486 4073 625 4114 esse
665 4047 1000 4112 contendit
1022 4095 1040 4128 ,
1072 4045 1271 4134 idque
1317 4041 1493 4132 apud
1536 4043 1922 4108 Strabonem
1959 4065 2092 4106 non
2133 4041 2383 4122 minus,
2420 4063 2618 4128 quam

484 4150 809 4216 Valerium
827 4197 846 4229 ,
880 4149 1207 4229 Solinum,
1239 4145 1671 4211 Claudianum
1693 4193 1712 4228 ,
1743 4143 2194 4234 reponendum
2217 4165 2354 4210 esse
2371 4159 2612 4210 censet.
