2975 4684
728 402 1186 471 EPITOME
1248 402 1673 471 ILIADOS
1738 399 2164 469 HOMERI.

2394 393 2533 492 569

487 523 1051 618 Stringebantque
1083 524 1324 593 iterum
1367 520 1661 618 gladios,
1704 547 1911 615 quum
1952 520 2159 589 fessus
2190 520 2257 587 in
2296 520 2511 589 undas

488 638 803 729 Coeperat
841 634 1159 728 igniferos
1191 634 1388 704 Titan
1429 635 1827 727 immergere
1854 656 2091 701 currus
2119 684 2139 715 ‚

487 747 774 837 Noxque
809 744 1032 812 subire
1071 741 1300 837 polum
1333 770 1350 811 ε
1373 743 1565 837 juxta
1608 743 2003 826 mittuntur,
2041 754 2361 835 utrosque
2453 766 2532 805 ε...

488 855 626 946 Qui
666 854 984 923 dirimant
1015 880 1052 923 a
1094 854 1271 923 caede
1299 854 1509 941 virm,
1547 878 1669 923 nec
1704 854 1972 947 segnius
2011 847 2101 919 illi

489 965 856 1057 Deponunt
883 965 1142 1035 animos
1169 990 1188 1033 t
1219 979 1360 1037 tum
1399 961 1577 1033 bello
1606 964 1935 1031 maximus
1966 966 2217 1031 Hector
2243 989 2259 1030 :

405 1066 414 1075 ’
481 1076 700 1165 «Quae
735 1089 801 1143 te
827 1088 1004 1143 terra
1033 1075 1286 1162 virum,
1317 1074 1436 1169 qui
1463 1089 1531 1143 te
1563 1098 1857 1169 genuere
1884 1070 2235 1168 parentes?

489 1184 764 1253 Viribus
798 1208 868 1253 es
905 1180 1124 1279 proles
1160 1208 1482 1279 generosa
1517 1198 1719 1277 atque
1749 1170 2077 1277 inclytam>
2109 1181 2298 1251 dixit.

586 1296 840 1363 Contra
867 1294 1010 1363 haec
1047 1294 1226 1365 dicta
1270 1294 1513 1363 referre
1552 1308 1743 1389 parat
1755 1290 2184 1362 Telamonius
2202 1292 2408 1387 Ajax:
2450 1316 2528 1353 ⁶2⁵

486 1404 828 1473 «Hesiona
863 1405 946 1473 de
975 1398 1188 1478 m‘atre
1221 1406 1406 1475 vides
1431 1403 1792 1475 Telamone
1825 1418 2153 1490 creatum,

495 1512 760 1585 Nobilis
799 1513 910 1584 illa
955 1516 1194 1585 domus
1223 1514 1428 1601 fama,
1463 1530 1534 1585 et
1569 1539 1887 1611 generosa
1920 1540 2293 1610 propago».
2394 1540 2403 1559 ·

485 1628 745 1694 Hector
773 1640 848 1694 ut
875 1627 1182 1729 Hesjpnae
1209 1650 1456 1696 nomen
1495 1650 1817 1720 casusque
1852 1626 2188 1711 recordat,

485 1764 520 1799 (t
548 1736 1000 1823 AbsistamuS,
1039 1738 1163 1821 ait,
1204 1736 1477 1832 sanguis
1511 1735 1886 1825 communis
1915 1737 2259 1830 utrique»;

484 1845 892 1939 Ajacemque
920 1846 1106 1940 prior
1131 1862 1368 1916 aurato
1395 1860 1705 1915 munerat
1732 1870 1923 1931 ense,
2448 1870 2528 1909 ⁶³0

481 1959 694 2049 Inque
735 1958 940 2025 vicem
961 2011 980 2042 ‚
1018 1982 1153 2052 quo
1191 1982 1261 2027 se
1293 1957 1577 2027 bellator
1608 1958 1909 2025 cinxerat
1938 1956 2141 2050 Ajax,

483 2066 746 2160 Accipit
783 2066 1114 2163 insignem
1145 2069 1329 2137 vario
1361 2065 1705 2139 caelamine
1734 2066 2053 2136 balteum.

386 2250 666 2314 Integrare,
699 2259 949 2300 monente
983 2246 1194 2300 Barthio
1209 2285 1226 2307 ,
1265 2246 1398 2301 Λᾶν.

381 2342 438 2394 p.
463 2324 618 2395 3807,
655 2324 884 2396 pulchre
923 2337 998 2378 eet
1036 2326 1310 2379 restituere
1347 2326 1406 2377 in

384 2402 670 2475 integrum,
691 2404 938 2469 reficere;
953 2404 1406 2476 quemadmodum

384 2500 540 2555 supra
559 2524 576 2549 ,
604 2504 654 2536 v.
697 2502 788 2537 101
811 2524 826 2549 ,
863 2482 995 2537 dixit
1021 2502 1032 2535 :
1070 2510 1095 2530 α
1121 2484 1186 2535 Et
1205 2485 1408 2537 Troum

384 2562 640 2615 renovare
655 2562 784 2615 velis
799 2562 854 2613 in
874 2564 1055 2632 praelia
1078 2562 1215 2615 vires
1238 2589 1281 2617 ι.
1301 2562 1410 2616 Sta-

383 2640 486 2693 tius
505 2678 522 2706 ,
557 2641 734 2693 Theb.
758 2641 924 2709 v111,
981 2643 1116 2713 657:
1159 2668 1184 2688 «-
1204 2643 1408 2696 bellum

385 2719 674 2790 integrabat
691 2720 847 2793 Enyo
871 2746 914 2772 ι.
937 2722 1166 2787 Seneca,
1189 2720 1407 2787 Medea,

385 2816 437 2849 ν.
459 2800 586 2867 672:
604 2811 802 2852 «semet
821 2798 972 2852 dolor
993 2799 1252 2855 Accendit
1269 2800 1406 2872 ipse,

383 2877 600 2949 vimque
621 2878 940 2949 preteritum
957 2879 1186 2952 integrat
1207 2906 1248 2933 ι.

456 2957 582 3009 618.
605 2962 666 3008 In
687 2960 833 3009 undis
857 2958 926 3013 G.
952 2977 1000 3010 3.

455 3038 574 3088 633.
591 3041 708 3087 Tum
727 3039 853 3089 bello
879 3036 949 3089 G.
969 3056 1016 3091 3.
1036 3042 1172 3089 Tunc
1191 3039 1254 3091 A.
1277 3049 1329 3090 et
1342 3038 1408 3093 Τ.

455 3114 575 3167 633.
615 3121 738 3183 Qua
767 3130 812 3167 te
847 3130 980 3167 term
1003 3118 1127 3167 viris
1163 3117 1228 3169 A.
1268 3136 1412 3170 men·

383 3192 532 3247 done.
552 3192 700 3265 Vis-g.
723 3197 841 3246 AEn.
860 3195 915 3259 Ι,
956 3198 1090 3247 606:
1125 3219 1147 3241 ι
1166 3194 1260 3268 qui
1278 3196 1410 3249 tanti

383 3272 540 3327 talem
561 3291 789 3344 genuere
805 3284 1048 3345 parentes
1063 3299 1110 3327 ι.

454 3354 579 3405 635.
631 3356 810 3405 Cenem
852 3356 960 3405 hoec
1004 3356 1136 3404 dicta
1160 3374 1180 3403 :
1227 3353 1300 3407 sic
1341 3353 1407 3406 Η.

382 3436 510 3483 Mox
535 3434 608 3483 sic
635 3446 806 3483 contra
829 3433 1013 3500 nferre
1030 3431 1100 3484 G.
1126 3452 1173 3485 3.
1193 3438 1268 3483 Ae
1283 3452 1404 3485 oon-

381 3525 460 3561 ινα
479 3510 661 3580 referre
673 3525 827 3579 parat
851 3516 912 3561 A.
933 3522 986 3563 et
1011 3508 1134 3563 edd.

451 3592 576 3658 637.
605 3590 792 3641 Nobilis
835 3592 940 3641 ltaec
980 3592 1152 3641 domus
1188 3604 1240 3641 et
1258 3592 1411 3655 sama

381 3667 447 3722 G.
471 3688 522 3721 3.

453 3748 576 3800 638.
597 3746 788 3801 Torini
815 3760 866 3801 et
893 3746 1094 3819 Spond.
1125 3746 1247 3801 edd.
1272 3744 1406 3817 lege-

383 3825 514 3879 bant
531 3831 712 3879 Hector
737 3841 786 3878 ee
799 3830 1030 3880 Hesiona
1041 3866 1054 3879 .
1067 3868 1080 3881 .
1095 3868 1106 3880 .
1119 3830 1406 3879 recordans.

379 3904 696 3971 Duaseniua,
732 3924 853 3979 pag.
875 3906 940 3971 34
963 3944 976 3971 ,
1015 3906 1200 3960 suadet
1236 3906 1406 3976 legere

383 3988 566 4034 Hector
585 3999 641 4034 at
667 3987 912 4039 Hesionoe.
941 3985 1043 4039 Sed
1063 3986 1156 4039 MS
1183 3985 1400 4038 Helmst.

379 4050 560 4113 Hececir
577 4078 630 4113 ut
653 4067 852 4115 Esionoe
871 4085 1047 4117 nomen
1068 4085 1310 4133 casusque
1328 4084 1404 4114 re·

378 4144 569 4193 cordae.
601 4140 687 4221 Sic
709 4154 759 4195 et
783 4143 964 4197 Guelf.
994 4162 1014 4197 1
1037 4182 1056 4211 ,
1088 4145 1180 4218 qui
1213 4145 1270 4198 in
1299 4141 1404 4197 hoc

1493 2245 1741 2317 v-pergit,
1758 2264 1883 2299 cum
1900 2244 1961 2299 A.
1980 2255 2031 2297 et
2054 2244 2201 2316 Lips.
2224 2256 2331 2297 ant.
2352 2250 2529 2297 Hector

1492 2339 1548 2376 uc
1569 2327 1751 2377 Esione
1773 2364 1786 2377 .
1803 2365 1816 2378 .
1830 2362 1844 2375 .
1867 2327 2153 2376 recordans.
2192 2322 2403 2392 Horum
2436 2343 2526 2377 au-

1494 2404 1736 2457 ctoritate
1756 2404 1896 2457 malo
1923 2417 1982 2453 ut
2005 2416 2057 2456 et
2077 2407 2305 2455 recordat
2326 2402 2522 2473 ample-

1498 2481 1581 2534 cti.
1630 2478 1775 2534 Illud
1823 2482 1965 2534 enim
2020 2481 2277 2535 orationis
2335 2483 2525 2535 seriem

1497 2561 1631 2615 bene
1666 2560 1841 2625 fulcit,
1870 2572 1921 2613 et
1950 2564 2180 2613 recordat
2200 2559 2418 2633 dignum
2447 2573 2527 2616 est

1496 2640 1599 2692 hoc
1620 2650 1903 2711 poetastm,
1921 2659 2079 2712 quem
2100 2641 2399 2711 antiquatas
2419 2660 2529 2694 ver·

1496 2718 1687 2773 borum
1728 2720 1923 2773 formas
1962 2719 2189 2773 subinde
2233 2739 2491 2793 usurpare
2510 2762 2527 2788 ,
2586 2779 2595 2785 ,

1496 2818 1561 2852 ex
1598 2800 1841 2869 pluribus
1882 2799 2133 2870 exemplis
2170 2800 2523 2853 novimus.—

1498 2876 1795 2931 Videantur
1812 2896 1929 2951 quae
1950 2898 2107 2950 supra
2128 2877 2383 2932 adnotata
2401 2891 2527 2933 aunt

1498 2954 1567 3009 ad
1608 2976 1817 3010 versum
1852 2958 1991 3021 456,
2025 2969 2075 3010 et
2114 2956 2181 3009 ad
2228 2959 2527 3012 Nemea-iani

1498 3034 1774 3107 fragment.
1794 3034 1863 3087 de
1885 3037 2139 3107 AucupiO.
2163 3038 2267 3089 En.
2304 3069 2371 3079 —
2413 3040 2526 3092 Cae·

1500 3125 1669 3167 terum
1698 3115 1930 3168 Hesione
1949 3154 1963 3178 ,
1988 3117 2140 3188 cujus
2174 3116 2262 3169 hic
2300 3118 2495 3170 mentio
2512 3160 2527 3185 ,

1498 3192 1874 3247 Laomedontis
1892 3195 2065 3269 Trojae
2088 3196 2227 3267 regis
2256 3196 2367 3249 fllia
2396 3198 2524 3260 fuit,

1498 3290 1658 3343 quam
1684 3272 1935 3327 Hercules
1955 3287 2072 3328 ceto
2094 3277 2377 3347 expositam
2398 3278 2527 3330 libe-

1500 3350 1666 3413 ravin
1704 3366 1887 3423 postea
1913 3354 2073 3426 Troja
2122 3367 2267 3427 capta
2286 3356 2523 3409 Telamo-

1497 3430 1693 3503 ni,qui
1725 3432 1929 3503 primus
1960 3453 2172 3487 murum
2205 3434 2525 3489 conscende-

1496 3522 1609 3573 rat,
1650 3530 1865 3565 uxorem
1906 3512 2071 3567 dedit.
2108 3513 2267 3567 Ovid.
2306 3516 2528 3569 Metam·

1500 3589 1575 3641 XI
1592 3627 1609 3651 ‚
1653 3594 1753 3643 216
1794 3611 1907 3665 sqq.

1573 3670 1693 3739 639.
1722 3674 1937 3741 Sanguis
1958 3675 2223 3723 communis
2243 3676 2434 3741 utrique
2458 3674 2525 3728 G.

1506 3766 1527 3801 ι
1554 3760 1603 3800 et
1631 3767 1679 3799 3.
1700 3748 1942 3823 Vulgatae
1968 3750 2170 3803 addunt
2196 3767 2289 3805 est.

1568 3827 1687 3880 630.
1708 3832 1919 3896 Eeprior
1934 3832 2143 3898 Ajacem
2157 3829 2221 3882 Η.
2240 3830 2309 3883 G.
2338 3850 2360 3884 1
2388 3843 2435 3883 et
2459 3831 2519 3884 L.

1568 3906 1688 3959 633.
1717 3911 1907 3977 Accipit
1930 3912 2193 3977 insignem.
2218 3908 2342 3962 Haec
2366 3911 2519 3964 lectio

1495 3998 1573 4037 est
1613 3985 1768 4039 codd.
1805 3987 1871 4039 H.
1892 4001 1942 4041 et
1961 3989 2025 4041 G.
2052 4008 2112 4053 3,
2152 3988 2339 4040 melior
2368 4008 2525 4055 eane,
2590 4046 2595 4051 ,

1494 4084 1651 4137 quam
1694 4066 2055 4139 reliquorum:
2109 4092 2129 4112 ι
2155 4068 2373 4138 Accepit
2410 4070 2525 4121 bal·

1493 4158 1635 4197 tcum
1678 4149 1824 4197 vario
1879 4146 2151 4199 caelamine
2197 4146 2463 4219 sculptum
2500 4175 2520 4195 ι
