2975 4684
804 342 941 409 AD
1002 338 1401 409 LUCILII
1459 338 1672 411 IUN.
1731 340 2122 418 AETNAM.
2359 344 2366 355 '
2397 340 2526 437 187

418 460 1047 552 pentecontateribus
1062 508 1083 544 ,
1108 460 1183 525 bi
1200 460 1684 527 enomotarchis
1705 508 1724 543 ,
1748 478 1814 525 et
1837 461 1908 525 hi
1933 463 2176 529 ceteris
2205 462 2530 544 subjectis.

414 568 509 631 lta
530 562 727 628 fiebat
742 610 763 644 ‚
792 562 977 651 quod
996 563 1281 628 Lucilius
1304 562 1429 645 ait,
1466 584 1644 627 sacer
1673 561 1770 626 ad
1795 562 2030 627 bellum
2061 585 2382 645 numer-m,
2415 588 2531 629 sua

410 670 597 735 turba
642 669 902 755 regenti.
938 668 1403 757 Unusquisque
1446 667 1624 733 enim
1655 682 1868 733 rector
1911 690 2096 731 suam
2144 670 2480 734 cohortem
2511 716 2531 751 ,

412 786 479 835 et
492 790 773 857 quaeque
793 768 1029 833 cohors
1050 784 1383 859 regentem
1396 792 1592 833 suum
1616 768 1970 858 accipiebat
1987 769 2054 833 in
2067 770 2260 853 bello,
2275 772 2532 859 qualem

409 892 449 935 a
472 868 691 958 pueris
728 867 969 933 habere
1001 870 1071 932 in
1104 869 1355 934 civitate
1381 886 1827 935 consueverat.
1867 872 2130 935 Coenam
2163 871 2326 937 adeo
2358 894 2538 938 com-

412 972 699 1036 muniter
719 969 1059 1059 capiebant
1076 971 1147 1035 in
1166 971 1397 1037 classes
1420 994 1542 1036 seu
1567 971 1858 1037 decurias
1879 972 2205 1061 descripti.
2221 972 2536 1063 (Cragius,

410 1075 521 1139 lib.
556 1074 588 1139 1
606 1122 627 1155 ,
650 1095 790 1161 cap.
809 1095 873 1161 9.
903 1072 927 1162 )
966 1073 1051 1137 Et
1072 1074 1144 1137 in
1164 1094 1421 1139 summa
1444 1074 1538 1138 ita
1567 1074 1906 1139 assuefacti
1925 1089 2109 1137 erant
2127 1122 2148 1155 ,
2172 1090 2248 1138 ut
2266 1074 2536 1155 nollent,

412 1198 539 1241 nec
572 1176 817 1241 scirent
847 1174 1145 1263 privatim
1177 1176 1391 1239 vivere
1412 1222 1431 1259 ,
1463 1196 1692 1239 verum
1725 1191 1804 1239 ut
1827 1196 2025 1265 apum
2055 1196 2238 1241 more
2271 1174 2356 1239 ad
2396 1196 2536 1240 rem
2607 1200 2614 1211 ⁴

409 1278 741 1367 publicam
770 1276 1140 1367 conglobati
1180 1298 1437 1366 semper
1460 1323 1479 1360 ,
1517 1294 1586 1342 et
1637 1278 1809 1343 inte'r
1843 1300 1912 1343 se
1959 1279 2130 1343 circa
2176 1277 2536 1366 principem

408 1378 683 1445 volutati
698 1428 715 1457 ‚
742 1377 1094 1466 afflatuque
1112 1378 1394 1468 quodam
1414 1377 1636 1445 divino
1659 1394 1854 1468 atque
1876 1379 2094 1469 gloriae
2115 1379 2219 1443 siti
2234 1426 2253 1461 ‚
2281 1394 2538 1444 tantum

391 1504 549 1547 ‚non
580 1496 803 1546 mente
851 1482 1107 1545 alienati
1125 1530 1143 1559 ,
1180 1480 1398 1570 patriae
1434 1496 1652 1545 essent
1687 1481 1830 1545 toti.
1859 1480 2286 1569 (Plutarchus
2315 1482 2384 1545 in
2413 1482 2539 1568 Ly-

410 1604 616 1673 curgo
630 1630 653 1665 ,
689 1604 833 1671 cap.
878 1582 1129 1671 XXV.)
1163 1585 1327 1647 Tota
1362 1585 1694 1647 Laconum
1745 1584 1874 1647 vita
1887 1632 1906 1667 ,
1939 1606 2018 1647 ex
2055 1580 2304 1674 legibus
2343 1598 2410 1647 et
2439 1583 2541 1647 di-

410 1684 685 1771 sciplina
713 1698 961 1765 vetere,
984 1682 1281 1748 laborum
1306 1683 1726 1749 assuetudine
1741 1732 1760 1767 ‚
1793 1684 1962 1750 duro
1987 1686 2165 1749 victu
2184 1733 2203 1766 ‚
2240 1685 2539 1749 certami-

412 1785 610 1849 nibus
648 1802 717 1849 et
752 1784 1273 1849 dimicationibus
1308 1784 1580 1850 assiduis
1601 1828 1622 1866 ‚
1663 1784 2002 1873 asperitate
2049 1785 2538 1873 castigationum

412 1885 506 1951 sic
544 1886 797 1951 imbuta
830 1886 1113 1952 ferendis
1152 1887 1395 1951 militiae
1442 1886 1752 1951 molestiis
1799 1902 1865 1949 et
1907 1886 2209 1974 periculis
2247 1900 2415 1967 erat,
2464 1900 2542 1948 ut

414 2002 585 2051 esset
616 1990 801 2075 quasi
838 1989 1151 2052 continua
1184 1987 1515 2053 meditatio
1541 1986 1712 2051 belli.
1759 1988 1982 2076 Ipsum
2012 1987 2257 2051 bellum
2299 2009 2432 2074 quo
2461 1986 2541 2049 li-

412 2088 677 2152 bentius
714 2090 1144 2178 susciperent,
1200 2105 1266 2153 et
1296 2103 1597 2179 optarent
1637 2087 1798 2152 adeo
1822 2135 1843 2170 ‚
1895 2090 1964 2151 in
2021 2089 2244 2153 castris
2296 2088 2543 2152 solebat

414 2189 727 2278 pristinus
770 2188 1121 2279 disciplinae
1158 2190 1335 2278 rigor
1380 2188 1868 2277 quodammodo
1920 2190 2191 2270 remitti,
2235 2188 2546 2253 exercita-

414 2292 627 2357 tiones
656 2312 775 2381 per
823 2290 1069 2355 bellum
1114 2289 1441 2355 molliores
1481 2306 1667 2355 erant
1688 2338 1707 2372 ,
1754 2289 2092 2356 excolendi
2137 2313 2388 2356 comam
2426 2314 2538 2355 or-

414 2392 780 2480 nandaeque
829 2392 1025 2457 vestis
1070 2392 1331 2457 libertas
1380 2393 1692 2481 permissa
1710 2440 1728 2473 ,
1766 2393 2053 2481 reliquus
2100 2392 2293 2457 etiam
2333 2393 2538 2457 victus

416 2496 635 2559 minus
666 2492 1007 2559 adstrictus
1050 2509 1114 2559 et
1158 2493 1523 2583 castigatus.
1561 2496 1691 2577 Ita,
1728 2494 1910 2582 quod
1939 2494 2325 2559 Plutarchus
2364 2494 2539 2559 affir-

416 2612 553 2662 mat
606 2596 677 2660 in
731 2596 883 2685 Lyc.
936 2616 1074 2684 cap.
1128 2596 1360 2677 XXII,
1396 2591 1550 2659 solis
1603 2596 1968 2661 Laconibus
2022 2596 2192 2660 inter
2242 2595 2542 2659 mortales

419 2698 669 2763 bellum
702 2698 919 2786 ipsum
957 2713 1094 2761 erat
1122 2694 1556 2761 meditationis
1599 2694 1683 2759 ad
1719 2694 1962 2760 bellum
2000 2696 2373 2783 respiratio:
2407 2704 2536 2757 ὥστε

418 2812 583 2882 μόνοις
624 2808 889 2881 ἀνθρώπων
933 2809 1127 2869 ὲκείνας
1168 2810 1258 2868 τῆς
1300 2808 1366 2868 tic
1408 2809 1487 2861 τὸν
1544 2808 1758 2877 πόλεμον
1802 2805 2054 2867 ἀσκήσεως
2099 2806 2374 2858 ἀνάπαυσιν
2419 2800 2539 2859 εἶναι

419 2904 500 2955 τὸν
524 2902 761 2972 πόλεμον.
793 2890 1074 2955 Proinde
1104 2893 1273 2954 sacri
1296 2906 1478 2953 erant
1505 2892 1837 2953 Laconum
1864 2888 2118 2952 numeri
2161 2888 2228 2951 in
2252 2887 2495 2951 bellum
2517 2936 2536 2970 ,

419 2991 601 3080 quod
616 3014 841 3057 eorum
856 3003 1116 3071 ᾶνωμοτίαι
1130 3008 1532 3057 sacramento
1540 2990 2128 3080 adstringebantur‚
2145 3010 2336 3077 quam
2342 3010 2537 3077 quam

418 3094 589 3158 hanc
628 3094 943 3158 rationem
974 3094 1165 3182 plane
1196 3093 1520 3158 exclusam
1547 3094 1786 3173 nolim3
1829 3090 1945 3156 sed
1991 3090 2171 3179 quod
2213 3114 2330 3180 per
2367 3091 2539 3180 leges

418 3218 566 3259 suas
621 3195 782 3259 sacri
824 3210 891 3258 et
935 3194 1237 3259 destinati
1272 3195 1445 3259 bello
1464 3243 1483 3277 ‚
1523 3210 1590 3259 et
1612 3242 1631 3277 ,
1657 3202 1663 3213 '
1689 3195 1743 3259 si
1774 3195 1863 3257 ita
1898 3216 2062 3283 opus
2096 3210 2294 3277 esset,
2344 3191 2539 3257 morti

418 3316 541 3383 pro
577 3295 783 3383 patria
816 3293 1133 3359 obeundae
1170 3292 1388 3359 devoti
1425 3310 1659 3360 essent.
1701 3294 2010 3359 Primaria
2053 3310 2120 3359 et
2145 3294 2542 3361 sanctissima

422 3416 651 3459 eorum
663 3395 767 3460 lex
790 3410 927 3461 erat
944 3444 961 3477 ,
982 3418 1177 3483 quam
1198 3396 1576 3461 Demaratus
1596 3393 1771 3484 apud
1789 3395 2218 3479 Herodotum,
2242 3394 2538 3477 lib.V111,

423 3520 560 3587 cap.
604 3500 727 3575 104
746 3545 765 3580 ‚
799 3498 999 3562 Xerxi
1032 3498 1169 3588 regi
1202 3498 1467 3587 exponit
1488 3548 1508 3581 ,
1547 3521 1690 3587 quae
1724 3498 2015 3580 vetabat,
2052 3522 2130 3564 ex
2155 3498 2290 3563 acie
2317 3498 2540 3589 fugere

426 3600 837 3688 quantumvis
876 3622 1173 3689 mag-nam
1205 3600 1692 3666 multitudinem
1714 3650 1733 3685 ,
1773 3599 1886 3666 sed
1916 3600 2187 3683 jubebat
2208 3616 2542 3665 manentes

424 3703 490 3765 in
530 3702 763 3767 ordine
807 3719 919 3767 aut
951 3702 1208 3768 vincere
1228 3752 1247 3785 ‚
1280 3720 1393 3768 aut
1429 3704 1837 3768 occumbere.
1881 3701 2051 3791 (Vid.
2079 3702 2223 3767 Nic.
2274 3700 2540 3791 Cragius

424 3802 507 3868 de
532 3806 695 3893 Rep.
739 3802 967 3869 Laced.
1024 3804 1135 3869 lib.
1166 3805 1299 3887 111,
1331 3828 1473 3896 pag.
1505 3804 1624 3871 361
1652 3830 1671 3888 3
1709 3806 1807 3887 Jo.
1852 3802 2174 3869 Meursius
2197 3850 2216 3885 ,
2269 3800 2537 3866 Miscell.

424 3906 659 3972 Lacon.
702 3904 795 3971 lib
824 3906 887 3971 Π
908 3954 927 3988 ,
960 3928 1097 3995 cap.
1144 3904 1243 3994 2.)
1277 3906 1479 3971 Erant
1515 3929 1667 3971 sane
1699 3929 1816 3995 per
1853 3904 2021 3969 hanc
2054 3902 2260 3992 legem
2312 3924 2540 3966 omnes

424 4004 889 4075 Lacedaemonii
899 4008 1123 4072 devota
1143 4012 1333 4073 morti
1348 4022 1609 4097 pectora
1635 4008 1848 4073 Iiberoe
1879 4005 2147 4094 (Horat.
2171 4006 2383 4069 Carm.
2421 4004 2537 4083 IV,

436 4114 535 4192 14,
566 4108 713 4197 18),
747 4124 813 4173 et
845 4108 927 4173 de
960 4132 1035 4173 ea
1058 4108 1401 4174 devotione
1440 4132 1648 4203 quum
1681 4108 1883 4175 multa
1907 4104 2540 4173 Lacedaemoniorum
