2975 4684
451 340 591 433 492
965 339 1601 408 noMERISTAE
1663 341 2068 428 LATINI,
2284 359 2319 378 ι

453 468 750 558 inprimis
796 470 1019 534 locum
1049 436 1434 534 liabuerunt
1455 491 1680 534 versus
1711 469 1794 536 de
1824 472 1981 536 Jove
2008 456 2079 536 in
2106 472 2423 539 adulterio
2446 475 2588 541 Alc·

453 592 660 634 menae
693 586 821 636 tres
856 588 1080 637 noctes
1109 571 1546 660 conjungente
1565 619 1584 655 ,
1616 589 1813 661 atque
1847 573 1975 638 hoc
2006 575 2199 640 etiam
2231 578 2587 666 respexisse

447 675 687 741 Statius
720 677 787 739 in
831 677 1251 741 Genethliaco
1297 678 1581 758 Lucani,
1613 700 1749 765 quo
1790 679 2071 766 plurima
2120 681 2259 763 ejus
2300 684 2583 748 carmina

445 797 729 865 enarrat,
753 783 855 848 his
877 779 1168 848 versibus
1195 782 1470 865 videtur,
1501 783 1649 848 Silv.
1680 785 1784 867 11,
1810 809 1873 872 7,
1902 787 2022 852 62:

875 923 962 976 Tu
987 934 1140 977 casto
1167 922 1378 976 titulum
1403 921 1679 996 decusque
1698 922 1861 978 Polla

873 1009 1120 1066 Jucunda
1148 1009 1296 1065 dabis
1325 1010 1679 1066 adlocutione.

443 1165 695 1255 Nempe
745 1165 994 1232 fabulas
1039 1183 1380 1256 poetarum
1425 1165 1508 1230 de
1556 1165 1934 1230 mulieribus
1978 1163 2348 1230 adulteratis
2390 1187 2583 1230 enar·

442 1293 590 1336 raus
609 1321 628 1354 ,
666 1272 1047 1362 adloquium
1072 1272 1157 1337 ad
1192 1295 1463 1337 uxorem
1500 1295 1682 1336 suam
1706 1273 1951 1336 Pollam
1985 1274 2413 1359 praemiserat,
2445 1295 2581 1360 quo

442 1377 500 1441 ei
531 1379 814 1468 elogium
847 1397 912 1445 et
944 1381 1206 1446 titulum
1237 1379 1605 1444 castissimae
1638 1379 1931 1469 conjugis
1964 1379 2292 1454 tribuebat
2310 1427 2328 1460 ,
2354 1401 2583 1467 quem·

441 1481 798 1550 admodum
833 1487 940 1551 illa
975 1502 1042 1551 et
1074 1509 1111 1551 a
1155 1486 1360 1551 Statio
1399 1486 1466 1550 in
1505 1485 1877 1574 praefatione
1911 1483 2046 1564 ejus
2080 1485 2229 1550 libri
2260 1485 2581 1550 Silvarum

437 1588 789 1656 clarissima
821 1616 1097 1660 uxorum
1129 1593 1507 1682 appellatur.

525 1771 678 1837 Non
723 1775 1165 1840 omittendum
1210 1791 1306 1842 est
1347 1775 1593 1843 Lucani
1627 1796 1857 1865 poema
1890 1775 2057 1838 libro
2102 1773 2341 1838 Iliaco-n
2386 1772 2582 1838 affine

438 1896 849 1967 argumento,
869 1881 996 1946 nisi
1016 1903 1281 1970 prorsus
1305 1881 1502 1964 idem,
1524 1880 1703 1970 quod
1724 1881 2002 1946 Hectoris
2027 1881 2219 1964 Lytra
2239 1879 2583 1944 nominant

437 1984 736 2050 Barthius
781 2001 846 2051 et
871 1987 1176 2067 Vossius,
1210 2002 1276 2051 et
1319 1989 1607 2076 primum
1656 1987 1903 2051 Lucani
1946 1985 2366 2052 adolescentis
2412 2007 2579 2075 opus

437 2091 635 2156 fuisse
672 2107 947 2158 testatur
978 2092 1250 2174 Statius,
1277 2092 1427 2156 silv.
1456 2093 1557 2175 ΙΙ,
1588 2115 1652 2179 7,
1686 2089 1798 2170 54:

855 2240 933 2292 Ac
967 2240 1204 2312 primum
1237 2238 1426 2292 teneris
1456 2235 1632 2296 adhuc
1666 2221 1909 2290 in'annis

857 2325 1034 2380 Ludes
1059 2327 1310 2392 Hectora,
1339 2325 1725 2396 Thessalosque
1750 2342 1941 2378 cui-rus
1955 2364 1972 2391 ,

858 2415 926 2467 Et
953 2416 1174 2487 supplex
1198 2415 1392 2468 Priami
1422 2415 1653 2487 potentis
1680 2432 1897 2468 aurum..

433 2571 490 2632 A
536 2568 854 2635 Suetonio
873 2619 891 2654 ,
923 2573 1026 2637 vel
1079 2573 1204 2636 alio
1258 2575 1531 2662 antiquo
1562 2574 1709 2638 vitae
1761 2571 2010 2637 Lucani
2057 2570 2373 2660 scriptore
2424 2593 2579 2636 eum

434 2673 701 2739 titulum
747 2677 916 2742 inter
961 2679 1198 2767 scripta
1239 2679 1486 2744 Lucani
1532 2702 1667 2744 non
1711 2679 2008 2761 invenio,
2042 2677 2321 2766 petitum
2358 2693 2579 2742 autem

433 2781 729 2847 existimo
757 2806 794 2849 a
822 2783 1029 2848 doctis
1057 2784 1210 2850 viris
1241 2809 1321 2850 ex
1351 2786 1550 2850 Ennii
1586 2783 1906 2874 tragoediae
1936 2783 2361 2872 inscriptione
2382 2831 2401 2864 ‚
2428 2805 2576 2871 quoe

428 2888 509 2952 ab
552 2891 814 2981 Hygino
834 2939 853 2974 ,
885 2891 1080 2956 Festo
1101 2939 1119 2974 ,
1155 2907 1221 2956 et
1258 2892 1476 2957 Nonio
1512 2891 1831 2972 laudatur,
1869 2907 1935 2955 et
1978 2905 2443 2980 argumentum
2494 2911 2575 2952 ex

433 2995 668 3060 ultimo
710 2998 976 3061 Homeri
1014 2996 1230 3062 Iliadis
1267 2998 1436 3062 libro
1475 3012 1810 3086 sumptum
1850 2997 2143 3060 tractavit
2161 3044 2179 3077 ,
2216 3017 2351 3083 quo
2384 3010 2574 3082 pacto

342 3181 349 3186 -
433 3100 728 3167 Priamus
761 3106 1034 3192 supplex
1066 3105 1362 3169 Hectoris
1399 3104 1669 3169 cadaver
1704 3125 1942 3194 magno
1984 3103 2121 3167 auri
2162 3101 2457 3191 pondere
2489 3102 2572 3166 ab

432 3205 679 3271 Achille
705 3207 1102 3274 redemisset.
1133 3210 1358 3293 Quum
1386 3211 1558 3274 inter
1584 3203 1819 3297 scripta
1844 3209 2084 3272 Lucani
2112 3229 2245 3272 non
2276 3207 2575 3272 nomine-

433 3326 543 3374 tur
572 3311 704 3376 h‘oc
737 3335 1003 3400 poema,
1032 3315 1213 3403 quod
1249 3331 1464 3380 tamen
1500 3315 1743 3380 Statius
1776 3315 1843 3378 in
1880 3315 1959 3380 iis
1992 3313 2227 3379 diserte
2260 3329 2327 3378 et
2359 3315 2572 3402 primo

432 3418 578 3481 loco
623 3417 879 3502 laudat,
916 3419 1094 3485 haud
1129 3443 1294 3512 aegre
1331 3421 1490 3485 mihi
1529 3419 1889 3509 persuadeo
1910 3468 1929 3502 ,
1962 3418 2140 3508 quod
2181 3419 2447 3484 Barthio
2488 3417 2572 3484 ad

434 3523 616 3588 Statii
642 3525 686 3589 l.
713 3547 768 3590 c.
799 3541 981 3590 tomo
1008 3529 1040 3591 Ι
1059 3575 1077 3611 ,
1105 3550 1168 3615 p.
1203 3529 1365 3609 254,
1393 3543 1458 3592 et
1487 3528 1556 3591 in
1592 3525 1856 3592 Advers.
1884 3526 1999 3590 lib.
2029 3525 2259 3591 XXIII
2277 3574 2297 3608 ,
2325 3547 2463 3614 cap.
2494 3523 2533 3589 3
2551 3574 2570 3607 ,

430 3631 641 3697 visum
675 3649 803 3714 est,
833 3633 956 3699 sub
989 3634 1224 3705 Iliacfln
1259 3636 1452 3700 titulo
1486 3658 1638 3700 cum
1671 3635 1807 3699 aliis
1838 3634 2172 3715 conjuncti
2203 3633 2571 3722 argumenti

431 3761 466 3801 a
513 3739 778 3805 Luoeno
822 3743 1133 3830 scriptum
1155 3790 1174 3823 ,
1209 3759 1322 3806 aut
1361 3741 1536 3807 idem
1574 3761 1840 3831 prorsus
1878 3763 2137 3805 carmen
2172 3762 2312 3805 esse
2333 3789 2352 3822 ,
2388 3738 2571 3826 quod

432 3845 761 3929 Lutatius,
793 3846 977 3912 Statii
1023 3847 1429 3930 scholiastes,
1461 3848 1702 3911 Iliacon
1750 3846 2049 3912 nominet
2072 3843 2184 3934 (1).
2210 3844 2469 3910 Etenim
2513 3845 2567 3908 si

500 4020 577 4086 (1)
611 4021 792 4086 Quum
813 4042 936 4076 vero
961 4023 1208 4078 Barthius
1231 4023 1286 4076 in
1309 4023 1529 4078 Advers.
1552 4024 1587 4075 l.
1615 4045 1665 4078 c.
1690 4042 1751 4077 ex
1778 4023 1997 4097 Papinio
2018 4033 2327 4095 auguratur,
2364 4025 2565 4076 Iliacum

433 4107 656 4158 librorum
683 4110 870 4164 seriem
895 4112 1056 4166 trium
1086 4113 1244 4168 fuisse
1260 4151 1276 4177 ,
1295 4113 1529 4185 primum
1552 4112 1771 4186 quidem
1796 4113 1864 4168 de
1888 4113 2030 4166 victo
2056 4111 2283 4166 Hectore
2296 4152 2311 4177 ,
2340 4112 2565 4164 alterum
