2975 4684
686 629 1682 757 EXCURSUS
1767 639 2043 757 VII

460 899 599 966 AD
668 899 1069 968 LUCILII
1123 900 1329 970 JUN.
1382 901 1794 989 AETNAM,
1845 925 2062 975 vnnsu
2115 929 2270 977 nur.

592 1297 697 1354 sed
723 1315 849 1354 vere
874 1315 1077 1352 cessere
1103 1295 1294 1350 domus
1320 1307 1375 1350 et
1398 1315 1526 1352 rura
1549 1298 1775 1369 piorum.

394 1445 519 1508 P10
560 1445 782 1508 omine
816 1467 999 1509 suam
1032 1443 1114 1508 de
1148 1445 1269 1534 piis
1300 1445 1679 1511 hominibus
1720 1449 2158 1512 narrationem
2196 1448 2436 1514 claudit

310 1566 521 1635 poeta,
548 1565 613 1614 et
639 1565 893 1614 sanctos
915 1549 1185 1628 juvenes
1210 1547 1299 1611 ait
1322 1569 1501 1613 nunc
1527 1563 1676 1636 post
1699 1549 1821 1612 fata
1847 1549 1912 1612 in
1941 1551 2278 1637 praemium
2304 1551 2440 1639 pie·

310 1649 451 1714 tatis
468 1673 606 1716 suae
624 1673 772 1714 vere
788 1649 1106 1736 accepisse
1128 1651 1449 1738 Campum
1468 1649 1769 1739 Piorum,
1790 1675 1988 1740 quem
2010 1651 2290 1717 dicatum
2316 1654 2438 1717 sibi

308 1767 527 1817 tenere
554 1752 729 1841 apud
755 1751 1045 1816 Catinam
1077 1752 1395 1817 dicantur.
1441 1753 1812 1818 Exclamare
1842 1757 2023 1844 quasi
2053 1780 2202 1821 cum
2221 1757 2437 1848 Virgi-

308 1852 389 1917 lio
412 1853 699 1935 videtur,
727 1853 879 1918 AEn.
905 1853 1035 1937 V1‚
1061 1851 1221 1919 638:

588 2010 863 2062 Devenere
890 2007 1035 2062 locos
1059 2008 1227 2084 letos,
1262 2017 1317 2060 et
1338 2025 1546 2062 amona
1569 2008 1734 2062 vireta

588 2087 996 2144 Fortunatornm
1020 2109 1297 2146 nemorum
1316 2129 1335 2155 ,
1359 2090 1615 2164 sedesque
1639 2092 1837 2146 beatas.

304 2249 557 2337 Nempe
591 2250 659 2312 in
702 2271 931 2314 eorum
970 2249 1272 2314 beatitate
1304 2249 1722 2339 significanda
1756 2249 1982 2315 alludit
2013 2249 2096 2314 ad
2133 2250 2437 2339 Campum

302 2351 600 2431 Piorum,
645 2373 843 2439 quem
876 2353 1260 2414 Catanenses
1292 2352 1358 2414 in
1393 2367 1894 2415 monumentum
1927 2353 2179 2441 pietatis
2208 2375 2436 2418 eorum

303 2475 747 2534 consecrasse,
782 2452 1049 2516 tradunt
1082 2453 1447 2541 scriptoreS.
1466 2455 1563 2518 De
1596 2477 1730 2542 quo
1763 2477 1993 2542 campo
2017 2477 2196 2520 nunc
2218 2455 2435 2543 paullo

302 2555 588 2619 exactius
605 2555 924 2636 dicamus,
946 2554 1125 2642 quod
1145 2576 1245 2618 res
1266 2553 1557 2645 indigere
1579 2554 1972 2620 accuratiore
1992 2555 2438 2644 explanatione

300 2655 581 2737 videtur,
612 2677 829 2744 neque
858 2655 1067 2743 campi
1103 2655 1271 2719 illius
1301 2657 1463 2720 ratio
1501 2656 1581 2720 ab
1614 2656 1913 2739 eruditis,
1943 2657 2057 2745 qui
2090 2659 2218 2722 hoc
2247 2681 2438 2748 argu-

300 2775 599 2822 mentum
621 2759 974 2848 attigerunt
991 2806 1009 2838 ,
1031 2773 1203 2823 recte
1229 2759 1549 2822 intellecta
1574 2773 1686 2823 est.
1715 2757 2061 2823 Dor-villius
2087 2757 2156 2822 in
2187 2759 2437 2842 Siculis,

302 2883 438 2948 oep.
468 2859 669 2942 XIII,
691 2881 834 2948 pag.
873 2859 1033 2942 218,
1057 2882 1273 2948 neque
1298 2861 1513 2924 minus
1544 2861 1646 2923 alii
1681 2861 2079 2941 existimant,
2116 2861 2436 2950 Campum

302 2963 571 3026 Piorum
604 2959 780 3052 apud
808 2963 1192 3027 Catanenses
1217 2962 1496 3045 dictum,
1537 2963 1716 3051 quod
1748 2963 1838 3050 pii
1870 2961 2095 3027 fratres
2126 2963 2191 3025 in
2232 2985 2311 3026 eo
2344 2984 2441 3024 se-

300 3065 467 3152 pulti
488 3079 707 3128 essent
722 3112 740 3145 ,
762 3079 825 3128 et
848 3079 1103 3147 statum,
1126 3087 1285 3153 quas
1310 3065 1700 3129 Claudianus
1721 3063 2056 3152 descripsit
2071 3112 2089 3145 ‚
2111 3064 2177 3125 in
2210 3085 2436 3128 eorum

304 3181 738 3230 monumento
763 3167 1009 3256 positae.
1038 3167 1123 3230 Et
1154 3189 1307 3230 sane
1336 3189 1438 3232 res
1469 3190 1544 3231 ea
1578 3190 1710 3230 non
1741 3182 1915 3230 caret
1940 3165 2346 3247 auctoritate,
2375 3180 2441 3229 et

302 3265 541 3332 diserte
567 3267 862 3332 Solinus:
888 3299 912 3322 σι
938 3267 1191 3331 Horum
1220 3269 1595 3332 memoriam
1624 3269 1712 3332 ita
1739 3269 2077 3357 posteritas
2105 3283 2440 3334 munerata

307 3384 401 3432 est
417 3417 437 3448 ,
461 3385 539 3433 ut
564 3369 841 3457 sepulcri
862 3369 1043 3433 locus
1070 3370 1521 3435 nominaretur
1542 3371 1821 3457 Campus
1846 3369 2112 3433 Piorum
2139 3403 2182 3433 υ.
2209 3369 2439 3456 Neque

308 3485 520 3534 tamen
556 3471 659 3534 vel
692 3471 951 3535 Solinus
984 3486 1189 3535 totam
1223 3473 1668 3562 appellationis
1706 3473 1842 3552 ejus
1879 3473 2194 3536 rationem
2227 3470 2438 3535 verbis

308 3573 683 3662 complexus
736 3589 867 3655 est,
896 3575 997 3638 vel
1032 3573 1135 3638 alii
1186 3591 1566 3640 caeterorum
1619 3575 2008 3663 scriptorum
2057 3574 2440 3638 testimoniis

310 3673 691 3761 comparatis
725 3691 897 3738 recte
917 3672 1325 3764 indagarunt.
1357 3679 1453 3741 Ac
1480 3677 1695 3765 primo
1728 3675 1991 3766 quidem
2023 3675 2289 3740 Piorum
2322 3697 2440 3738 no-

310 3773 481 3838 mine
508 3791 575 3838 et
602 3773 855 3838 honore
884 3797 1017 3838 non
1046 3777 1257 3840 solum
1287 3777 1516 3842 fratres
1537 3779 1659 3859 illi,
1683 3795 1980 3866 parentes
2005 3801 2156 3842 suos
2185 3801 2262 3840 ex
2292 3775 2441 3865 igne

311 3893 631 3942 servantes
650 3926 668 3959 ,
698 3875 811 3941 sed
844 3895 908 3940 et
937 3877 1207 3960 familia,
1238 3879 1421 3959 cujus
1450 3879 1560 3944 filii
1595 3897 1812 3958 erant,
1847 3879 2020 3969 apud
2055 3881 2440 3943 Catanenses

311 3979 607 4044 claruisse
636 3979 958 4063 videntur,
985 3978 1372 4070 et'parentes
1404 4006 1586 4072 aeque
1620 3999 1774 4047 nota
1796 3983 2033 4071 pietate
2059 4003 2205 4071 erga
2235 3982 2440 4062 DeOS‚

312 4103 381 4141 ac
414 4079 524 4144 filii
558 4082 795 4168 pietate
833 4105 979 4170 erga
1012 4101 1344 4170 parente5‚
1378 4085 1687 4172 opinione
1723 4083 1958 4149 civium
1999 4105 2269 4148 suorum
2303 4105 2440 4145 me-
