2975 4684
636 352 771 422 DE
820 351 1114 422 AETNA
1159 349 1615 438 EJUSQUE
1664 349 2167 421 AUCTORE.
2374 351 2471 424 65

335 482 616 572 scriptor
643 479 1087 572 perhibendus
1115 480 1430 558 videatur,
1456 495 1535 544 ut
1564 479 1717 544 alibi
1748 478 2092 546 docebitur
2093 528 2337 549 ......
2369 485 2473 550 Ex

333 587 663 652 veteribus
693 587 902 676 poetis
934 607 1131 651 nemo
1158 586 1430 650 similior
1453 585 1549 650 illi
1574 585 1875 674 scriptori
1902 601 2000 650 est
2021 585 2311 656 Manilia
2339 591 2471 658 Sed

334 689 588 782 singula
615 690 1004 782 expendenti
1035 693 1308 756 omnino
1339 707 1605 783 apparet
1630 707 1999 780 temporum
2030 693 2223 784 longe
2253 717 2471 762 recen·

335 799 614 882 tiorum,
642 817 710 864 et
739 799 895 880 fere,
914 814 993 863 ut
1023 797 1222 863 modo
1256 797 1390 864 dixi
1405 847 1424 880 ,
1456 797 1862 863 Christianus
1887 813 2135 884 auctor,
2162 819 2335 868 certe
2364 805 2467 869 lo-

335 906 635 972 cutiones
668 906 904 972 multas
936 903 1200 972 trahens
1220 952 1240 991 ‚
1281 925 1609 972 sacrarum
1645 903 1979 979 literarum
2014 907 2463 977 tractationem

335 1013 628 1078 fatentes.

495 1210 671 1273 XVI.
703 1208 924 1272 Onus
957 1210 1354 1273 Bomucmus
1385 1225 1472 1272 nn
1504 1229 1699 1274 nri-r.
1731 1208 1888 1273 Lu.
1922 1229 2098 1276 une.
2129 1232 2185 1275 r.
2222 1233 2250 1274 1
2267 1232 2321 1275 1.

424 1399 564 1464 Nec
595 1397 678 1462 ab
714 1397 836 1460 hac
867 1396 1064 1460 classe
1095 1392 1532 1460 removendus
1570 1394 1913 1459 Cornelius
1946 1395 2255 1478 severus,
2286 1396 2473 1478 cujus

332 1505 603 1570 AEtnam
634 1503 852 1568 adhuc
879 1503 1154 1592 legimus
1171 1549 1190 1584 ,
1206 1501 1475 1591 Virgilio
1496 1523 1615 1590 per
1643 1521 1931 1566 errorem
1962 1501 2371 1586 attributam,
2404 1520 2473 1570 et

333 1612 504 1674 circa
533 1624 896 1699 postremos
927 1609 1203 1698 Aug-usti
1231 1629 1438 1672 annos
1470 1608 1842 1696 perfectam.
1879 1607 2089 1690 Hujus
2133 1609 2309 1674 enim
2336 1607 2469 1676 'Se-

331 1715 470 1784 veri
500 1737 638 1782 esse
651 1715 916 1780 AEtnam
945 1713 1142 1795 hanc,
1165 1735 1245 1776 ex
1271 1712 1456 1800 epist.
1483 1711 1763 1778 LXXIX
1790 1713 2049 1778 Senecae
2074 1713 2485 1805 colligimus?

333 1822 549 1886 morbo
581 1823 746 1885 enim
781 1834 891 1884 tuo
903 1867 926 1901 ‚
965 1819 1210 1907 inquit,
1245 1819 1515 1884 daturus
1547 1841 1688 1882 eras
1700 1863 1725 1898 ,
1768 1820 1965 1883 etiam
1993 1822 2052 1882 si
2072 1843 2251 1883 nemo
2279 1843 2468 1885 man·

331 1927 522 1992 dant
541 1927 692 2008 tibi,
723 1925 920 1990 donec
938 1927 1208 1988 AEtnam
1233 1923 1544 1988 describas
1568 1925 1637 1987 in
1666 1938 1777 1989 tuo
1807 1926 2113 2003 carmine,
2152 1940 2277 1989 etc.

655 2144 866 2210 XVII.
893 2145 1356 2213 Bnounmsms
1385 2165 1472 2208 An
1500 2145 1773 2208 Tmou„
1802 2145 1861 2208 11
1882 2193 1901 2226 ‚
1938 2167 1965 2208 1
1984 2189 2003 2227 ,
2027 2143 2135 2222 45.

423 2341 571 2404 Hoc
619 2355 750 2422 cst,
791 2337 974 2426 quod
1019 2353 1249 2428 argute
1299 2337 1531 2402 extulit
1578 2355 1808 2404 auctor
1850 2339 2066 2406 AEtnae
2082 2387 2105 2422 ‚
2144 2341 2363 2406 nescio
2412 2342 2468 2406 si

331 2442 676 2508 Cornelius
701 2441 978 2507 Severus
993 2491 1014 2524 ‚
1030 2463 1092 2506 v·
1129 2439 1240 2506 13:
1265 2441 1513 2506 Annua
1536 2440 1651 2504 sed
1667 2451 1904 2507 saturoe
1928 2441 2305 2530 complerent
2330 2442 2471 2506 kor—

326 2573 440 2616 rea
475 2571 694 2616 mesces
705 2595 729 2634 ,
755 2550 896 2638 Ipse
925 2569 1037 2614 suo
1045 2547 1292 2635 fluent
1321 2546 1610 2614 Bacchus
1629 2547 1813 2634 pede.

583 4195 726 4259 III.
2185 4189 2225 4259 5
