<?xml version="1.0" encoding="UTF-8"?>
<!DOCTYPE html PUBLIC "-//W3C//DTD XHTML 1.0 Transitional//EN"
    "http://www.w3.org/TR/xhtml1/DTD/xhtml1-transitional.dtd">
<html xmlns="http://www.w3.org/1999/xhtml" xml:lang="en" lang="en">
 <head>
  <title>
</title>
<meta http-equiv="Content-Type" content="text/html;charset=utf-8" />
  <meta name='ocr-system' content='tesseract 3.04.00' />
  <meta name='ocr-capabilities' content='ocr_page ocr_carea ocr_par ocr_line ocrx_word'/>
</head>
<body>
  <div class='ocr_page' id='page_1' title='image "./poetaelatinimin00unkngoog_0649.png"; bbox 0 0 2975 4684; ppageno 0'>
   <div class='ocr_carea' id='block_1_1' title="bbox 429 334 648 417">
    <p class='ocr_par' dir='ltr' id='par_1_1' title="bbox 429 334 648 417">
     <span class='ocr_line' id='line_1_1' title="bbox 429 334 648 417; baseline -0.005 -14"><span class='ocrx_word' id='word_1_1' title='bbox 429 377 434 381; x_wconf 93' lang='lat'>-</span> <span class='ocrx_word' id='word_1_2' title='bbox 505 334 648 417; x_wconf 73' lang='lat'>640</span> 
     </span>
    </p>
   </div>
   <div class='ocr_carea' id='block_1_2' title="bbox 1365 335 1795 415">
    <p class='ocr_par' dir='ltr' id='par_1_2' title="bbox 1365 335 1795 415">
     <span class='ocr_line' id='line_1_2' title="bbox 1365 335 1795 415; baseline -0.005 -14"><span class='ocrx_word' id='word_1_3' title='bbox 1365 335 1795 415; x_wconf 84' lang='lat' dir='ltr'>AUSONII</span> 
     </span>
    </p>
   </div>
   <div class='ocr_carea' id='block_1_3' title="bbox 1117 522 2012 617">
    <p class='ocr_par' dir='ltr' id='par_1_3' title="bbox 1117 522 2012 617">
     <span class='ocr_line' id='line_1_3' title="bbox 1117 522 2012 617; baseline 0 -2"><span class='ocrx_word' id='word_1_4' title='bbox 1117 549 1294 615; x_wconf 83' lang='lat' dir='ltr'>XII.</span> <span class='ocrx_word' id='word_1_5' title='bbox 1348 522 2012 617; x_wconf 77' lang='lat' dir='ltr'><strong>PROTESILAO.</strong></span> 
     </span>
    </p>
   </div>
   <div class='ocr_carea' id='block_1_4' title="bbox 589 730 2635 1600">
    <p class='ocr_par' dir='ltr' id='par_1_4' title="bbox 593 730 2245 937">
     <span class='ocr_line' id='line_1_4' title="bbox 593 730 2198 825; baseline -0.002 -23"><span class='ocrx_word' id='word_1_6' title='bbox 593 731 817 802; x_wconf 82' lang='lat' dir='ltr'><strong>Fatale</strong></span> <span class='ocrx_word' id='word_1_7' title='bbox 849 731 1260 825; x_wconf 87' lang='lat' dir='ltr'>adscriptum</span> <span class='ocrx_word' id='word_1_8' title='bbox 1293 756 1539 803; x_wconf 86' lang='lat' dir='ltr'>nomen</span> <span class='ocrx_word' id='word_1_9' title='bbox 1586 731 1751 801; x_wconf 88' lang='lat' dir='ltr'>mihi</span> <span class='ocrx_word' id='word_1_10' title='bbox 1790 730 2151 801; x_wconf 84' lang='lat' dir='ltr'><strong>Protesilao</strong></span> <span class='ocrx_word' id='word_1_11' title='bbox 2182 759 2198 799; x_wconf 75' lang='grc' dir='ltr'><strong><em>ε</em></strong></span> 
     </span>
     <span class='ocr_line' id='line_1_5' title="bbox 689 838 2245 937; baseline -0.004 -22"><span class='ocrx_word' id='word_1_12' title='bbox 689 846 866 915; x_wconf 86' lang='lat' dir='ltr'>Nam</span> <span class='ocrx_word' id='word_1_13' title='bbox 899 842 1156 937; x_wconf 88' lang='lat' dir='ltr'>primus</span> <span class='ocrx_word' id='word_1_14' title='bbox 1186 845 1501 912; x_wconf 87' lang='lat' dir='ltr'>Danaum</span> <span class='ocrx_word' id='word_1_15' title='bbox 1532 838 1711 910; x_wconf 80' lang='lat' dir='ltr'>bello</span> <span class='ocrx_word' id='word_1_16' title='bbox 1742 840 1880 909; x_wconf 88' lang='lat' dir='ltr'>obii</span> <span class='ocrx_word' id='word_1_17' title='bbox 1911 840 2245 936; x_wconf 85' lang='lat' dir='ltr'>Phrygio,</span> 
     </span>
    </p>

    <p class='ocr_par' dir='ltr' id='par_1_5' title="bbox 593 948 1938 1158">
     <span class='ocr_line' id='line_1_6' title="bbox 593 948 1938 1048; baseline -0.003 -25"><span class='ocrx_word' id='word_1_18' title='bbox 593 953 849 1023; x_wconf 84' lang='lat' dir='ltr'><strong>Audaci</strong></span> <span class='ocrx_word' id='word_1_19' title='bbox 884 954 1219 1048; x_wconf 82' lang='lat' dir='ltr'>ingressus</span> <span class='ocrx_word' id='word_1_20' title='bbox 1254 953 1473 1047; x_wconf 83' lang='lat' dir='ltr'>Sigeia</span> <span class='ocrx_word' id='word_1_21' title='bbox 1509 950 1705 1021; x_wconf 85' lang='lat' dir='ltr'>litora</span> <span class='ocrx_word' id='word_1_22' title='bbox 1736 948 1938 1038; x_wconf 88' lang='lat' dir='ltr'>saltu,</span> 
     </span>
     <span class='ocr_line' id='line_1_7' title="bbox 691 1060 1898 1158; baseline -0.002 -24"><span class='ocrx_word' id='word_1_23' title='bbox 691 1068 909 1157; x_wconf 88' lang='lat' dir='ltr'>Captu</span> <span class='ocrx_word' id='word_1_24' title='bbox 940 1061 1209 1158; x_wconf 90' lang='lat' dir='ltr'>pellacis</span> <span class='ocrx_word' id='word_1_25' title='bbox 1241 1062 1587 1131; x_wconf 83' lang='lat' dir='ltr'>Laertiadae</span> <span class='ocrx_word' id='word_1_26' title='bbox 1624 1060 1898 1131; x_wconf 80' lang='lat' dir='ltr'>insidiis,</span> 
     </span>
    </p>

    <p class='ocr_par' dir='ltr' id='par_1_6' title="bbox 589 1170 2635 1379">
     <span class='ocr_line' id='line_1_8' title="bbox 589 1170 2635 1267; baseline 0 -25"><span class='ocrx_word' id='word_1_27' title='bbox 589 1175 728 1265; x_wconf 89' lang='lat' dir='ltr'>Qui</span> <span class='ocrx_word' id='word_1_28' title='bbox 767 1198 851 1242; x_wconf 88' lang='lat' dir='ltr'>ne</span> <span class='ocrx_word' id='word_1_29' title='bbox 877 1174 1184 1267; x_wconf 84' lang='lat' dir='ltr'>Trojanae</span> <span class='ocrx_word' id='word_1_30' title='bbox 1212 1188 1548 1267; x_wconf 86' lang='lat' dir='ltr'>premeret</span> <span class='ocrx_word' id='word_1_31' title='bbox 1582 1172 1749 1266; x_wconf 86' lang='lat' dir='ltr'>pede</span> <span class='ocrx_word' id='word_1_32' title='bbox 1783 1170 1984 1241; x_wconf 88' lang='lat' dir='ltr'>litora</span> <span class='ocrx_word' id='word_1_33' title='bbox 2016 1188 2203 1243; x_wconf 83' lang='lat' dir='ltr'>terrae</span> <span class='ocrx_word' id='word_1_34' title='bbox 2224 1228 2245 1259; x_wconf 86' lang='lat'>,</span> <span class='ocrx_word' id='word_1_35' title='bbox 2612 1228 2635 1265; x_wconf 80' lang='lat'>⁵</span> 
     </span>
     <span class='ocr_line' id='line_1_9' title="bbox 684 1281 2109 1379; baseline -0.001 -26"><span class='ocrx_word' id='word_1_36' title='bbox 684 1290 840 1379; x_wconf 83' lang='lat' dir='ltr'>Ipse</span> <span class='ocrx_word' id='word_1_37' title='bbox 879 1309 1081 1378; x_wconf 88' lang='lat' dir='ltr'>super</span> <span class='ocrx_word' id='word_1_38' title='bbox 1119 1284 1472 1379; x_wconf 89' lang='lat' dir='ltr'>proprium</span> <span class='ocrx_word' id='word_1_39' title='bbox 1504 1282 1753 1351; x_wconf 79' lang='lat' dir='ltr'>desiliit</span> <span class='ocrx_word' id='word_1_40' title='bbox 1782 1281 2109 1378; x_wconf 84' lang='lat' dir='ltr'>clypeum.</span> 
     </span>
    </p>

    <p class='ocr_par' dir='ltr' id='par_1_7' title="bbox 589 1391 2606 1600">
     <span class='ocr_line' id='line_1_10' title="bbox 589 1391 2606 1490; baseline 0.001 -26"><span class='ocrx_word' id='word_1_41' title='bbox 589 1396 776 1486; x_wconf 89' lang='lat' dir='ltr'>Quid</span> <span class='ocrx_word' id='word_1_42' title='bbox 809 1395 1092 1490; x_wconf 83' lang='lat' dir='ltr'>queror?</span> <span class='ocrx_word' id='word_1_43' title='bbox 1119 1394 1248 1464; x_wconf 92' lang='lat' dir='ltr'>hoc</span> <span class='ocrx_word' id='word_1_44' title='bbox 1282 1391 1495 1463; x_wconf 84' lang='lat' dir='ltr'>letum</span> <span class='ocrx_word' id='word_1_45' title='bbox 1524 1394 1665 1487; x_wconf 87' lang='lat' dir='ltr'>jam</span> <span class='ocrx_word' id='word_1_46' title='bbox 1704 1408 1847 1462; x_wconf 88' lang='lat' dir='ltr'>tum</span> <span class='ocrx_word' id='word_1_47' title='bbox 1884 1418 2029 1463; x_wconf 88' lang='lat' dir='ltr'>mea</span> <span class='ocrx_word' id='word_1_48' title='bbox 2064 1393 2200 1463; x_wconf 88' lang='lat' dir='ltr'>fata</span> <span class='ocrx_word' id='word_1_49' title='bbox 2236 1395 2606 1480; x_wconf 86' lang='lat' dir='ltr'>canebant,</span> 
     </span>
     <span class='ocr_line' id='line_1_11' title="bbox 682 1503 2146 1600; baseline -0.003 -25"><span class='ocrx_word' id='word_1_50' title='bbox 682 1504 844 1575; x_wconf 83' lang='lat' dir='ltr'>Tale</span> <span class='ocrx_word' id='word_1_51' title='bbox 873 1505 1038 1574; x_wconf 88' lang='lat' dir='ltr'>mihi</span> <span class='ocrx_word' id='word_1_52' title='bbox 1068 1529 1317 1573; x_wconf 86' lang='lat' dir='ltr'>nomen</span> <span class='ocrx_word' id='word_1_53' title='bbox 1343 1529 1555 1600; x_wconf 85' lang='lat' dir='ltr'>quum</span> <span class='ocrx_word' id='word_1_54' title='bbox 1583 1518 1775 1599; x_wconf 86' lang='lat' dir='ltr'>pater</span> <span class='ocrx_word' id='word_1_55' title='bbox 1806 1503 2146 1598; x_wconf 74' lang='lat' dir='ltr'>imposuit.</span> 
     </span>
    </p>
   </div>
   <div class='ocr_carea' id='block_1_5' title="bbox 437 1692 1517 2559">
    <p class='ocr_par' dir='ltr' id='par_1_8' title="bbox 437 1692 1517 2559">
     <span class='ocr_line' id='line_1_12' title="bbox 567 1692 1517 1765; baseline -0.002 -20"><span class='ocrx_word' id='word_1_56' title='bbox 567 1712 590 1745; x_wconf 87' lang='lat'>1</span> <span class='ocrx_word' id='word_1_57' title='bbox 600 1734 612 1746; x_wconf 92' lang='lat'><strong><em>.</em></strong></span> <span class='ocrx_word' id='word_1_58' title='bbox 627 1697 815 1745; x_wconf 78' lang='lat' dir='ltr'>Fatale.</span> <span class='ocrx_word' id='word_1_59' title='bbox 829 1692 1040 1745; x_wconf 81' lang='lat' dir='ltr'>Achivis</span> <span class='ocrx_word' id='word_1_60' title='bbox 1055 1692 1160 1744; x_wconf 83' lang='lat' dir='ltr'>fnit</span> <span class='ocrx_word' id='word_1_61' title='bbox 1175 1708 1486 1765; x_wconf 79' lang='lat' dir='ltr'>responsum</span> <span class='ocrx_word' id='word_1_62' title='bbox 1501 1732 1517 1756; x_wconf 93' lang='lat'><strong>‚</strong></span> 
     </span>
     <span class='ocr_line' id='line_1_13' title="bbox 487 1770 1515 1845; baseline -0.002 -20"><span class='ocrx_word' id='word_1_63' title='bbox 487 1774 663 1844; x_wconf 87' lang='lat' dir='ltr'>inquit</span> <span class='ocrx_word' id='word_1_64' title='bbox 687 1772 928 1845; x_wconf 78' lang='lat' dir='ltr'>Hyginus</span> <span class='ocrx_word' id='word_1_65' title='bbox 946 1811 963 1837; x_wconf 94' lang='lat'>,</span> <span class='ocrx_word' id='word_1_66' title='bbox 999 1771 1092 1844; x_wconf 88' lang='lat' dir='ltr'>qui</span> <span class='ocrx_word' id='word_1_67' title='bbox 1119 1771 1324 1843; x_wconf 84' lang='lat' dir='ltr'>primus</span> <span class='ocrx_word' id='word_1_68' title='bbox 1363 1770 1515 1823; x_wconf 86' lang='lat' dir='ltr'>litora</span> 
     </span>
     <span class='ocr_line' id='line_1_14' title="bbox 489 1850 1513 1925; baseline -0.001 -21"><span class='ocrx_word' id='word_1_69' title='bbox 489 1853 856 1924; x_wconf 75' lang='lat' dir='ltr'>Troianorum</span> <span class='ocrx_word' id='word_1_70' title='bbox 890 1851 1168 1922; x_wconf 69' lang='lat' dir='ltr'>attigisset,</span> <span class='ocrx_word' id='word_1_71' title='bbox 1199 1850 1513 1925; x_wconf 86' lang='lat' dir='ltr'>periturum.</span> 
     </span>
     <span class='ocr_line' id='line_1_15' title="bbox 489 1928 1513 2003; baseline -0.003 -18"><span class='ocrx_word' id='word_1_72' title='bbox 489 1928 672 1998; x_wconf 81' lang='lat' dir='ltr'>Quum</span> <span class='ocrx_word' id='word_1_73' title='bbox 694 1930 883 1985; x_wconf 78' lang='lat' dir='ltr'>Achivi</span> <span class='ocrx_word' id='word_1_74' title='bbox 907 1930 1096 1985; x_wconf 86' lang='lat' dir='ltr'>classes</span> <span class='ocrx_word' id='word_1_75' title='bbox 1118 1930 1513 2003; x_wconf 75' lang='lat' dir='ltr'>applicuissent,</span> 
     </span>
     <span class='ocr_line' id='line_1_16' title="bbox 487 2009 1515 2081; baseline -0.003 -17"><span class='ocrx_word' id='word_1_76' title='bbox 487 2012 690 2065; x_wconf 72' lang='lat' dir='ltr'>eoeteris</span> <span class='ocrx_word' id='word_1_77' title='bbox 714 2010 1107 2076; x_wconf 77' lang='lat' dir='ltr'>cunctantibus,</span> <span class='ocrx_word' id='word_1_78' title='bbox 1125 2010 1300 2063; x_wconf 77' lang='lat' dir='ltr'>Iolaus</span> <span class='ocrx_word' id='word_1_79' title='bbox 1320 2009 1515 2081; x_wconf 87' lang='lat' dir='ltr'>Iphicli</span> 
     </span>
     <span class='ocr_line' id='line_1_17' title="bbox 484 2088 1515 2163; baseline -0.002 -19"><span class='ocrx_word' id='word_1_80' title='bbox 484 2105 537 2144; x_wconf 92' lang='lat' dir='ltr'>et</span> <span class='ocrx_word' id='word_1_81' title='bbox 552 2090 822 2145; x_wconf 77' lang='lat' dir='ltr'>Diomedae</span> <span class='ocrx_word' id='word_1_82' title='bbox 835 2094 856 2160; x_wconf 89' lang='lat'>(</span> <span class='ocrx_word' id='word_1_83' title='bbox 867 2090 1156 2163; x_wconf 82' lang='lat' dir='ltr'>Astyoches</span> <span class='ocrx_word' id='word_1_84' title='bbox 1171 2088 1316 2162; x_wconf 82' lang='lat' dir='ltr'>apud</span> <span class='ocrx_word' id='word_1_85' title='bbox 1333 2090 1515 2143; x_wconf 85' lang='lat' dir='ltr'>Eusta-</span> 
     </span>
     <span class='ocr_line' id='line_1_18' title="bbox 437 2170 1513 2243; baseline -0.002 -19"><span class='ocrx_word' id='word_1_86' title='bbox 437 2226 451 2243; x_wconf 31' lang='grc' dir='ltr'>ἱ</span> <span class='ocrx_word' id='word_1_87' title='bbox 486 2171 689 2239; x_wconf 81' lang='lat' dir='ltr'>thium)</span> <span class='ocrx_word' id='word_1_88' title='bbox 713 2170 852 2223; x_wconf 81' lang='lat' dir='ltr'>filius</span> <span class='ocrx_word' id='word_1_89' title='bbox 867 2210 881 2235; x_wconf 93' lang='lat'>,</span> <span class='ocrx_word' id='word_1_90' title='bbox 903 2170 1110 2241; x_wconf 83' lang='lat' dir='ltr'>primus</span> <span class='ocrx_word' id='word_1_91' title='bbox 1135 2190 1164 2223; x_wconf 91' lang='lat' dir='ltr'>e</span> <span class='ocrx_word' id='word_1_92' title='bbox 1189 2170 1314 2223; x_wconf 80' lang='lat' dir='ltr'>navi</span> <span class='ocrx_word' id='word_1_93' title='bbox 1341 2170 1513 2242; x_wconf 74' lang='lat' dir='ltr'>prosi·</span> 
     </span>
     <span class='ocr_line' id='line_1_19' title="bbox 485 2248 1514 2322; baseline 0.001 -22"><span class='ocrx_word' id='word_1_94' title='bbox 485 2250 626 2305; x_wconf 76' lang='lat' dir='ltr'>livit:</span> <span class='ocrx_word' id='word_1_95' title='bbox 655 2249 750 2322; x_wconf 88' lang='lat' dir='ltr'>qui</span> <span class='ocrx_word' id='word_1_96' title='bbox 777 2248 844 2302; x_wconf 86' lang='lat' dir='ltr'>ab</span> <span class='ocrx_word' id='word_1_97' title='bbox 873 2250 1104 2321; x_wconf 78' lang='lat' dir='ltr'>Hectore</span> <span class='ocrx_word' id='word_1_98' title='bbox 1129 2248 1406 2303; x_wconf 77' lang='lat' dir='ltr'>confestim</span> <span class='ocrx_word' id='word_1_99' title='bbox 1435 2263 1514 2303; x_wconf 89' lang='lat' dir='ltr'>est</span> 
     </span>
     <span class='ocr_line' id='line_1_20' title="bbox 483 2328 1509 2401; baseline 0 -20"><span class='ocrx_word' id='word_1_100' title='bbox 483 2330 820 2392; x_wconf 81' lang='lat' dir='ltr'>interfectus,</span> <span class='ocrx_word' id='word_1_101' title='bbox 858 2347 1018 2401; x_wconf 86' lang='lat' dir='ltr'>quem</span> <span class='ocrx_word' id='word_1_102' title='bbox 1055 2328 1236 2382; x_wconf 87' lang='lat' dir='ltr'>cuncti</span> <span class='ocrx_word' id='word_1_103' title='bbox 1275 2328 1509 2401; x_wconf 79' lang='lat' dir='ltr'>appella-</span> 
     </span>
     <span class='ocr_line' id='line_1_21' title="bbox 481 2408 1510 2481; baseline 0 -20"><span class='ocrx_word' id='word_1_104' title='bbox 481 2421 608 2461; x_wconf 87' lang='lat' dir='ltr'>runt</span> <span class='ocrx_word' id='word_1_105' title='bbox 638 2412 999 2481; x_wconf 73' lang='grc' dir='ltr'>Πρωτεσίλαον·</span> <span class='ocrx_word' id='word_1_106' title='bbox 1022 2409 1281 2479; x_wconf 84' lang='lat' dir='ltr'>quoniam</span> <span class='ocrx_word' id='word_1_107' title='bbox 1305 2408 1510 2480; x_wconf 88' lang='lat' dir='ltr'>primus</span> 
     </span>
     <span class='ocr_line' id='line_1_22' title="bbox 483 2486 1509 2559; baseline -0.001 -18"><span class='ocrx_word' id='word_1_108' title='bbox 483 2508 545 2542; x_wconf 87' lang='lat' dir='ltr'>ex</span> <span class='ocrx_word' id='word_1_109' title='bbox 580 2488 830 2540; x_wconf 83' lang='lat' dir='ltr'>omnibus</span> <span class='ocrx_word' id='word_1_110' title='bbox 863 2486 1105 2558; x_wconf 76' lang='lat' dir='ltr'>perierat.</span> <span class='ocrx_word' id='word_1_111' title='bbox 1139 2486 1228 2540; x_wconf 89' lang='lat' dir='ltr'>Sic</span> <span class='ocrx_word' id='word_1_112' title='bbox 1265 2486 1509 2559; x_wconf 80' lang='lat' dir='ltr'>Hyginus</span> 
     </span>
    </p>
   </div>
   <div class='ocr_carea' id='block_1_6' title="bbox 1594 1688 2630 2539">
    <p class='ocr_par' dir='ltr' id='par_1_9' title="bbox 1604 1688 2630 1981">
     <span class='ocr_line' id='line_1_23' title="bbox 1604 1688 2628 1762; baseline 0.003 -19"><span class='ocrx_word' id='word_1_113' title='bbox 1604 1702 1723 1762; x_wconf 88' lang='lat' dir='ltr'>post</span> <span class='ocrx_word' id='word_1_114' title='bbox 1750 1704 2005 1757; x_wconf 87' lang='lat' dir='ltr'>mortem,</span> <span class='ocrx_word' id='word_1_115' title='bbox 2030 1688 2293 1743; x_wconf 78' lang='lat' dir='ltr'>Ausonius</span> <span class='ocrx_word' id='word_1_116' title='bbox 2326 1704 2449 1744; x_wconf 83' lang='lat' dir='ltr'>ante</span> <span class='ocrx_word' id='word_1_117' title='bbox 2486 1711 2628 1746; x_wconf 87' lang='lat' dir='ltr'>mor-</span> 
     </span>
     <span class='ocr_line' id='line_1_24' title="bbox 1605 1770 2628 1838; baseline 0.004 -16"><span class='ocrx_word' id='word_1_118' title='bbox 1605 1784 1711 1824; x_wconf 80' lang='lat' dir='ltr'>tem</span> <span class='ocrx_word' id='word_1_119' title='bbox 1728 1810 1745 1835; x_wconf 90' lang='lat'>,</span> <span class='ocrx_word' id='word_1_120' title='bbox 1772 1772 1841 1823; x_wconf 86' lang='lat' dir='ltr'>ab</span> <span class='ocrx_word' id='word_1_121' title='bbox 1882 1770 2225 1825; x_wconf 81' lang='lat' dir='ltr'>incunabulis</span> <span class='ocrx_word' id='word_1_122' title='bbox 2267 1772 2465 1825; x_wconf 81' lang='lat' dir='ltr'>scilicet</span> <span class='ocrx_word' id='word_1_123' title='bbox 2485 1814 2501 1838; x_wconf 91' lang='lat'>,</span> <span class='ocrx_word' id='word_1_124' title='bbox 2530 1792 2628 1826; x_wconf 89' lang='lat' dir='ltr'>no-</span> 
     </span>
     <span class='ocr_line' id='line_1_25' title="bbox 1604 1848 2630 1923; baseline 0.003 -22"><span class='ocrx_word' id='word_1_125' title='bbox 1604 1866 1727 1901; x_wconf 87' lang='lat' dir='ltr'>men</span> <span class='ocrx_word' id='word_1_126' title='bbox 1739 1850 2005 1903; x_wconf 72' lang='lat' dir='ltr'>Protesilai</span> <span class='ocrx_word' id='word_1_127' title='bbox 2018 1848 2143 1903; x_wconf 82' lang='lat' dir='ltr'>huic</span> <span class='ocrx_word' id='word_1_128' title='bbox 2152 1849 2457 1923; x_wconf 83' lang='lat' dir='ltr'>impositum</span> <span class='ocrx_word' id='word_1_129' title='bbox 2470 1851 2630 1905; x_wconf 80' lang='lat' dir='ltr'>fuisse</span> 
     </span>
     <span class='ocr_line' id='line_1_26' title="bbox 1604 1928 1807 1981; baseline -0.005 0"><span class='ocrx_word' id='word_1_130' title='bbox 1604 1928 1807 1981; x_wconf 84' lang='lat' dir='ltr'>scribit.</span> 
     </span>
    </p>

    <p class='ocr_par' dir='ltr' id='par_1_10' title="bbox 1598 2008 2629 2301">
     <span class='ocr_line' id='line_1_27' title="bbox 1675 2008 2629 2068; baseline 0.004 -8"><span class='ocrx_word' id='word_1_131' title='bbox 1675 2008 1729 2060; x_wconf 87' lang='grc'>3.</span> <span class='ocrx_word' id='word_1_132' title='bbox 1760 2012 1987 2061; x_wconf 74' lang='lat' dir='ltr'>Pellaeis.</span> <span class='ocrx_word' id='word_1_133' title='bbox 2027 2008 2131 2062; x_wconf 87' lang='lat' dir='ltr'>Per</span> <span class='ocrx_word' id='word_1_134' title='bbox 2164 2008 2451 2068; x_wconf 71' lang='lat' dir='ltr'>blanditias</span> <span class='ocrx_word' id='word_1_135' title='bbox 2484 2009 2629 2063; x_wconf 85' lang='lat' dir='ltr'>deci·</span> 
     </span>
     <span class='ocr_line' id='line_1_28' title="bbox 1600 2087 2629 2161; baseline 0 -20"><span class='ocrx_word' id='word_1_136' title='bbox 1600 2088 1817 2159; x_wconf 71' lang='lat' dir='ltr'>pientia,</span> <span class='ocrx_word' id='word_1_137' title='bbox 1854 2088 2029 2161; x_wconf 88' lang='lat' dir='ltr'>inquit</span> <span class='ocrx_word' id='word_1_138' title='bbox 2052 2090 2271 2143; x_wconf 82' lang='lat' dir='ltr'>Servius</span> <span class='ocrx_word' id='word_1_139' title='bbox 2297 2090 2355 2141; x_wconf 87' lang='lat' dir='ltr'>in</span> <span class='ocrx_word' id='word_1_140' title='bbox 2392 2087 2629 2143; x_wconf 86' lang='lat' dir='ltr'>secundo</span> 
     </span>
     <span class='ocr_line' id='line_1_29' title="bbox 1598 2168 2625 2237; baseline 0.001 -17"><span class='ocrx_word' id='word_1_141' title='bbox 1598 2168 1849 2221; x_wconf 82' lang='lat' dir='ltr'>AEneidos</span> <span class='ocrx_word' id='word_1_142' title='bbox 1861 2168 2001 2221; x_wconf 83' lang='lat' dir='ltr'>libro</span> <span class='ocrx_word' id='word_1_143' title='bbox 2012 2188 2111 2235; x_wconf 85' lang='lat' dir='ltr'>‚vs.</span> <span class='ocrx_word' id='word_1_144' title='bbox 2129 2187 2218 2237; x_wconf 87' lang='lat'>90.</span> <span class='ocrx_word' id='word_1_145' title='bbox 2236 2171 2467 2220; x_wconf 70' lang='lat' dir='ltr'>Pelliee-re</span> <span class='ocrx_word' id='word_1_146' title='bbox 2482 2168 2625 2221; x_wconf 87' lang='lat' dir='ltr'>enim</span> 
     </span>
     <span class='ocr_line' id='line_1_30' title="bbox 1600 2246 2254 2301; baseline -0.002 0"><span class='ocrx_word' id='word_1_147' title='bbox 1600 2260 1679 2301; x_wconf 88' lang='lat' dir='ltr'>est</span> <span class='ocrx_word' id='word_1_148' title='bbox 1700 2246 2023 2301; x_wconf 87' lang='lat' dir='ltr'>blandiendo</span> <span class='ocrx_word' id='word_1_149' title='bbox 2048 2248 2254 2301; x_wconf 75' lang='lat' dir='ltr'>elicene.</span> 
     </span>
    </p>

    <p class='ocr_par' dir='ltr' id='par_1_11' title="bbox 1594 2326 2628 2539">
     <span class='ocr_line' id='line_1_31' title="bbox 1668 2326 2628 2400; baseline -0.004 -20"><span class='ocrx_word' id='word_1_150' title='bbox 1668 2334 1722 2392; x_wconf 72' lang='grc'>4.</span> <span class='ocrx_word' id='word_1_151' title='bbox 1745 2331 2038 2388; x_wconf 78' lang='lat' dir='ltr'>Loertiadoe,</span> <span class='ocrx_word' id='word_1_152' title='bbox 2054 2346 2154 2399; x_wconf 83' lang='lat' dir='ltr'>pro</span> <span class='ocrx_word' id='word_1_153' title='bbox 2172 2326 2487 2391; x_wconf 62' lang='lat' dir='ltr'>Laertiadae,</span> <span class='ocrx_word' id='word_1_154' title='bbox 2502 2326 2628 2400; x_wconf 81' lang='lat' dir='ltr'>Uly-</span> 
     </span>
     <span class='ocr_line' id='line_1_32' title="bbox 1594 2407 2625 2461; baseline 0 -2"><span class='ocrx_word' id='word_1_155' title='bbox 1594 2408 1676 2461; x_wconf 84' lang='lat' dir='ltr'>xis</span> <span class='ocrx_word' id='word_1_156' title='bbox 1712 2408 1917 2461; x_wconf 61' lang='lat' dir='ltr'>Laerta</span> <span class='ocrx_word' id='word_1_157' title='bbox 1954 2408 2085 2461; x_wconf 79' lang='lat' dir='ltr'>filii:</span> <span class='ocrx_word' id='word_1_158' title='bbox 2122 2407 2460 2461; x_wconf 81' lang='lat' dir='ltr'>usitatissima</span> <span class='ocrx_word' id='word_1_159' title='bbox 2490 2426 2625 2460; x_wconf 89' lang='lat' dir='ltr'>con·</span> 
     </span>
     <span class='ocr_line' id='line_1_33' title="bbox 1596 2486 1803 2539; baseline 0 0"><span class='ocrx_word' id='word_1_160' title='bbox 1596 2486 1803 2539; x_wconf 87' lang='lat' dir='ltr'>tractio.</span> 
     </span>
    </p>
   </div>
   <div class='ocr_carea' id='block_1_7' title="bbox 1115 2667 2011 2749">
    <p class='ocr_par' dir='ltr' id='par_1_12' title="bbox 1115 2667 2011 2749">
     <span class='ocr_line' id='line_1_34' title="bbox 1115 2667 2011 2749; baseline 0.001 -14"><span class='ocrx_word' id='word_1_161' title='bbox 1115 2668 1336 2735; x_wconf 88' lang='lat' dir='ltr'>XIII.</span> <span class='ocrx_word' id='word_1_162' title='bbox 1393 2668 1934 2749; x_wconf 90' lang='lat' dir='ltr'>DEIPHOBO</span> <span class='ocrx_word' id='word_1_163' title='bbox 1963 2667 2011 2736; x_wconf 73' lang='lat'>⁴².</span> 
     </span>
    </p>
   </div>
   <div class='ocr_carea' id='block_1_8' title="bbox 577 2841 2341 3049">
    <p class='ocr_par' dir='ltr' id='par_1_13' title="bbox 577 2841 2341 3049">
     <span class='ocr_line' id='line_1_35' title="bbox 577 2841 2341 2936; baseline -0.001 -22"><span class='ocrx_word' id='word_1_164' title='bbox 577 2843 893 2914; x_wconf 86' lang='lat' dir='ltr'>Proditus</span> <span class='ocrx_word' id='word_1_165' title='bbox 928 2842 1012 2911; x_wconf 88' lang='lat' dir='ltr'>ad</span> <span class='ocrx_word' id='word_1_166' title='bbox 1050 2866 1345 2936; x_wconf 84' lang='lat' dir='ltr'>poenam,</span> <span class='ocrx_word' id='word_1_167' title='bbox 1375 2841 1705 2913; x_wconf 84' lang='lat' dir='ltr'>sceleratae</span> <span class='ocrx_word' id='word_1_168' title='bbox 1737 2843 1973 2912; x_wconf 86' lang='lat' dir='ltr'>fraude</span> <span class='ocrx_word' id='word_1_169' title='bbox 2012 2848 2341 2924; x_wconf 83' lang='lat' dir='ltr'>Lacaenae‚</span> 
     </span>
     <span class='ocr_line' id='line_1_36' title="bbox 671 2953 1941 3049; baseline -0.001 -25"><span class='ocrx_word' id='word_1_170' title='bbox 671 2958 760 3024; x_wconf 89' lang='lat' dir='ltr'>Et</span> <span class='ocrx_word' id='word_1_171' title='bbox 794 2953 1164 3023; x_wconf 82' lang='lat' dir='ltr'>deformato</span> <span class='ocrx_word' id='word_1_172' title='bbox 1197 2978 1478 3048; x_wconf 88' lang='lat' dir='ltr'>corpore</span> <span class='ocrx_word' id='word_1_173' title='bbox 1513 2954 1941 3049; x_wconf 78' lang='lat' dir='ltr'>DeiphobuS,</span> 
     </span>
    </p>
   </div>
   <div class='ocr_carea' id='block_1_9' title="bbox 472 3133 1512 3843">
    <p class='ocr_par' dir='ltr' id='par_1_14' title="bbox 472 3133 1504 3843">
     <span class='ocr_line' id='line_1_37' title="bbox 553 3133 1502 3206; baseline 0 -19"><span class='ocrx_word' id='word_1_174' title='bbox 553 3138 573 3162; x_wconf 83' lang='lat'>&#39;¹</span> <span class='ocrx_word' id='word_1_175' title='bbox 595 3138 855 3204; x_wconf 74' lang='lat' dir='ltr'>Deiphobo.</span> <span class='ocrx_word' id='word_1_176' title='bbox 902 3133 1212 3206; x_wconf 84' lang='lat' dir='ltr'>Deiphobus</span> <span class='ocrx_word' id='word_1_177' title='bbox 1255 3154 1395 3189; x_wconf 88' lang='lat' dir='ltr'>unus</span> <span class='ocrx_word' id='word_1_178' title='bbox 1439 3154 1502 3188; x_wconf 87' lang='lat' dir='ltr'>ex</span> 
     </span>
     <span class='ocr_line' id='line_1_38' title="bbox 476 3213 1504 3287; baseline 0 -19"><span class='ocrx_word' id='word_1_179' title='bbox 476 3213 895 3287; x_wconf 78' lang='lat' dir='ltr'>quinquagenis,</span> <span class='ocrx_word' id='word_1_180' title='bbox 923 3214 1268 3286; x_wconf 82' lang='lat' dir='ltr'>pluribusque</span> <span class='ocrx_word' id='word_1_181' title='bbox 1306 3213 1504 3268; x_wconf 79' lang='lat' dir='ltr'>Priami</span> 
     </span>
     <span class='ocr_line' id='line_1_39' title="bbox 475 3293 1504 3369; baseline -0.001 -20"><span class='ocrx_word' id='word_1_182' title='bbox 475 3295 613 3369; x_wconf 88' lang='lat' dir='ltr'>regis</span> <span class='ocrx_word' id='word_1_183' title='bbox 633 3294 854 3367; x_wconf 84' lang='lat' dir='ltr'>Trojani</span> <span class='ocrx_word' id='word_1_184' title='bbox 880 3293 1088 3357; x_wconf 86' lang='lat' dir='ltr'>liberis,</span> <span class='ocrx_word' id='word_1_185' title='bbox 1115 3293 1374 3348; x_wconf 81' lang='lat' dir='ltr'>Helenam</span> <span class='ocrx_word' id='word_1_186' title='bbox 1409 3294 1504 3348; x_wconf 72' lang='lat' dir='ltr'>Pa-</span> 
     </span>
     <span class='ocr_line' id='line_1_40' title="bbox 477 3371 1512 3435; baseline -0.002 -6"><span class='ocrx_word' id='word_1_187' title='bbox 477 3374 590 3429; x_wconf 82' lang='lat' dir='ltr'>ride</span> <span class='ocrx_word' id='word_1_188' title='bbox 613 3385 826 3427; x_wconf 89' lang='lat' dir='ltr'>mortuo</span> <span class='ocrx_word' id='word_1_189' title='bbox 847 3390 1065 3426; x_wconf 83' lang='lat' dir='ltr'>uxorem</span> <span class='ocrx_word' id='word_1_190' title='bbox 1088 3371 1331 3427; x_wconf 81' lang='lat' dir='ltr'>duxerat.</span> <span class='ocrx_word' id='word_1_191' title='bbox 1350 3373 1512 3435; x_wconf 63' lang='lat' dir='ltr'>Haec,-</span> 
     </span>
     <span class='ocr_line' id='line_1_41' title="bbox 474 3450 1502 3527; baseline -0.001 -20"><span class='ocrx_word' id='word_1_192' title='bbox 474 3474 580 3527; x_wconf 85' lang='lat' dir='ltr'>qua</span> <span class='ocrx_word' id='word_1_193' title='bbox 617 3464 774 3506; x_wconf 86' lang='lat' dir='ltr'>nocte</span> <span class='ocrx_word' id='word_1_194' title='bbox 812 3450 913 3504; x_wconf 82' lang='lat' dir='ltr'>suit</span> <span class='ocrx_word' id='word_1_195' title='bbox 939 3464 1151 3523; x_wconf 85' lang='lat' dir='ltr'>captum</span> <span class='ocrx_word' id='word_1_196' title='bbox 1172 3452 1326 3505; x_wconf 89' lang='lat' dir='ltr'>Ilium</span> <span class='ocrx_word' id='word_1_197' title='bbox 1345 3492 1360 3515; x_wconf 94' lang='lat'>,</span> <span class='ocrx_word' id='word_1_198' title='bbox 1389 3454 1502 3507; x_wconf 88' lang='lat' dir='ltr'>Me-</span> 
     </span>
     <span class='ocr_line' id='line_1_42' title="bbox 475 3531 1501 3605; baseline -0.003 -17"><span class='ocrx_word' id='word_1_199' title='bbox 475 3536 630 3588; x_wconf 87' lang='lat' dir='ltr'>nelao</span> <span class='ocrx_word' id='word_1_200' title='bbox 669 3533 808 3586; x_wconf 85' lang='lat' dir='ltr'>fores</span> <span class='ocrx_word' id='word_1_201' title='bbox 841 3531 1080 3605; x_wconf 83' lang='lat' dir='ltr'>aperuit,</span> <span class='ocrx_word' id='word_1_202' title='bbox 1102 3532 1195 3603; x_wconf 87' lang='lat' dir='ltr'>qui</span> <span class='ocrx_word' id='word_1_203' title='bbox 1230 3532 1501 3587; x_wconf 85' lang='lat' dir='ltr'>dormien-</span> 
     </span>
     <span class='ocr_line' id='line_1_43' title="bbox 476 3612 1498 3684; baseline -0.002 -17"><span class='ocrx_word' id='word_1_204' title='bbox 476 3628 582 3667; x_wconf 86' lang='lat' dir='ltr'>tem</span> <span class='ocrx_word' id='word_1_205' title='bbox 626 3612 962 3684; x_wconf 84' lang='lat' dir='ltr'>Deiphobum</span> <span class='ocrx_word' id='word_1_206' title='bbox 1006 3612 1060 3665; x_wconf 89' lang='lat' dir='ltr'>in</span> <span class='ocrx_word' id='word_1_207' title='bbox 1109 3612 1246 3665; x_wconf 82' lang='lat' dir='ltr'>lecto</span> <span class='ocrx_word' id='word_1_208' title='bbox 1285 3612 1498 3667; x_wconf 86' lang='lat' dir='ltr'>occidit.</span> 
     </span>
     <span class='ocr_line' id='line_1_44' title="bbox 472 3689 1502 3764; baseline -0.004 -17"><span class='ocrx_word' id='word_1_209' title='bbox 472 3694 558 3747; x_wconf 87' lang='lat' dir='ltr'>Sic</span> <span class='ocrx_word' id='word_1_210' title='bbox 575 3690 832 3763; x_wconf 78' lang='lat' dir='ltr'>Virgilius</span> <span class='ocrx_word' id='word_1_211' title='bbox 853 3703 999 3743; x_wconf 84' lang='lat' dir='ltr'>sexto</span> <span class='ocrx_word' id='word_1_212' title='bbox 1019 3689 1274 3744; x_wconf 80' lang='lat' dir='ltr'>AEneidos</span> <span class='ocrx_word' id='word_1_213' title='bbox 1289 3732 1304 3758; x_wconf 92' lang='lat'>‚</span> <span class='ocrx_word' id='word_1_214' title='bbox 1324 3704 1376 3745; x_wconf 87' lang='lat' dir='ltr'>et</span> <span class='ocrx_word' id='word_1_215' title='bbox 1392 3692 1502 3764; x_wconf 82' lang='lat' dir='ltr'>Hy-</span> 
     </span>
     <span class='ocr_line' id='line_1_45' title="bbox 474 3770 1501 3843; baseline -0.002 -18"><span class='ocrx_word' id='word_1_216' title='bbox 474 3772 646 3843; x_wconf 81' lang='lat' dir='ltr'>ginus.</span> <span class='ocrx_word' id='word_1_217' title='bbox 696 3772 763 3821; x_wconf 79' lang='lat' dir='ltr'>At</span> <span class='ocrx_word' id='word_1_218' title='bbox 816 3770 1046 3836; x_wconf 84' lang='lat' dir='ltr'>Quintus</span> <span class='ocrx_word' id='word_1_219' title='bbox 1093 3770 1335 3832; x_wconf 78' lang='lat' dir='ltr'>Calaber,</span> <span class='ocrx_word' id='word_1_220' title='bbox 1365 3771 1501 3823; x_wconf 79' lang='lat' dir='ltr'>libro</span> 
     </span>
    </p>
   </div>
   <div class='ocr_carea' id='block_1_10' title="bbox 1588 3134 2622 3839">
    <p class='ocr_par' dir='ltr' id='par_1_15' title="bbox 1589 3134 2622 3527">
     <span class='ocr_line' id='line_1_46' title="bbox 1592 3134 2620 3207; baseline 0.001 -19"><span class='ocrx_word' id='word_1_221' title='bbox 1592 3136 1790 3207; x_wconf 83' lang='lat' dir='ltr'>fugisse</span> <span class='ocrx_word' id='word_1_222' title='bbox 1826 3136 1881 3188; x_wconf 90' lang='lat' dir='ltr'>in</span> <span class='ocrx_word' id='word_1_223' title='bbox 1914 3136 2129 3187; x_wconf 81' lang='lat' dir='ltr'>intimas</span> <span class='ocrx_word' id='word_1_224' title='bbox 2166 3134 2302 3189; x_wconf 66' lang='lat' dir='ltr'>aedes</span> <span class='ocrx_word' id='word_1_225' title='bbox 2316 3177 2333 3203; x_wconf 88' lang='lat'>,</span> <span class='ocrx_word' id='word_1_226' title='bbox 2360 3155 2421 3190; x_wconf 89' lang='lat' dir='ltr'>ac</span> <span class='ocrx_word' id='word_1_227' title='bbox 2459 3138 2534 3190; x_wconf 90' lang='lat' dir='ltr'>ibi</span> <span class='ocrx_word' id='word_1_228' title='bbox 2562 3158 2620 3189; x_wconf 81' lang='lat' dir='ltr'>se</span> 
     </span>
     <span class='ocr_line' id='line_1_47' title="bbox 1589 3214 2617 3287; baseline 0.004 -21"><span class='ocrx_word' id='word_1_229' title='bbox 1589 3214 1908 3268; x_wconf 80' lang='lat' dir='ltr'>occultasse:</span> <span class='ocrx_word' id='word_1_230' title='bbox 1928 3232 2092 3286; x_wconf 84' lang='lat' dir='ltr'>quam</span> <span class='ocrx_word' id='word_1_231' title='bbox 2112 3252 2129 3279; x_wconf 86' lang='lat'>,</span> <span class='ocrx_word' id='word_1_232' title='bbox 2146 3214 2321 3268; x_wconf 81' lang='lat' dir='ltr'>occiso</span> <span class='ocrx_word' id='word_1_233' title='bbox 2341 3215 2617 3287; x_wconf 79' lang='lat' dir='ltr'>Deiphobo</span> 
     </span>
     <span class='ocr_line' id='line_1_48' title="bbox 1590 3294 2621 3367; baseline 0.002 -20"><span class='ocrx_word' id='word_1_234' title='bbox 1590 3295 1865 3366; x_wconf 65' lang='lat' dir='ltr'>quasitam</span> <span class='ocrx_word' id='word_1_235' title='bbox 1913 3294 2291 3367; x_wconf 81' lang='lat' dir='ltr'>inventamque</span> <span class='ocrx_word' id='word_1_236' title='bbox 2340 3296 2621 3349; x_wconf 81' lang='lat' dir='ltr'>Menelaus</span> 
     </span>
     <span class='ocr_line' id='line_1_49' title="bbox 1590 3374 2622 3447; baseline 0.003 -20"><span class='ocrx_word' id='word_1_237' title='bbox 1590 3374 1745 3427; x_wconf 88' lang='lat' dir='ltr'>etiam</span> <span class='ocrx_word' id='word_1_238' title='bbox 1759 3375 2074 3447; x_wconf 77' lang='lat' dir='ltr'>jugulasset,</span> <span class='ocrx_word' id='word_1_239' title='bbox 2086 3375 2200 3428; x_wconf 66' lang='lat' dir='ltr'>nisi</span> <span class='ocrx_word' id='word_1_240' title='bbox 2186 3374 2500 3429; x_wconf 79' lang='lat' dir='ltr'>obstitisset</span> <span class='ocrx_word' id='word_1_241' title='bbox 2520 3376 2622 3429; x_wconf 78' lang='lat' dir='ltr'>fra·</span> 
     </span>
     <span class='ocr_line' id='line_1_50' title="bbox 1589 3457 2189 3527; baseline 0.002 -21"><span class='ocrx_word' id='word_1_242' title='bbox 1589 3466 1671 3506; x_wconf 83' lang='lat' dir='ltr'>ter</span> <span class='ocrx_word' id='word_1_243' title='bbox 1690 3472 1780 3507; x_wconf 83' lang='lat' dir='ltr'>rex</span> <span class='ocrx_word' id='word_1_244' title='bbox 1800 3457 2189 3527; x_wconf 80' lang='lat' dir='ltr'>Agamemnon.</span> 
     </span>
    </p>

    <p class='ocr_par' dir='ltr' id='par_1_16' title="bbox 1588 3533 2619 3839">
     <span class='ocr_line' id='line_1_51' title="bbox 1665 3533 2619 3601; baseline 0.002 -16"><span class='ocrx_word' id='word_1_245' title='bbox 1665 3552 1715 3585; x_wconf 98' lang='grc'>2.</span> <span class='ocrx_word' id='word_1_246' title='bbox 1742 3538 2005 3585; x_wconf 74' lang='lat' dir='ltr'>Sedet-acce</span> <span class='ocrx_word' id='word_1_247' title='bbox 2010 3534 2207 3601; x_wconf 80' lang='lat' dir='ltr'>fraude</span> <span class='ocrx_word' id='word_1_248' title='bbox 2224 3533 2471 3588; x_wconf 71' lang='lat' dir='ltr'>Laeoe&#39;noe.</span> <span class='ocrx_word' id='word_1_249' title='bbox 2491 3536 2619 3587; x_wconf 88' lang='lat' dir='ltr'>Dei-</span> 
     </span>
     <span class='ocr_line' id='line_1_52' title="bbox 1588 3612 2618 3705; baseline 0.003 -40"><span class='ocrx_word' id='word_1_250' title='bbox 1588 3613 1800 3705; x_wconf 84' lang='lat' dir='ltr'>phobus</span> <span class='ocrx_word' id='word_1_251' title='bbox 1847 3612 1995 3685; x_wconf 85' lang='lat' dir='ltr'>apud</span> <span class='ocrx_word' id='word_1_252' title='bbox 2039 3614 2363 3686; x_wconf 84' lang='lat' dir='ltr'>Virgilium,</span> <span class='ocrx_word' id='word_1_253' title='bbox 2398 3634 2459 3667; x_wconf 80' lang='lat' dir='ltr'>ex</span> <span class='ocrx_word' id='word_1_254' title='bbox 2508 3634 2618 3687; x_wconf 90' lang='lat' dir='ltr'>quo</span> 
     </span>
     <span class='ocr_line' id='line_1_53' title="bbox 1590 3692 2613 3763; baseline 0.003 -19"><span class='ocrx_word' id='word_1_255' title='bbox 1590 3692 1758 3763; x_wconf 78' lang='lat' dir='ltr'>ipsius</span> <span class='ocrx_word' id='word_1_256' title='bbox 1768 3692 2090 3763; x_wconf 81' lang='lat' dir='ltr'>epitaphium</span> <span class='ocrx_word' id='word_1_257' title='bbox 2105 3692 2309 3746; x_wconf 83' lang='lat' dir='ltr'>effinxit</span> <span class='ocrx_word' id='word_1_258' title='bbox 2322 3694 2613 3747; x_wconf 78' lang='lat' dir='ltr'>Ausonius:</span> 
     </span>
     <span class='ocr_line' id='line_1_54' title="bbox 1588 3770 2617 3839; baseline 0 -14"><span class='ocrx_word' id='word_1_259' title='bbox 1588 3770 1727 3825; x_wconf 74' lang='lat' dir='ltr'>«sed</span> <span class='ocrx_word' id='word_1_260' title='bbox 1748 3788 1833 3823; x_wconf 87' lang='lat' dir='ltr'>me</span> <span class='ocrx_word' id='word_1_261' title='bbox 1854 3771 1959 3824; x_wconf 84' lang='lat' dir='ltr'>fata</span> <span class='ocrx_word' id='word_1_262' title='bbox 1978 3790 2095 3827; x_wconf 77' lang='lat' dir='ltr'>mea</span> <span class='ocrx_word' id='word_1_263' title='bbox 2110 3813 2127 3839; x_wconf 88' lang='lat'>,</span> <span class='ocrx_word' id='word_1_264' title='bbox 2146 3784 2197 3824; x_wconf 89' lang='lat' dir='ltr'>et</span> <span class='ocrx_word' id='word_1_265' title='bbox 2212 3774 2389 3827; x_wconf 83' lang='lat' dir='ltr'>scelus</span> <span class='ocrx_word' id='word_1_266' title='bbox 2405 3774 2617 3829; x_wconf 76' lang='lat' dir='ltr'>exitiale</span> 
     </span>
    </p>
   </div>
   <div class='ocr_carea' id='block_1_11' title="bbox 471 3848 2459 3916">
    <p class='ocr_par' dir='ltr' id='par_1_17' title="bbox 471 3848 2459 3916">
     <span class='ocr_line' id='line_1_55' title="bbox 471 3848 2459 3916; baseline 0.002 -15"><span class='ocrx_word' id='word_1_267' title='bbox 471 3851 626 3903; x_wconf 81' lang='lat' dir='ltr'>tertio</span> <span class='ocrx_word' id='word_1_268' title='bbox 676 3848 914 3914; x_wconf 88' lang='lat' dir='ltr'>decimo,</span> <span class='ocrx_word' id='word_1_269' title='bbox 963 3850 1205 3903; x_wconf 82' lang='lat' dir='ltr'>Menelao</span> <span class='ocrx_word' id='word_1_270' title='bbox 1257 3850 1493 3904; x_wconf 75' lang='lat' dir='ltr'>effractis</span> <span class='ocrx_word' id='word_1_271' title='bbox 1580 3851 1848 3916; x_wconf 62' lang='lat' dir='ltr'>Laeana,</span> <span class='ocrx_word' id='word_1_272' title='bbox 1874 3850 1967 3905; x_wconf 72' lang='lat' dir='ltr'>His</span> <span class='ocrx_word' id='word_1_273' title='bbox 1994 3870 2221 3904; x_wconf 77' lang='lat' dir='ltr'>mersere</span> <span class='ocrx_word' id='word_1_274' title='bbox 2246 3852 2459 3905; x_wconf 70' lang='lat' dir='ltr'>malis».</span> 
     </span>
    </p>
   </div>
   <div class='ocr_carea' id='block_1_12' title="bbox 465 3927 1497 4154">
    <p class='ocr_par' dir='ltr' id='par_1_18' title="bbox 465 3927 1497 4154">
     <span class='ocr_line' id='line_1_56' title="bbox 469 3927 1490 4004; baseline 0 -21"><span class='ocrx_word' id='word_1_275' title='bbox 469 3932 672 3983; x_wconf 80' lang='lat' dir='ltr'>foribus</span> <span class='ocrx_word' id='word_1_276' title='bbox 705 3930 758 3980; x_wconf 91' lang='lat' dir='ltr'>iu</span> <span class='ocrx_word' id='word_1_277' title='bbox 791 3927 1057 4004; x_wconf 86' lang='lat' dir='ltr'>Deiphobi</span> <span class='ocrx_word' id='word_1_278' title='bbox 1085 3928 1376 3983; x_wconf 82' lang='lat' dir='ltr'>thalamum</span> <span class='ocrx_word' id='word_1_279' title='bbox 1405 3930 1490 3983; x_wconf 90' lang='lat' dir='ltr'>in·</span> 
     </span>
     <span class='ocr_line' id='line_1_57' title="bbox 469 4006 1497 4077; baseline 0.002 -18"><span class='ocrx_word' id='word_1_280' title='bbox 469 4027 648 4077; x_wconf 77' lang='lat' dir='ltr'>gresso</span> <span class='ocrx_word' id='word_1_281' title='bbox 666 4047 681 4072; x_wconf 90' lang='lat'>,</span> <span class='ocrx_word' id='word_1_282' title='bbox 703 4006 962 4059; x_wconf 80' lang='lat' dir='ltr'>Helenam</span> <span class='ocrx_word' id='word_1_283' title='bbox 988 4008 1227 4062; x_wconf 87' lang='lat' dir='ltr'>celeriter</span> <span class='ocrx_word' id='word_1_284' title='bbox 1253 4027 1282 4061; x_wconf 88' lang='lat' dir='ltr'>e</span> <span class='ocrx_word' id='word_1_285' title='bbox 1307 4008 1464 4061; x_wconf 88' lang='lat' dir='ltr'>thoro</span> <span class='ocrx_word' id='word_1_286' title='bbox 1480 4046 1497 4069; x_wconf 90' lang='lat'>,</span> 
     </span>
     <span class='ocr_line' id='line_1_58' title="bbox 465 4084 1497 4154; baseline 0.003 -17"><span class='ocrx_word' id='word_1_287' title='bbox 465 4087 556 4138; x_wconf 86' lang='lat' dir='ltr'>ubi</span> <span class='ocrx_word' id='word_1_288' title='bbox 576 4106 700 4140; x_wconf 86' lang='lat' dir='ltr'>cum</span> <span class='ocrx_word' id='word_1_289' title='bbox 725 4086 836 4139; x_wconf 84' lang='lat' dir='ltr'>viro</span> <span class='ocrx_word' id='word_1_290' title='bbox 859 4084 1173 4153; x_wconf 84' lang='lat' dir='ltr'>dormiebat,</span> <span class='ocrx_word' id='word_1_291' title='bbox 1187 4084 1465 4140; x_wconf 81' lang='lat' dir='ltr'>desiluisse</span> <span class='ocrx_word' id='word_1_292' title='bbox 1481 4128 1497 4154; x_wconf 92' lang='lat'>,</span> 
     </span>
    </p>
   </div>
   <div class='ocr_carea' id='block_1_13' title="bbox 1587 3932 2611 4163">
    <p class='ocr_par' dir='ltr' id='par_1_19' title="bbox 1587 3932 2611 4163">
     <span class='ocr_line' id='line_1_59' title="bbox 1664 3932 2611 4004; baseline 0.002 -21"><span class='ocrx_word' id='word_1_293' title='bbox 1664 3949 1709 3983; x_wconf 79' lang='lat'>2.</span> <span class='ocrx_word' id='word_1_294' title='bbox 1734 3935 1797 3981; x_wconf 76' lang='lat' dir='ltr'>Ee</span> <span class='ocrx_word' id='word_1_295' title='bbox 1814 3932 2088 3999; x_wconf 64' lang='lat' dir='ltr'>defit-mato</span> <span class='ocrx_word' id='word_1_296' title='bbox 2108 3952 2328 3999; x_wconf 77' lang='lat' dir='ltr'>corpore.</span> <span class='ocrx_word' id='word_1_297' title='bbox 2355 3932 2611 4004; x_wconf 73' lang='lat' dir='ltr'>Virgilius</span> 
     </span>
     <span class='ocr_line' id='line_1_60' title="bbox 1587 4008 2607 4082; baseline 0 -19"><span class='ocrx_word' id='word_1_298' title='bbox 1587 4008 1655 4063; x_wconf 91' lang='lat' dir='ltr'>de</span> <span class='ocrx_word' id='word_1_299' title='bbox 1670 4010 1840 4063; x_wconf 81' lang='lat' dir='ltr'>AEnea</span> <span class='ocrx_word' id='word_1_300' title='bbox 1858 4008 2001 4082; x_wconf 86' lang='lat' dir='ltr'>apud</span> <span class='ocrx_word' id='word_1_301' title='bbox 2024 4010 2223 4064; x_wconf 74' lang='lat' dir='ltr'>inferos</span> <span class='ocrx_word' id='word_1_302' title='bbox 2235 4050 2252 4076; x_wconf 91' lang='lat'>,</span> <span class='ocrx_word' id='word_1_303' title='bbox 2270 4010 2327 4063; x_wconf 84' lang='lat' dir='ltr'>in</span> <span class='ocrx_word' id='word_1_304' title='bbox 2339 4011 2419 4062; x_wconf 87' lang='lat' dir='ltr'>VI</span> <span class='ocrx_word' id='word_1_305' title='bbox 2431 4012 2607 4063; x_wconf 82' lang='lat' dir='ltr'>AEnei-</span> 
     </span>
     <span class='ocr_line' id='line_1_61' title="bbox 1587 4086 2611 4163; baseline 0.001 -22"><span class='ocrx_word' id='word_1_306' title='bbox 1587 4086 1711 4155; x_wconf 81' lang='lat' dir='ltr'>dos,</span> <span class='ocrx_word' id='word_1_307' title='bbox 1739 4096 1843 4159; x_wconf 71' lang='lat'>494</span> <span class='ocrx_word' id='word_1_308' title='bbox 1868 4107 1885 4143; x_wconf 74' lang='grc' dir='ltr'><strong><em>ε</em></strong></span> <span class='ocrx_word' id='word_1_309' title='bbox 1911 4090 2124 4163; x_wconf 66' lang='lat' dir='ltr'>«Atque</span> <span class='ocrx_word' id='word_1_310' title='bbox 2164 4090 2253 4143; x_wconf 89' lang='lat' dir='ltr'>hic</span> <span class='ocrx_word' id='word_1_311' title='bbox 2300 4089 2611 4143; x_wconf 67' lang='lat' dir='ltr'>Pri-widem</span> 
     </span>
    </p>
   </div>
   <div class='ocr_carea' id='block_1_14' title="bbox 2912 1266 2932 2473">
    <p class='ocr_par' dir='ltr' id='par_1_20' title="bbox 2912 1266 2932 2473">
     <span class='ocr_line' id='line_1_62' title="bbox 2912 1266 2932 2473; baseline 0 0"><span class='ocrx_word' id='word_1_312' title='bbox 2912 1266 2932 2473; x_wconf 95' lang='lat' dir='ltr'> </span> 
     </span>
    </p>
   </div>
  </div>
 </body>
</html>
