2975 4684
525 373 664 458 482
1068 371 1677 442 HOMERISTAE
1738 375 2123 462 LATINI,

526 503 678 586 Quo
707 503 904 567 istum
935 502 1203 566 Homeri
1231 502 1633 589 exprimebat
1659 503 1839 570 Iliad.
1866 495 2116 587 ΙΙτὸμὸν
2143 515 2401 588 βιὸρόοοις
2424 521 2656 592 Πρίαμον,

519 621 761 690 Πριάμοιο
789 638 844 671 τι
873 612 1086 678 παῖδας.
1115 607 1404 670 Pisinnos
1435 623 1655 672 autem
1686 633 1809 698 pro
1838 611 2057 675 liberis
2090 611 2272 678 dixit.
2306 614 2485 679 Idem
2516 615 2661 681 Per-

520 717 595 779 sii
640 716 1012 780 scholiastes
1052 712 1135 779 ad
1189 714 1463 778 alterum
1508 716 1727 780 locum
1770 717 2039 782 adnotat
2071 741 2086 782 :
2132 749 2157 774 ιι
2183 720 2407 784 Actius
2448 722 2657 787 Labeo

517 821 783 886 Iliadem
811 820 1080 883 Homeri
1101 819 1394 882 versibus
1419 818 1771 885 foedissime
1792 824 2219 912 composuit».
2249 824 2657 914 Quamquam

519 928 718 1016 igitur
748 950 784 990 a
813 925 1105 1015 Satyrico
1135 925 1404 1013 ejusque
1431 927 1773 993 scholiaste
1809 929 1953 994 Ilias
1983 930 2150 994 Actii
2179 930 2281 994 vel
2311 933 2467 995 Attii
2496 932 2657 996 foede

520 1032 926 1113 describitur,
959 1048 1025 1095 et
1057 1047 1401 1120 propterea
1429 1031 1955 1123 Lindenbrogius
1988 1034 2072 1099 ad
2104 1035 2261 1101 Stat.
2290 1037 2497 1101 Theb.
2534 1038 2655 1118 VI,

526 1163 647 1203 120
663 1187 680 1220 ,
712 1138 1056 1226 Epitomen
1088 1135 1301 1201 Iliadis
1320 1186 1338 1219 ,
1363 1161 1559 1226 quam
1588 1162 1710 1203 nos
1734 1139 2169 1230 proponimus
2186 1189 2204 1224 ,
2229 1164 2363 1206 non
2389 1142 2658 1230 ineptio-

515 1269 652 1310 rem
684 1245 1019 1326 Labeone,
1045 1244 1334 1333 quamvis
1369 1246 1795 1310 recentiorem
1813 1295 1832 1329 ,
1860 1263 2081 1336 putat,
2111 1264 2284 1312 recte
2317 1265 2537 1312 tamen
2566 1249 2658 1329 ju-

512 1351 684 1416 dicat
697 1351 909 1414 Barth.
934 1350 1016 1414 ad
1030 1351 1184 1414 Stat.
1206 1350 1250 1414 l.
1268 1351 1509 1414 c.·male
1531 1351 1795 1424 Iliadem
1818 1353 2135 1418 Labeonis
2162 1377 2197 1418 e
2215 1355 2655 1443 Satyricorum

510 1473 863 1522 scommate
907 1456 1208 1520 aestimari
1226 1505 1244 1538 ,
1297 1479 1514 1545 neque
1536 1507 1553 1540 ,
1592 1457 1776 1547 quod
1827 1460 1930 1522 isti
1977 1482 2055 1523 ex
2109 1461 2335 1524 altiore
2381 1463 2659 1550 antiqui·

512 1580 641 1628 tate
658 1564 1031 1650 vituperent
1049 1611 1068 1645 ,
1087 1561 1153 1625 id
1179 1563 1501 1627 continuo
1522 1562 1764 1628 foedum
1786 1587 1945 1630 esse.
1966 1565 2104 1654 Ego
2128 1566 2393 1653 quidem
2412 1565 2657 1631 Labeo-

507 1691 655 1733 nem
681 1669 881 1732 istum
906 1691 1040 1731 non
1066 1667 1346 1732 Neronis
1371 1684 1437 1731 et
1459 1669 1661 1732 Persii
1689 1685 1979 1757 tempore
2003 1671 2234 1735 vixisse
2251 1720 2269 1752 ,
2288 1687 2365 1734 ut
2386 1671 2655 1759 quidam

504 1775 890 1854 existimant,
912 1772 1024 1837 sed
1050 1773 1436 1862 antiquioris
1465 1775 1674 1838 multo
1703 1775 1905 1838 aetatis
1933 1797 2070 1839 esse
2098 1776 2415 1858 arbitror,
2443 1800 2657 1866 eoque

505 1905 540 1946 a
568 1879 791 1944 Persio
822 1880 1096 1942 maxime
1126 1878 1212 1942 ob
1236 1893 1493 1942 vetusta
1522 1895 1587 1942 et
1614 1878 1903 1944 obsoleta
1928 1879 2239 1944 vocabula
2268 1899 2334 1945 et
2358 1905 2655 1970 asperam

506 1987 854 2052 dictionem
893 1985 1362 2075 reprehensum
1397 2007 1567 2068 esse,
1596 1985 1937 2074 quomodo
1984 2003 2049 2050 et
2098 1987 2165 2051 in
2212 1989 2349 2051 aliis
2383 1991 2653 2056 vetustis

505 2095 714 2183 poetis
752 2092 925 2156 fecit.
967 2094 1286 2156 Caeterum
1322 2090 1826 2180 distinguendus
1862 2092 1968 2156 hic
2005 2093 2229 2156 Actius
2266 2093 2479 2158 Labeo
2516 2119 2652 2159 non

503 2200 717 2264 solum
764 2222 798 2262 a
841 2197 1192 2261 vetustiore
1227 2195 1455 2278 Accio,
1481 2195 1970 2286 Tragoediarum
2020 2199 2369 2286 scriptore,
2410 2200 2527 2264 sed
2572 2201 2654 2265 ab

501 2305 781 2370 Antistio
828 2302 1165 2382 Labeone,
1197 2302 1430 2367 celebri
1479 2303 1971 2385 Jureconsulto,
2009 2305 2123 2391 qui
2157 2306 2437 2394 Augusti
2482 2322 2652 2371 tem-

504 2411 772 2503 poribus
797 2411 974 2473 vixit.
1009 2411 1106 2474 De
1140 2432 1274 2496 quo
1301 2407 1430 2473 vid.
1459 2411 1501 2473 l.
1535 2432 1569 2470 2
1590 2457 1607 2491 ,
1644 2415 1677 2490 §
1709 2413 1815 2498 47,
1847 2408 1918 2474 ff.
1947 2409 2027 2474 de
2057 2411 2233 2500 Orig.
2262 2413 2451 2476 Juris.

589 2581 702 2645 VI.
738 2579 1043 2659 Ovidius,
1076 2579 1191 2666 qui
1225 2579 1440 2666 Elegia
1485 2579 1714 2642 ultima
1752 2579 1902 2642 libri
1942 2580 2033 2642 IV
2064 2579 2271 2668 Epist.
2313 2603 2389 2644 ex
2431 2581 2648 2647 Ponto

503 2704 726 2778 poetas
758 2688 876 2750 aevi
907 2686 1009 2748 sui
1041 2701 1546 2764 commemorat,
1580 2687 1797 2774 plures
1844 2686 1910 2749 in
1956 2684 2059 2749 his
2101 2687 2463 2751 nominavit
2482 2736 2499 2768 ,
2530 2689 2649 2776 qui

502 2795 743 2859 bellum
777 2791 1130 2871 Trojanum
1163 2808 1278 2855 aut
1309 2791 1557 2855 fabulas
1595 2793 1971 2856 Homericas
2009 2793 2403 2856 carminibus
2440 2817 2647 2881 expo·

503 2916 798 2965 suerunt.
847 2899 924 2962 In
971 2897 1074 2961 his
1121 2919 1250 2986 proe
1281 2898 1531 2962 caeteris
1564 2899 1809 2960 eminet
1844 2897 2083 2977 Macer,
2124 2898 2211 2961 ob
2243 2897 2373 2962 hoc
2405 2898 2649 2964 Iliacus

501 3017 766 3065 vocatus
813 2999 894 3062 ab
936 2996 1173 3061 Ovidio
1215 2998 1256 3061 l.
1294 3021 1350 3061 c.
1381 3021 1440 3062 v.
1478 2999 1549 3079 6,
1585 3020 1786 3085 quem
1814 2998 1955 3062 Nic.
1992 2999 2295 3062 Heinsius
2328 2998 2411 3062 ad
2448 3000 2641 3064 ovid.

505 3107 546 3170 l.
599 3129 655 3170 c.
706 3104 946 3193 duplex
989 3125 1221 3191 poema
1265 3102 1627 3167 obsidionis
1654 3103 1978 3185 Trojanae,
2014 3104 2184 3187 sive,
2214 3115 2302 3168 'ut
2346 3105 2643 3193 Heynius

501 3213 582 3275 V.
613 3215 684 3276 C.
717 3212 1011 3276 Excursu
1045 3208 1075 3274 I
1109 3209 1192 3274 ad
1222 3211 1332 3274 lib.
1367 3211 1432 3274 11
1455 3209 1607 3275 AEn.
1642 3234 1709 3298 p.
1749 3212 1875 3276 226
1906 3213 2106 3301 magis
2151 3211 2403 3296 definit,
2441 3215 2644 3278 Ante·

501 3317 830 3382 homerica
868 3332 932 3379 et
967 3316 1454 3380 Posthomerica
1492 3316 1819 3402 scripsisse
1860 3316 1967 3381 ait.
2002 3317 2501 3384 Antehomerica
2542 3336 2640 3382 te-

503 3441 708 3490 statur
739 3422 1010 3487 Ovidius
1031 3471 1048 3504 ,
1077 3426 1218 3487 Am.
1253 3421 1365 3486 lib.
1398 3423 1494 3504 11,
1532 3419 1644 3504 18,
1677 3445 1703 3486 1
1733 3445 1748 3485 :

777 3581 1006 3635 Carmen
1033 3579 1102 3632 ad
1128 3579 1320 3632 iratum
1351 3577 1480 3632 dum
1510 3591 1567 3630 tu
1590 3577 1837 3650 perducis
1857 3580 2115 3635 Achillem
2137 3618 2153 3645 ,

919 3668 1197 3740 Primaque
1218 3667 1402 3739 juratis
1425 3667 1605 3720 induis
1631 3687 1781 3720 arma
1806 3667 1966 3730 vitiu

777 3759 888 3812 Nos
906 3797 922 3824 ,
945 3757 1147 3819 Macer,
1175 3755 1379 3827 ignavo
1397 3757 1621 3810 Veneris
1642 3775 1906 3812 cessamus
1930 3757 1984 3809 in
2012 3759 2215 3812 umbra.

495 3913 658 3978 Nam
682 3913 858 3976 exiis
880 3911 1092 3976 verbis
1116 3911 1354 3999 liquet,
1383 3934 1642 3976 carmen
1666 3910 1826 3976 illud
1853 3893 2056 4002 egisse
2079 3911 2162 3977 de
2186 3913 2627 3993 conjuratione

493 4019 866 4082 Graecorum
903 4015 1207 4081 adversus
1236 4016 1497 4097 Trojam
1517 4065 1535 4098 ,
1581 4033 1647 4082 et
1679 4016 1759 4081 de
1794 4017 1987 4083 rebus
2032 4017 2114 4082 ad
2141 4017 2399 4099 Trojam
2440 4019 2626 4108 gestis

493 4144 701 4209 usque
728 4122 811 4185 ad
841 4123 1003 4186 iram
1027 4123 1327 4202 Achillis,
1352 4121 1434 4186 de
1461 4145 1592 4209 qua
1621 4125 1891 4188 Homeri
1922 4125 2091 4189 Ilias.
2127 4125 2211 4188 Et
2240 4121 2467 4190 eadem
2494 4125 2627 4188 Ele·
