2975 4684
880 402 1305 477 CARMEN
1366 408 1501 477 AD
1561 403 2041 477 PISONEM.

2389 404 2522 503 267

490 530 575 597 Et
618 529 801 596 Deus
841 526 1021 597 ultor
1054 528 1277 615 abest3
1315 544 1620 624 superest
1647 530 1945 599 animosa
1988 528 2328 615 voluntas,

490 640 775 733 Ipsaque
814 640 1035 709 nescio
1068 640 1233 735 quid
1264 661 1454 710 mens
1486 639 1916 710 excellentius
1952 641 2177 711 audet.
2455 669 2528 711 ιι·

490 752 591 817 Tu
626 750 813 819 nanti
856 750 1185 844 protende
1220 772 1533 837 manum3
1565 766 1638 830 tu
1664 805 1682 835 ‚
1717 752 1916 837 Piso,
1945 750 2256 821 latentem

488 864 779 930 Exsere:
820 884 945 930 nos
976 858 1251 932 humilis
1285 862 1526 932 domus
1544 915 1563 948 ‚
1595 874 1663 931 et
1698 863 1955 931 sincera
1989 875 2380 957 parentum,

488 974 621 1044 Sed
652 973 872 1045 tenuis
916 974 1188 1046 fortuna
1218 1002 1338 1047 sua
1374 976 1666 1073 caligine
1703 976 1893 1045 celat.
2336 994 2344 1001 ·

487 1087 847 1156 Possumus
882 1086 1211 1181 impositis
1248 1103 1454 1183 caput
1487 1110 1854 1157 exonerare
1891 1088 2218 1173 tenebris,

388 1321 627 1358 meorum
668 1304 862 1356 iuveni.
895 1334 965 1344 -—
1008 1308 1074 1355 Ee
1106 1310 1240 1357 Deus
1280 1308 1412 1357 ultor

383 1386 537 1435 abest.
566 1380 794 1437 Videtur
826 1380 1077 1437 Nemesin
1114 1382 1409 1457 intelligere

381 1466 691 1535 ὑπερφίαλοις
713 1466 1013 1527 ἀντίπαλον,
1038 1474 1100 1515 ut
1122 1474 1199 1517 est
1222 1462 1276 1513 in
1306 1458 1409 1535 epi-

382 1554 673 1614 grammate
712 1544 910 1597 Theaet.
958 1544 1071 1598 Nec
1118 1544 1290 1597 obstat
1320 1562 1407 1615 ge—

383 1639 514 1675 nus:
543 1641 667 1675 nam
690 1634 743 1676 et
762 1622 917 1695 Vir-g.
944 1624 1017 1677 ita
1036 1622 1288 1697 loquutus
1313 1634 1409 1689 est,

382 1712 435 1754 et
468 1703 639 1755 Graeci
674 1709 780 1759 θιοῦ
816 1704 1221 1776 appellationem
1259 1720 1407 1757 com-

381 1801 597 1836 munem
618 1784 839 1838 faciunt.
857 1782 1056 1839 Βιιει.
1083 1791 1225 1839 Ultor
1238 1790 1371 1837 Deus
1384 1822 1399 1843 ,

380 1875 649 1934 tamquam
671 1864 955 1937 proverbio
972 1906 989 1932 ‚
1024 1864 1246 1929 dicitur,
1265 1864 1407 1939 quis·

379 1942 501 2015 quis
546 1942 636 1995 ine
674 1944 763 1997 sit.
804 1941 1003 1997 Seneca
1023 1983 1039 2009 ,
1082 1944 1240 1999 Herc.
1292 1942 1398 2002 fur.

382 2022 521 2077 385:
564 2022 859 2095 «Sequitur
904 2026 1159 2097 superbos
1192 2024 1334 2078 ultor
1371 2044 1402 2078 a

378 2112 524 2175 tergo
564 2106 706 2156 Deus
724 2129 763 2154 ιο.
802 2102 961 2157 ovid.
996 2100 1212 2158 Metam.
1250 2102 1402 2168 XIV,

380 2182 485 2249 750
509 2200 522 2234 ε
566 2208 588 2228 ι
616 2192 667 2235 et
682 2183 795 2253 jam
820 2180 962 2237 Deus
985 2184 1127 2238 ultor
1149 2185 1336 2255 agebat
1356 2210 1401 2237 n.

376 2258 575 2312 Tibull.
597 2261 624 2313 1
638 2302 656 2329 ,
676 2262 739 2328 8,
762 2280 829 2332 7²
853 2278 869 2314 ε
898 2290 923 2309 ι-
947 2262 1163 2318 Nescius
1181 2264 1406 2317 ultorem

378 2351 497 2410 post
521 2354 682 2411 caput
717 2360 831 2394 esse
860 2342 1033 2397 Deum
1053 2370 1097 2397 a.
1126 2340 1331 2397 Tamen
1355 2357 1408 2398 et

377 2424 551 2472 ultores
578 2426 707 2473 Deos
735 2422 974 2476 nominat
1008 2422 1247 2497 Propert.
1274 2421 1358 2476 ΠΙ
1380 2466 1397 2491 ,

381 2520 466 2563 20,
491 2520 553 2552 υ
570 2538 587 2563 ,
613 2518 811 2573 eosque
832 2520 865 2554 a
888 2502 1101 2555 Nemesi
1124 2502 1401 2575 distinguit

376 2578 535 2632 ovid.
568 2580 784 2633 Metam.
820 2580 974 2646 XIV,
1012 2582 1154 2651 693:
1200 2608 1225 2627 α
1244 2582 1401 2637 Ulto-

376 2676 563 2731 resque
588 2654 759 2723 Deos,
793 2672 843 2711 et
872 2670 1085 2733 pectora
1115 2658 1249 2714 dura
1286 2682 1399 2735 per-

376 2756 519 2789 osam
558 2737 760 2792 Idalien
780 2781 796 2806 ‚
838 2754 1235 2811 memoremque
1278 2740 1402 2794 time

374 2814 749 2871 Rhamnusidis
770 2816 905 2871 itam
920 2844 1039 2870 ».—
1054 2820 1279 2887 Superest
1292 2826 1405 2873 ani·

375 2913 511 2949 mosa
529 2902 783 2949 voluntas.
797 2896 883 2950 Sic
904 2894 1063 2951 ovid.
1092 2898 1243 2952 Rem.
1279 2901 1398 2953 Am.

378 2976 476 3045 39²
522 2973 591 3029 de
634 2994 689 3030 se
740 2976 975 3049 loquitur
1020 2976 1088 3030 ad
1136 2976 1355 3033 livorem
1383 2999 1396 3032 ε

374 3079 398 3098 ··
422 3054 595 3107 vivam
638 3055 824 3121 modo;
861 3052 1017 3128 plura
1061 3056 1301 3112 dolebis:
1333 3054 1401 3111 Et

372 3132 585 3204 capiunt
604 3134 765 3189 animi
784 3134 1021 3189 earmina
1044 3137 1206 3189 multa
1233 3136 1395 3190 mei».

445 3220 561 3277 240.
588 3218 805 3283 Ipsaque
841 3218 1008 3268 nescio
1044 3219 1179 3285 quid.
1206 3214 1399 3271 Simili-

370 3304 452 3346 ter
488 3293 650 3348 Ovid.
690 3296 817 3350 Her.
858 3296 965 3349 ΧΠ
1006 3308 1134 3352 extr.
1162 3296 1397 3351 «Nescio

369 3372 502 3444 quid
532 3386 677 3427 certe
702 3394 849 3429 mens
878 3394 993 3431 mea
1024 3378 1196 3450 majus
1220 3377 1330 3449 agit
1350 3404 1392 3429 ι».

442 3456 563 3515 ²41.
586 3456 657 3505 Tu
682 3460 843 3508 nanti.
868 3454 948 3510 cl.
964 3456 1246 3510 Santenius
1264 3474 1397 3528 proe-

370 3532 473 3584 fert
498 3536 733 3589 Audenti.
760 3534 909 3589 Idem
933 3538 1198 3591 referebat
1219 3552 1251 3589 a
1276 3536 1395 3591 viro

367 3608 525 3665 docto
560 3612 632 3665 ad
669 3614 816 3668 hunc
852 3616 1027 3670 locum
1054 3629 1293 3671 notatum
1326 3620 1395 3669 Ίὶι

368 3693 489 3743 nati.
530 3724 600 3733 —-
638 3692 740 3749 Hic
760 3696 1025 3768 Lagonius
1047 3714 1061 3747 :
1088 3724 1114 3743 α
1138 3700 1245 3751 Cur
1268 3716 1395 3751 vero

367 3774 544 3822 nand?
562 3772 643 3824 An
670 3774 762 3846 qui
786 3788 894 3842 nat,
915 3778 1069 3830 etiam
1087 3776 1247 3829 latet?
1263 3774 1364 3831 vel
1380 3820 1395 3844 ,

365 3869 429 3901 au
454 3852 545 3923 qui
572 3864 693 3917 nat,
730 3872 936 3928 semper
960 3874 1119 3909 manu
1150 3869 1395 3928 protensa

364 3928 513 4001 eget?
550 3931 645 3985 MS
686 3934 867 3987 Chart.
908 3940 1025 3987 naei-
1046 3936 1392 3989 Verissimum

364 4010 570 4063 videtur
612 4016 740 4065 vati.
776 4020 845 4064 Tu
885 4019 993 4067 vati
1016 4020 1255 4085 protende
1288 4035 1395 4067 ma-

366 4110 499 4143 num.
538 4092 714 4165 Atque
750 4093 937 4148 eodem
967 4096 1129 4148 modo
1160 4095 1389 4167 primum

363 4168 662 4243 Goettingae
686 4172 887 4227 editum
906 4172 1013 4227 vidi
1032 4192 1064 4227 a
1083 4174 1387 4229 Burmanno

1497 1304 1732 1359 secundo
1755 1302 1824 1359 ud
1847 1304 2086 1376 Propert.
2111 1303 2138 1355 Ι
2159 1341 2174 1367 ,
2197 1306 2231 1357 6
2246 1341 2262 1368 ,
2285 1304 2374 1369 25,
2404 1322 2526 1377 pag.

1498 1388 1567 1440 66
1584 1403 1601 1449 ;
1617 1386 1794 1441 nescio
1815 1396 1996 1439 utrum
2020 1404 2050 1437 e
2070 1382 2266 1457 scripto
2286 1380 2442 1451 libro,
2461 1402 2530 1439 an

1498 1485 1559 1520 ex
1583 1468 1902 1541 conjectura.
1924 1464 2028 1521 Sed
2049 1466 2184 1519 nihil
2207 1463 2284 1518 ibi
2312 1476 2492 1519 monet
2509 1506 2525 1531 ,

1499 1557 1558 1599 ut
1586 1546 1798 1601 variata
1829 1546 2102 1621 scripturo
2127 1546 2387 1599 rationem
2411 1544 2528 1599 red·

1504 1624 1613 1679 dat.
1648 1630 1728 1678 An
1755 1625 1914 1699 igitur
1947 1626 2080 1679 forte
2109 1625 2312 1679 editum
2340 1626 2407 1678 ab
2430 1626 2528 1678 ali·

1496 1724 1608 1777 quo
1637 1704 1940 1779 repererat?
1985 1703 2136 1758 Idem
2181 1702 2520 1759 Burmannus

1496 1784 1684 1836 eodem
1722 1783 1844 1838 loco
1871 1787 2104 1839 tentabat
2117 1787 2389 1853 jacentem.
2412 1784 2524 1837 Cur

1497 1861 1658 1917 vero?
1684 1882 1862 1919 annon
1907 1862 2032 1919 satis
2073 1866 2290 1937 proprie
2327 1862 2525 1917 dicitur

1488 1958 1716 1996 exserere
1736 1950 2003 1997 latentem?
2023 1955 2075 1997 et
2096 1946 2264 1995 exseri
2267 1946 2520 2013 jacentem

1490 2022 1730 2095 nuspiam
1755 2024 1857 2097 legi
1877 2051 1918 2077 n.
1944 2024 2049 2077 En.
2073 2054 2142 2063 —
2163 2026 2232 2074 Tu
2251 2024 2396 2073 nanti
2408 2042 2525 2091 pro-

1495 2106 1642 2155 tende
1660 2121 1878 2165 manum,
1907 2104 1944 2157 i.
1966 2122 2017 2157 e.
2045 2102 2302 2156 laboranti
2325 2101 2525 2175 pericli-

1497 2183 1626 2235 tanti
1649 2198 1802 2253 opem
1831 2184 1931 2237 ser.
1969 2180 2185 2255 Proprie
2220 2180 2289 2234 de
2321 2180 2526 2234 naufra-

1496 2264 1597 2336 gis,
1619 2262 1813 2334 quibus
1831 2263 1970 2317 litori
1993 2261 2312 2345 adimentibus
2333 2278 2523 2314 manus

1495 2340 1807 2414 porrigitur,
1833 2353 1994 2416 eaput
2025 2343 2182 2396 etiam
2221 2356 2381 2394 manu
2413 2340 2522 2394 ele-

1487 2432 1664 2474 vatur.
1676 2424 1794 2487 Qua
1815 2422 2045 2495 imagine
2062 2420 2343 2493 aliquoties
2353 2420 2523 2473 utitur

1487 2498 1746 2568 Ovidius,
1779 2514 1838 2554 ut
1853 2500 2016 2556 Trist.
2035 2503 2108 2567 V,
2130 2520 2185 2571 9,
2217 2518 2301 2571 17,
2331 2526 2358 2546 α
2378 2501 2521 2554 Nau-

1490 2580 1828 2655 fragiumque
1849 2598 2027 2634 meum
2043 2583 2252 2633 tumulo
2270 2578 2520 2653 spectarit

1493 2660 1560 2711 ab
1586 2662 1694 2712 alto
1711 2702 1726 2727 ,
1751 2662 1863 2714 Nec
1889 2658 2095 2714 dederit
2121 2660 2267 2712 nanti
2297 2677 2392 2731 per
2413 2659 2516 2713 fre-

1494 2751 1546 2792 ta
1570 2760 1706 2794 saeva
1739 2758 1960 2795 manum
1981 2758 2040 2804 »ς
2082 2752 2132 2795 et
2163 2758 2224 2793 ex
2249 2740 2403 2793 Pont.
2425 2738 2482 2791 n
2503 2776 2518 2799 ,

1493 2826 1526 2873 6
1544 2859 1558 2883 ,
1605 2823 1700 2875 13:
1746 2848 1767 2867 ι
1791 2820 2010 2875 Brachia
2049 2820 2120 2874 da
2165 2820 2304 2872 lasso
2335 2818 2510 2890 potius

1489 2898 1798 2973 prendenda
1819 2900 2041 2962 natanti,
2059 2900 2168 2953 Nec
2189 2900 2520 2970 pigeat'men·

1492 2989 1546 3034 to
1563 2978 1896 3053 supposuisse
1915 2998 2130 3033 manum
2147 3005 2186 3031 a.
2343 2991 2350 3000 ·

1571 3067 1692 3122 262.
1719 3064 1788 3112 Ee
1807 3064 2000 3113 sincera
2019 3072 2295 3128 parentum.
2323 3054 2387 3109 In
2411 3054 2518 3108 Lu-

1487 3140 1608 3194 cani
1634 3140 1920 3213 exemplari
1941 3139 2274 3193 bibliothecae
2295 3138 2516 3192 Leiden-

1484 3220 1586 3288 εἰσ,
1624 3218 1842 3293 Lipsius
1871 3234 1965 3274 sua
1989 3235 2151 3272 manu
2175 3228 2442 3272 notaverat
2465 3232 2520 3268 as

1486 3304 1696 3355 sincera.

1560 3380 1676 3447 ²43·
1696 3386 1795 3432 Sua
1829 3384 2049 3451 caligine
2077 3384 2236 3442 celae,
2269 3381 2510 3452 ignotum

1484 3471 1536 3513 et
1562 3461 1738 3513 minus
1765 3461 2101 3532 spectabilem
2129 3458 2266 3513 facit.
2287 3458 2509 3518 Statius,

1482 3538 1608 3595 silv.
1625 3540 1699 3607 V,
1727 3544 1790 3593 16
1811 3578 1826 3604 ,
1859 3540 1989 3594 dicit
2011 3566 2033 3587 ι
2054 3540 2357 3595 Obscurum
2385 3555 2512 3610 pro-

1484 3620 1595 3673 avis
1613 3658 1628 3683 ,
1654 3633 1707 3673 et
1733 3621 1924 3692 priscae
1947 3620 2080 3674 lucis
2104 3620 2345 3691 egentem
2361 3656 2376 3683 ,
2397 3618 2512 3671 Ple·

1483 3698 1601 3751 beia
1627 3698 1696 3751 de
1719 3699 1882 3772 stirpe
1907 3724 1947 3752 ιν.

1558 3782 1674 3843 ²44·
1703 3782 1958 3831 Possumus
1977 3782 2226 3846 impositis.
2247 3776 2334 3830 Sic
2353 3777 2501 3847 Virg.

1488 3856 1685 3927 Georg.
1706 3858 1789 3909 111
1811 3896 1825 3921 ,
1859 3875 1924 3926 9:
1961 3884 1984 3904 ι
2011 3856 2256 3911 tentanda
2291 3857 2371 3908 via
2400 3867 2507 3919 est,

1480 3954 1588 4008 qua
1613 3956 1700 3989 me
1717 3954 1931 4008 quoque
1955 3937 2146 4008 possim
2171 3936 2380 3988 Tollere
2405 3935 2504 3987 hu-

1484 4034 1572 4069 mo
1599 4042 1643 4069 ».
1684 4048 1752 4055 --
1780 4020 1932 4086 Caput
1962 4036 2236 4069 esonemre
2261 4016 2464 4069 tenebris
2483 4053 2500 4077 ‚

1480 4098 1517 4148 i.
1547 4117 1594 4151 e.
1619 4096 1886 4169 deponere
1905 4096 2278 4150 obscuritatem
2293 4135 2308 4159 ‚
2327 4096 2498 4167 depel-

1476 4176 1588 4229 lere
1614 4176 1918 4242 obstacula‚
1955 4194 2074 4249 qum
2103 4176 2298 4230 famam
2323 4176 2494 4247 impe-
