2975 4684
477 334 616 409 366

1035 340 1541 409 EPISTOLA
1602 338 2035 410 DIDONIS

563 462 836 531 Infusus
873 484 992 556 per
1031 462 1327 530 membra
1362 486 1586 556 sopor,
1623 464 1968 557 noctisque
2002 463 2373 533 ministram

565 572 899 645 Ruricolis
931 574 1048 643 dat
1083 598 1344 669 semper
1378 600 1576 671 opem
1604 602 1621 643 t
1656 598 1797 645 sua
1832 575 2057 646 taedia
2084 574 2281 647 solus

564 683 851 757 Fallere
890 689 1116 754 nescit
1143 708 1359 755 amor
1379 712 1400 753 .·
1442 700 1759 781 reparant
1795 710 1913 755 sua
1950 682 2147 755 litora
2182 688 2373 780 ponti

565 800 916 868 Successus
952 810 1103 889 post
1139 795 1386 867 damna
1421 822 1611 881 sum,
1642 797 2077 891 perituraque
2116 795 2361 867 ludunt

561 912 988 976 Incrementa
1022 906 1226 975 maris
1257 906 1486 995 dubii}
1532 908 1704 1003 regit
1747 932 2016 1001 aequora
2056 908 2299 978 fluctus
2554 944 2607 981 70

565 1019 715 1087 Lite
755 1042 909 1103 sua,
941 1016 1330 1110 vicibusque
1367 1018 1540 1104 suis,
1570 1016 1756 1111 quod
1798 1017 2089 1111 deperit,
2116 1032 2334 1112 auget.

561 1128 824 1204 Officiis
865 1141 1102 1195 natura
1139 1142 1371 1217 vacat:
1406 1151 1546 1197 sua
1580 1127 1804 1197 taedia
1835 1125 2031 1197 solus

571 1236 854 1309 Fallere
889 1242 1113 1307 nescit
1139 1261 1387 1307 amor:
1427 1238 1777 1333 gemmatis
1819 1236 2077 1306 roscida
2096 1238 2296 1305 Vesvi

469 1462 612 1507 brata
641 1456 801 1523 quies,
831 1471 932 1505 nec
953 1450 1176 1505 aliter''in
1197 1451 1316 1506 cod.
1337 1453 1486 1507 Leid.

465 1534 560 1589 sed
597 1535 651 1587 in
677 1532 913 1603 margine
943 1550 973 1583 a
1007 1550 1172 1585 manu
1195 1534 1489 1587 recentiore

467 1618 616 1669 Novit
650 1627 820 1683 grata.
863 1611 1068 1665 Passim
1115 1612 1262 1686 apud
1307 1625 1488 1685 poetas

467 1700 609 1747 labor
631 1705 684 1747 et
710 1696 845 1762 quies
869 1692 1132 1746 alternare
1153 1694 1293 1747 vices
1315 1692 1490 1749 homi-

465 1794 592 1827 num
615 1773 1020 1840 laboriosorum,
1037 1786 1090 1826 et
1107 1792 1322 1827 somnus
1340 1775 1489 1847 operi

467 1876 556 1911 eos
569 1872 816 1927 reparare
827 1852 1042 1907 dicitur.
1057 1854 1308 1926 Apposite
1323 1855 1484 1909 ovid.

467 1937 680 1989 Metam.
717 1934 827 1999 XI,
875 1933 1052 2001 62⁵‚·
1037 1953 1092 1986 ιιι
1133 1933 1486 2007 descriptione

463 2016 650 2071 Somni
665 2033 678 2066 ε
699 2040 722 2060 u
744 2015 938 2068 Somne
951 2050 966 2075 ,
987 2013 1336 2084 quiesi-erum
1348 2054 1365 2081 ‚
1380 2014 1486 2085 plu·

464 2094 748 2159 cidissime‚
765 2094 980 2159 Somne,
996 2092 1228 2145 Deorum
1238 2133 1252 2158 ‚
1264 2092 1372 2145 Pax
1387 2094 1493 2145 sni·

463 2175 574 2239 mi,
614 2190 774 2245 quem
817 2190 946 2224 cura
982 2170 1150 2241 fugit,
1192 2170 1286 2241 qui
1327 2170 1493 2224 corda

463 2251 668 2304 diurnis
710 2250 865 2303 Fessa
915 2248 1216 2302 ministeriis
1259 2250 1487 2315 mulces,

465 2348 792 2401 reparasque
812 2328 980 2380 labori
1003 2353 1042 2379 ι».
1075 2327 1141 2379 Et
1161 2340 1348 2380 auctor
1367 2328 1487 2381 Ele-

463 2409 560 2479 giae
597 2409 654 2459 in
693 2406 822 2459 obit.
857 2405 1078 2457 Maecen.
1112 2424 1166 2455 v.
1189 2423 1290 2475 99:
1327 2408 1487 2458 «Lux

463 2500 568 2548 est,
599 2499 782 2539 taurus
809 2494 957 2544 παις
995 2500 1100 2535 nox
1135 2496 1214 2535 est
1231 2523 1248 2547 ,
1284 2485 1488 2555 requie·

461 2566 564 2620 scit
591 2576 764 2617 arator
781 2588 822 2615 n.
841 2563 1036 2615 Βυιιιι.

533 2648 622 2697 66.
651 2645 918 2710 Noctisque
939 2642 1231 2695 ministram.
1255 2644 1484 2694 Minima

463 2724 589 2797 legit
608 2720 1025 2793 Oudendorpius
1045 2760 1060 2787 ,
1101 2723 1236 2788 quies
1263 2740 1482 2793 nempe,

461 2806 544 2858 vel
553 2807 786 2863 minister,
799 2820 956 2873 sopor
971 2800 1089 2853 :sed
1101 2819 1208 2853 non
1222 2800 1482 2873 inelegan-

460 2897 541 2937 ter
576 2901 739 2955 sopor
769 2880 964 2935 dicitur
991 2879 1118 2934 dare
1151 2883 1306 2931 nocu's
1345 2902 1480 2951 opem

460 2968 732 3017 ministram
755 2962 1046 3034 adjective3
1075 2972 1134 3013 ut
1157 2964 1340 3011 dea-tra
1371 2982 1482 3014 sen·

460 3066 541 3097 sus
565 3048 788 3097 ministra
813 3040 970 3096 Ovid.
997 3041 1164 3113 Epist.
1191 3058 1330 3095 xvm
1349 3081 1366 3108 ,
1391 3048 1454 3104 24
1471 3082 1488 3107 ,

459 3140 512 3179 et
551 3127 739 3177 lumina
777 3122 1010 3191 proposiu‘
1045 3124 1268 3173 ministra
1317 3121 1481 3193 Epist.

459 3224 582 3268 xxx,
618 3210 739 3266 114,
761 3212 814 3254 et
841 3200 981 3254 alibi.
1004 3201 1188 3253 Bonis.

531 3284 616 3337 68.
645 3286 896 3348 Repetam
939 3299 1032 3331 sua
1075 3282 1220 3332 litora
1239 3316 1256 3339 ‚
1281 3276 1338 3331 id
1366 3291 1444 3331 est
1459 3319 1476 3345 ,

457 3362 608 3415 litora
675 3357 1028 3412 defluentibus
1073 3355 1230 3409 undis
1278 3355 1477 3411 nudate

455 3440 713 3495 redeunte
766 3436 904 3489 mari
954 3453 1138 3489 rursus
1187 3435 1474 3506 complent.

457 3519 716 3593 Loquitur
743 3516 810 3569 de
835 3526 961 3569 aestu
998 3515 1156 3567 maris
1187 3514 1479 3585 reciproco.

530 3618 614 3671 7⁰·
642 3599 785 3666 Regii
821 3612 1024 3663 aequora
1050 3597 1256 3663 fluctu.
1293 3594 1478 3647 Malim

437 3683 620 3751 fluxus
658 3691 709 3731 et
749 3674 942 3731 deinde
977 3678 1082 3741 lege
1115 3694 1208 3725 sua
1245 3692 1344 3768 pro
1378 3676 1478 3727 tite.

457 3760 573 3814 Hoc
593 3760 736 3813 enim
763 3755 931 3829 poscit
964 3772 1120 3826 praec.
1146 3756 1300 3823 regit,
1330 3754 1476 3825 quod

455 3850 528 3913 τῷ
550 3842 634 3892 lite
651 3857 761 3891 non
784 3847 964 3908 aptum
987 3846 1096 3898 est,
1119 3845 1170 3887 et
1197 3832 1478 3905 descriptio

456 3920 630 3973 fluxus
647 3918 982 3987 refluxusque
1001 3914 1160 3967 maris
1173 3932 1366 3985 ‚quam
1384 3912 1479 3969 dat

454 3996 810 4057 Claudianus,
831 3997 910 4048 VI
949 3996 1109 4050 Cons-
1149 3994 1289 4048 Hon.
1338 3996 1471 4062 496:

454 4105 478 4123 «-
497 4080 660 4131 certis-
679 4078 775 4129 ubi
797 4076 998 4147 legibus
1042 4074 1246 4129 advena
1271 4074 1474 4128 Nereus

1579 1456 1785 1507 AEstust
1805 1491 1843 1519 „
1866 1464 1919 1507 et
1960 1470 2157 1525 pronas
2200 1472 2413 1527 puppes
2458 1473 2605 1509 nunc

1576 1552 1731 1587 amne
1756 1532 1993 1587 secundo
2010 1570 2027 1597 ,
2052 1532 2209 1585 Nunc
2238 1531 2496 1587 redeunte
2516 1554 2605 1589 ve-

1578 1613 1659 1666 hit
1673 1631 1687 1665 :
1702 1612 2010 1685 nudataque
2031 1612 2185 1665 litora
2198 1610 2362 1665 fluctu
2377 1615 2605 1683 Deserit,

1576 1692 1777 1746 Oceani
1806 1691 2081 1745 lunaribus
2108 1692 2295 1743 aemula
2326 1689 2543 1745 damnis
2556 1718 2603 1745 ιι.

1650 1762 1930 1843 72.0fficiis
1966 1785 2145 1824 namra
2179 1786 2353 1823 vacat.
2392 1771 2601 1843 Higtius

1576 1852 1928 1905 concinnabat
1942 1892 1956 1917 ‚
1980 1850 2163 1923 «quod
2188 1850 2389 1921 deperit
2406 1892 2423 1918 ,
2446 1864 2604 1923 auget

1574 1931 1777 1986 Officiis
1806 1944 1993 1984 natura
2022 1949 2279 1985 vacans».

1644 2012 1735 2082 73.
1781 2012 2046 2063 Gemmatt's
2084 2012 2282 2061 roscida
2324 2014 2375 2060 V
2368 2012 2483 2061 emt
2519 2008 2602 2081 Ita

1578 2102 1721 2143 recte
1735 2130 1751 2154 ‚
1768 2090 1853 2143 vel
1886 2093 2029 2143 ἴοι-ὁὶ
2040 2128 2057 2151 ,
2078 2106 2167 2141 me
2190 2087 2497 2141 emendasse
2516 2106 2601 2141 ar-

1578 2169 1746 2222 bitror
1782 2188 1844 2223 ex
1870 2169 2097 2241 vestigiis
2132 2167 2441 2222 Salmasiani
2459 2204 2475 2229 ,
2508 2168 2601 2219 Di-

1580 2248 1723 2301 vion.
1770 2260 1822 2301 et
1862 2246 2013 2301 Leid.
2056 2246 2251 2301 codicis
2268 2284 2287 2312 ,
2310 2246 2367 2299 in
2408 2246 2602 2317 quibus

1578 2331 1709 2379 visui
1719 2328 1803 2379 vel
1818 2330 1961 2381 vesvi
1974 2327 2265 2398 legebatur.
2284 2327 2439 2397 Agris
2460 2326 2601 2379 enim

1576 2405 1940 2459 amoenissimis
1982 2407 2116 2459 viret
2164 2405 2251 2459 hic
2298 2406 2601 2477 Campaniae

1576 2502 1728 2537 mons
1764 2484 2059 2547 Vesuvius3
2096 2484 2201 2537 vid.
2238 2482 2471 2537 Martial.
2500 2485 2597 2537 lib.

1574 2564 1678 2628 IV,
1700 2582 1802 2636 ⁴ep.
1850 2571 1953 2629 44,
1992 2564 2085 2617 ubi
2132 2564 2197 2617 in.
2232 2564 2365 2617 MSS
2396 2568 2597 2615 Vesbius

1573 2643 1656 2695 vel
1704 2646 1902 2695 Vesvius
1958 2642 2239 2707 scribitur,
2288 2654 2347 2697 ut
2402 2644 2597 2715 passim

1570 2722 1741 2794 poetis
1766 2723 1994 2794 antiquis
2018 2720 2232 2775 dicitur.
2260 2723 2448 2775 Buut.
2482 2724 2597 2795 Ego

1571 2819 1701 2855 vero
1721 2802 2039 2873 persuadere
2058 2802 2191 2855 mihi
2211 2820 2321 2855 non
2346 2820 2565 2873 possum
2580 2843 2596 2867 ‚

1571 2881 1825 2935 Vesvium
1852 2881 1955 2935 hoc
1978 2881 2096 2935 loco
2124 2900 2223 2953 pro
2250 2882 2437 2953 quovis
2468 2900 2596 2953 agro

1572 2978 1653 3013 sm
1660 2961 1928 3014 oenissimo
1940 2960 2289 3021 nominatum,
2305 2980 2467 3031 quem
2480 2980 2598 3032 pro-

1571 3042 1751 3095 verbio
1778 3042 1849 3094 ita
1872 3052 2187 3113 usurpatum
2210 3041 2279 3093 ab
2297 3040 2413 3093 aliis
2427 3042 2596 3111 poetis

1572 3140 1683 3173 non
1722 3121 1969 3187 memini,
2004 3138 2179 3192 neque
2210 3130 2395 3174 auctor
2430 3119 2597 3192 hujus

1463 3236 1468 3239 -
1570 3200 1821 3255 carminis
1840 3238 1855 3263 ,
1884 3200 2127 3271 quamvis
2163 3199 2385 3253 minime
2419 3201 2595 3253 bonus

1568 3292 1759 3353 poeta,
1794 3292 1903 3332 tam
1946 3280 2155 3351 ineptus
2192 3290 2371 3333 tamen
2408 3290 2460 3333 et
2494 3280 2595 3332 im·

1565 3357 1798 3431 prudens
1820 3358 1983 3411 homo
2010 3358 2383 3413 existimandus
2405 3359 2513 3427 est),
2536 3370 2595 3410 ut

1566 3436 1833 3492 Didonem
1846 3436 1901 3489 in
1920 3438 2139 3510 epistola
2157 3437 2591 3491 dicatVesuvium

1566 3517 1783 3572 laudare
1806 3555 1822 3580 ,
1864 3536 1982 3589 qum
2020 3538 2119 3573 nec
2158 3517 2401 3583 Italiam,
2430 3536 2592 3590 quam

1567 3599 1759 3651 AEneas
1785 3598 2056 3669 querebat
2074 3636 2091 3660 ‚
2122 3609 2365 3657 noverat.
2406 3598 2593 3670 Itaque

1566 3676 1625 3731 iu
1645 3675 1890 3731 codicum
1914 3677 2171 3748 scriptura
2190 3676 2407 3750 quidvis
2430 3674 2592 3739 aliud,

1566 3775 1729 3829 quam
1769 3758 1995 3811 Vesvius
2016 3796 2033 3822 ,
2080 3756 2428 3829 quarendum
2491 3768 2589 3809 est.

1565 3836 1712 3901 Quin
1733 3836 1911 3908 ipsum
1928 3834 2063 3891 illud
2082 3836 2371 3891 retinemus
2398 3846 2451 3889 et
2470 3854 2593 3907 pro-

1565 3915 1780 3981 bemus,
1824 3914 1971 3988 quod
2014 3916 2279 3987 scriptura
2313 3916 2506 3978 offert,
2539 3926 2591 3967 et

1564 3996 1787 4066 legimus
1808 4000 2007 4049 roscida
2026 3998 2141 4049 visu
2166 3997 2251 4049 vel
2270 3998 2403 4049 visui
2413 4010 2583 4063 prata,

1562 4074 1619 4128 h.
1654 4094 1697 4129 e.
1738 4094 1855 4145 quae
1894 4074 2092 4129 videnti
2130 4074 2337 4130 roscida
2376 4086 2427 4129 et
2466 4094 2588 4128 rore
