2975 4684
523 315 662 387 360

1087 314 1590 386 EPISTOLA
1657 318 2085 389 DIDONIS

611 442 883 535 Sopitus
919 463 1038 533 per
1075 438 1377 511 membra
1411 438 1614 529 calor,
1651 439 1953 536 duroque
1990 440 2315 519 medullas
2608 475 2663 500 ²·-

615 556 780 645 Igne
816 564 1008 619 vorat
1040 576 1053 618 :
1093 548 1321 619 nullus
1356 549 1732 621 confessum
1765 550 1994 646 culpet
2028 534 2381 622 amantem.

612 660 1047 733 Connubium
1089 674 1253 729 tunc
1292 660 1545 731 crimen
1582 676 1756 749 erat;
1796 659 1969 733 male
2005 659 2277 733 credula
2310 666 2483 734 votis

617 777 881 844 Cuncta
917 767 1101 841 dedi:
1137 796 1259 841 nec
1297 772 1467 841 mira
1504 770 1667 841 fides
1704 772 1827 841 sub
1863 770 2009 868 lege
2041 772 2299 861 mariti,

615 884 826 977 Cujus
858 898 926 951 et
965 883 1111 977 ipsa
1143 880 1271 969 fui3
1311 906 1681 977 numquam
1718 906 1842 951 nec
1874 882 2143 952 conscia
2179 880 2462 951 reddent

615 996 792 1063 Vota
830 990 1066 1079 fidem,
1102 992 1158 1061 si
1195 990 1346 1061 talis
1385 992 1515 1061 erit
1550 1016 1689 1059 non
1722 990 1927 1087 digna
1963 992 2223 1061 marito.
2610 1013 2660 1049 2⁵

617 1108 810 1173 Hanc
848 1102 1104 1191 reddis„
1132 1102 1456 1197 Trojane‚
1485 1102 1743 1173 vicem?
1773 1127 1963 1172 meus
2000 1103 2121 1172 ista
2154 1116 2451 1171 meretur

618 1210 985 1283 Adfectus?
1015 1236 1154 1281 non
1191 1210 1304 1281 ille
1338 1226 1558 1300 torus,
1602 1237 1741 1282 non
1774 1214 2039 1295 conscia
2076 1210 2229 1281 lecti

619 1326 1043 1392 Sacramenta
1081 1322 1351 1392 tenent?
1384 1336 1601 1392 totum
1633 1346 1758 1417 pro
1796 1324 2075 1393 crimine
2108 1320 2331 1417 perdi,

621 1424 972 1526 Quidquid
1009 1455 1240 1501 amore
1269 1430 1473 1502 dedi?
1499 1431 1653 1501 fatis
1686 1430 1873 1518 licet,
1904 1432 2244 1528 improbe,
2276 1431 2513 1501 tendas

621 1539 888 1611 AEmula
923 1566 1130 1636 regna
1164 1542 1365 1630 meiS,
1400 1540 1570 1611 nihil
1604 1556 1705 1612 est
1728 1542 1947 1637 quod,
1975 1541 2260 1637 perfide,
2280 1542 2529 1635 jactes:
2612 1562 2667 1599 ³0

525 1750 680 1799 AEtna
698 1744 912 1801 flamma
925 1764 980 1811 »ς
1004 1748 1098 1801 ubi
1117 1746 1174 1801 in
1197 1746 1380 1801 codice
1397 1748 1547 1819 regio

531 1837 582 1880 et
604 1825 721 1879 aliis
739 1824 870 1880 MSS
880 1827 1064 1894 furem
1072 1830 1310 1897 flamma.
1329 1828 1510 1881 Bou.

599 1926 628 1958 ι
639 1925 660 1959 1
671 1946 684 1959 .
705 1912 937 1973 Dumque
951 1912 1193 1959 medellas
1214 1913 1344 1976 Igne
1359 1922 1511 1959 vorat
1526 1928 1544 1957 .·

527 1986 603 2039 sic
633 1984 946 2056 legendum:
991 2004 1118 2039 nam
1153 1986 1292 2038 male
1327 1984 1546 2039 Salmas.

529 2062 677 2117 Leid.
705 2075 757 2117 et
775 2063 986 2118 Divion.
997 2066 1162 2133 sorae.
1183 2065 1406 2132 Seneca,
1423 2063 1550 2135 Hip-

526 2144 696 2215 polyt.
721 2143 852 2196 282:
882 2168 906 2189 ι
925 2141 1027 2197 Sed
1051 2158 1200 2197 vorat
1219 2154 1378 2196 tectas
1401 2142 1551 2214 peni-

530 2233 615 2274 tus
637 2219 895 2275 medullas
913 2247 962 2273 a».
982 2221 1134 2293 Virg.
1166 2224 1289 2275 AEn.
1322 2221 1421 2285 IV,
1451 2222 1552 2287 66,

531 2298 598 2352 de
622 2300 724 2353 hac
753 2300 865 2371 ipsa
884 2299 1126 2363 Didone,
1153 2304 1337 2354 AEneae
1369 2318 1553 2354 amore

529 2378 704 2432 saucia
729 2397 744 2431 ε
782 2404 806 2423 ιι
821 2390 900 2432 est
921 2378 1094 2434 mollis
1115 2378 1325 2432 flamma
1350 2376 1553 2432 medul-

531 2458 607 2511 las
645 2458 882 2524 Interea,
927 2468 981 2510 et
1013 2458 1236 2511 tacitum
1282 2458 1416 2511 vivit
1451 2459 1553 2511 sub

527 2548 742 2609 pectore
771 2537 966 2590 vulnus
987 2562 1028 2589 -.
1063 2537 1266 2591 Vitiose
1301 2536 1460 2591 etiam
1494 2537 1552 2589 in

526 2615 715 2669 iisdem
765 2614 974 2669 schedis
1023 2618 1277 2687 confessus
1315 2638 1334 2669 .·
1383 2616 1553 2669 scribe

531 2696 806 2763 emesenum
816 2730 835 2755 ,
871 2695 963 2748 ‘vel
1009 2695 1182 2767 potius
1227 2697 1505 2766 confessam
1530 2716 1549 2746 .-

530 2774 730 2847 passim
775 2772 918 2845 apud
963 2786 1144 2845 poetas
1190 2774 1340 2828 fassis
1374 2792 1553 2827 aman-

533 2854 674 2907 tibus
730 2852 1059 2925 parcendum
1103 2854 1353 2907 occurrit.
1411 2852 1555 2905 Hero

531 2932 678 3006 apud
711 2930 866 2984 ovid.
895 2931 1065 3005 Epist.
1103 2932 1233 2985 XIX
1255 2973 1271 2999 ,
1307 2938 1376 2996 6:
1427 2958 1452 2978 α
1473 2933 1554 2985 Da

531 3012 737 3067 veniam
760 3010 934 3079 fasso,
957 3030 1066 3065 non
1092 3011 1352 3084 patienter
1369 3028 1490 3064 amo
1513 3035 1555 3063 a».

533 3090 884 3162 Demophoon
905 3090 1050 3164 apud
1073 3092 1330 3144 Sabinum
1345 3128 1362 3155 ,
1384 3090 1553 3163 Epist.

535 3170 591 3220 11
610 3212 626 3234 ,
648 3176 712 3239 47
736 3186 750 3222 :
790 3196 814 3215 a
835 3172 1057 3242 Ignosce
1075 3182 1128 3224 et
1149 3170 1323 3233 fass03
1355 3186 1559 3223 memor

534 3266 588 3300 es
607 3247 872 3301 Minoidos
889 3248 1023 3321 ipse,
1041 3251 1301 3320 Antiquus
1317 3247 1561 3301 noudum

535 3338 744 3399 pectore
763 3328 915 3381 cessit
941 3346 1091 3381 amor
1106 3346 1162 3392 ις
1183 3340 1234 3381 et
1259 3328 1384 3381 alibi
1407 3346 1557 3401 sape.

537 3400 747 3459 Euan-⁶

608 3503 691 3537 22.
716 3488 854 3537 Male
870 3489 1071 3537 credula
1095 3488 1224 3538 vocis
1254 3490 1441 3538 Cuncta
1466 3490 1557 3537 de-

539 3568 618 3624 di,
645 3564 750 3617 boc
770 3574 849 3616 est
863 3604 878 3629 ,
899 3563 1204 3635 nuptiarum
1225 3576 1278 3618 et
1303 3564 1557 3617 connubii

538 3661 726 3697 caussa
751 3642 932 3696 omnia
961 3642 1062 3695 feci
1093 3656 1146 3695 et
1169 3642 1391 3697 credidi.
1433 3650 1560 3693 Vota

541 3722 681 3775 enim
714 3722 817 3775 hoc
845 3722 964 3776 loco
995 3720 1248 3775 videntur
1270 3741 1334 3775 ex
1357 3740 1458 3775 usu
1482 3740 1561 3775 se-

539 3800 740 3873 quioris
787 3812 843 3853 et
883 3799 1242 3855 ecclesiasticas
1288 3801 1563 3853 latinitatis

541 3899 638 3951 pro
666 3880 994 3953 sponsalibus
1018 3880 1106 3933 vel
1131 3879 1329 3953 nuptiis
1357 3881 1503 3951 poni.

617 3960 696 4011 23.
730 3965 834 4011 Nec
875 3962 999 4012 mit‘a
1017 3962 1133 4030 fide
1161 3958 1406 4033 quoedam
1437 3958 1560 4012 edd.

543 4036 823 4109 legendum
859 4051 988 4111 puto
1011 4042 1146 4110 fides
1169 4060 1187 4089 .·
1227 4058 1328 4093 nec
1369 4040 1563 4092 mirum

1634 1746 1801 1801 videri
1818 1759 2021 1820 potest,
2048 1746 2089 1799 si
2116 1746 2212 1799 tibi
2230 1756 2425 1799 cuncta
2441 1740 2671 1809 credidi,

1634 1825 1759 1898 quia
1780 1844 1844 1879 ea
1863 1825 1976 1897 lege
2001 1824 2264 1887 concessi,
2287 1834 2349 1876 ut
2374 1822 2518 1875 fores
2546 1840 2661 1875 ma·

1634 1903 1780 1957 ritus.
1806 1904 1893 1957 Sic
1910 1904 2070 1957 etiam
2089 1902 2318 1976 Higtius.

1709 1984 1793 2036 26.
1829 1988 1968 2035 Meus
2004 1984 2101 2034 ista
2134 1996 2342 2035 mercem·
2382 1981 2626 2048 Adfectus
2641 1989 2671 2031 ,ν’

1636 2061 1709 2115 sic
1738 2062 1873 2115 bene
1894 2060 2100 2115 scheda
2123 2061 2339 2115 Divion.
2375 2063 2464 2111 1⁰8oe
2490 2058 2665 2111 Salm.

1638 2154 1690 2194 et
1705 2140 1859 2194 Leid-
1881 2139 1999 2194 cod.
2020 2140 2211 2193 Bmut.

1713 2221 1798 2274 28.
1817 2225 2137 2273 Sacramenta
2158 2233 2341 2271 tenent.
2384 2218 2667 2289 Perperam

1640 2299 1799 2354 Salm.
1817 2312 1873 2353 et
1891 2297 2039 2353 Leid.
2060 2313 2206 2351 tenet.
2228 2297 2448 2352 Divion.
2475 2310 2669 2354 tenent,

1640 2378 1734 2431 sed
1755 2379 1812 2432 in
1834 2380 2028 2451 quibus
2046 2378 2231 2431 vitiose
2252 2381 2382 2429 chori
2404 2396 2506 2449 pro
2532 2379 2667 2427 lecti.

1640 2458 1830 2511 Bmut.
1864 2457 2193 2512 sacramenti
2221 2476 2321 2510 vox
2350 2456 2513 2509 etiam
2530 2453 2675 2507 vide-

1638 2547 1729 2589 tur
1745 2536 1849 2590 hoe
1875 2536 1994 2589 loco
2018 2556 2049 2588 e
2076 2536 2331 2589 latinitate
2349 2534 2671 2589 ecclesiasti-

1640 2632 1701 2669 ca
1722 2614 1791 2668 ad
1824 2616 2135 2689 conjug-ium
2173 2616 2377 2668 tralata.
2408 2614 2497 2668 Sic
2519 2632 2671 2667 usur-

1638 2693 1781 2765 pavit
1810 2694 2106 2749 Martianus
2135 2694 2386 2767 Capella,
2420 2693 2489 2747 de
2501 2694 2672 2764 Nupt.

1641 2772 1833 2826 Philol.
1854 2772 1942 2826 lib.
1962 2774 2188 2847 11‚'pag.
2212 2777 2276 2829 28
2300 2792 2315 2827 ε
2340 2774 2520 2826 «Ecce
2544 2785 2674 2824 ante

1642 2851 1781 2905 fores
1818 2851 2039 2925 quidam
2079 2852 2249 2907 dulcis
2290 2870 2451 2905 sonus
2496 2850 2677 2903 multi-

1644 2929 1767 2982 fidis
1801 2931 2140 2986 suavitatibus
2178 2932 2484 2996 suscitatur,
2509 2946 2675 3000 quem

1644 3010 1922 3063 Musarum
1984 3010 2409 3065 convenientium
2479 3008 2676 3061 chorus

1644 3089 1955 3162 impendens
1976 3090 2304 3164 nuptialibus
2329 3086 2677 3143 sacramentis

1646 3170 1959 3223 concinebat
1984 3196 2026 3221 π.
2068 3169 2379 3234 Petronius,
2414 3185 2534 3238 cap.
2578 3166 2674 3227 80,

1646 3264 2006 3313 sacramentnm
2032 3250 2261 3299 amicicia·
2278 3246 2490 3301 dixit.—
2510 3250 2679 3297 Totum

1642 3348 1733 3395 pm
1764 3330 1966 3380 crimine
1990 3330 2160 3396 perdi,
2188 3338 2289 3381 etc.
2312 3326 2369 3379 h,
2396 3344 2442 3377 e.
2476 3342 2679 3395 ergone

1646 3404 1907 3479 quidquid
1942 3424 2121 3459 amore
2161 3404 2397 3477 legitimo
2432 3413 2682 3475 permota

1646 3482 1799 3552 dedi,
1819 3484 2085 3548 concessi,
2119 3482 2223 3537 feci
2238 3522 2254 3545 ‚
2273 3480 2330 3535 id
2353 3491 2533 3535 totum
2556 3500 2684 3553 per-

1645 3562 1817 3630 detur,
1830 3576 2099 3635 tamquam
2119 3562 2321 3616 crimen
2340 3560 2687 3614 admiserim?

1646 3642 1855 3715 Higtius
1888 3642 2096 3715 legebat
2128 3656 2275 3694 cotum
2303 3660 2399 3711 pro
2421 3646 2443 3690 Ι
2476 3642 2687 3691 σνίωὺισ

1644 3726 1821 3791 perdo.

1724 3802 1807 3855 30.
1848 3804 2044 3852 Tendas
2086 3803 2285 3852 AEmula
2328 3816 2489 3865 regna
2534 3800 2681 3849 meis.

1652 3882 1717 3934 In
1741 3880 2048 3934 Divionens.
2080 3882 2286 3930 Romula
2301 3918 2317 3939 ,
2360 3874 2457 3929 sed
2478 3881 2683 3928 AErnula

1651 3980 1808 4031 regna
1826 3963 1943 4011 meis
1962 3958 2175 4030 pratuli
2194 3975 2256 4009 ex
2277 3955 2433 4010 Salm.
2458 3966 2509 4007 et
2530 3954 2681 4008 Leid.

1652 4058 1760 4110 quo
1778 4038 1918 4091 enim
1940 4036 2090 4090 aliter
2104 4037 2366 4089 referetur
2380 4037 2499 4086 meis
2510 4042 2537 4083 θ
2554 4052 2684 4087 nam
