2975 4684
727 376 1196 445 EPITOME
1259 374 1690 443 ILIADOS
1754 376 2185 443 HOMERI.

2392 374 2528 473 527

483 501 568 568 Et
607 513 836 593 petere
872 498 1115 569 Iliacos
1151 500 1480 569 instructo
1514 496 1725 568 milite
1754 522 2029 594 campos
2055 530 2107 570 n.

548 610 801 707 ‘Dixin
833 626 903 680 et
930 610 1050 679 has
1080 612 1358 707 repetit,
1384 634 1509 704 per
1535 634 1703 705 quas
1735 609 1937 679 modo
1975 627 2281 701 venerat,
2312 638 2529 685 auras.

485 728 754 794 Interea
795 720 1014 791 lucem
1058 724 1258 791 terris
1295 720 1478 791 dedit
1522 722 1719 815 ignea
1752 720 2052 816 lampas3

486 835 833 903 Convocat
870 834 1194 903 attonitus
1229 833 1432 928 jussis
1467 830 1821 926 Pelopeius
1858 832 2057 903 heros
2464 862 2539 899 130

489 948 568 1014 In
605 958 850 1013 coetum
891 968 1234 1038 proceres»,
1269 966 1547 1036 remque
1583 943 1903 1015 omnibus
1939 942 2175 1015 ordine
2206 948 2460 1042 pandit.

488 1055 736 1125 Cuncti
776 1055 1185 1149 promittunt
1219 1055 1430 1123 socias
1471 1055 1545 1122 iu
1592 1052 1816 1149 praelia
1854 1054 2028 1124 vires
2049 1108 2069 1141 ,

481 1170 992 1261 Hortanturque
1029 1166 1266 1237 ducem
1297 1191 1314 1235 ε
1352 1188 1644 1259 quorum
1682 1190 1803 1235 rex
1844 1164 2044 1235 fortia
2078 1166 2274 1237 dictis

488 1281 770 1353 Pectora
807 1276 1149 1348 collaudat
1171 1331 1192 1365 ‚
1225 1292 1446 1372 grates
1482 1277 1623 1371 agit
1664 1276 1979 1346 omnibus
2014 1300 2257 1371 aequas..

487 1388 621 1457 Hic
660 1401 806 1457 tum
847 1388 1217 1475 Thersites,
1255 1412 1392 1483 quo
1427 1412 1569 1456 non
1610 1385 1983 1463 deformior
2012 1385 2181 1458 alter
2466 1412 2539 1451 1³⁵

490 1499 789 1566 Venerat
825 1497 908 1566 ad
935 1498 1208 1593 Trojam
1229 1551 1249 1584 ,
1286 1495 1651 1593 linguaque
1688 1500 2067 1592 protervior
2106 1498 2295 1587 alter,

489 1605 668 1677 Bella
704 1607 998 1702 gerenda
1033 1623 1267 1704 negat,
1303 1609 1691 1705 patriasque
1723 1608 2037 1677 hortatur
2074 1610 2159 1679 ad
2195 1636 2346 1681 oras

487 1720 768 1787 Vertere
801 1720 928 1789 iter
959 1746 976 1787 τ
1015 1744 1212 1813 quem
1253 1718 1551 1789 consiliis
1585 1718 1859 1789 illustris
1893 1720 2163 1815 Ulysses

490 1832 896 1925 Correptum
941 1828 1138 1899 dictis
1175 1845 1442 1925 sceptro
1485 1830 1811 1923 percussit
1846 1830 2128 1902 eburn0.

577 1942 772 2009 Tunc
814 1965 969 2008 vero
1006 1940 1292 2009 ardescit
1330 1940 1673 2035 conceptis
1712 1938 1939 2009 litibus
1974 1942 2106 2031 ira;
2467 1972 2542 2015 ..i-0

490 2050 624 2117 Vix
662 2046 812 2119 telis
853 2075 1130 2120 caruere
1165 2075 1442 2135 manuS,
1482 2048 1569 2119 ad
1600 2050 1817 2119 sidera
1852 2049 2103 2122 clamor

489 2158 800 2247 Tollitur,
836 2175 903 2229 et
928 2174 1218 2237 ,cunctos
1253 2148 1609 2256 pugnandi
1646 2160 1928 2256 corripit
1969 2162 2189 2232 ardor.

489 2270 789 2341 Tandem
829 2268 1088 2341 solertis
1132 2271 1493 2366 prudentia
1530 2270 1837 2344 Nestoris
1872 2296 2011 2342 aevo

399 2484 490 2549 13,
503 2502 581 2538 vs.
603 2492 694 2548 14:
714 2511 740 2531 α
755 2484 908 2537 Miles
923 2494 976 2537 et
988 2484 1266 2539 armiferas
1279 2494 1425 2555 aptat

395 2563 466 2619 ad
489 2582 637 2617 uma
664 2582 856 2617 manus
869 2590 909 2617 ιο.

471 2660 592 2713 137.
643 2648 706 2695 Ee
742 2654 910 2710 petere
959 2644 1162 2695 Iliacos.
1211 2642 1424 2714 Repetit

377 2721 540 2775 ¹hunc
570 2740 782 2777 versum
819 2732 1006 2776 auctor
1033 2720 1172 2774 infra
1200 2740 1254 2775 v.
1293 2719 1423 2789 159,

394 2802 542 2875 quod
577 2803 766 2874 sepius
799 2802 928 2855 facit
962 2801 1050 2854 ille
1087 2800 1306 2855 Homeri
1333 2800 1423 2872 ip-

395 2882 534 2948 sius,
551 2900 712 2954 quem
737 2880 1003 2936 contrahit
1025 2920 1042 2946 ,
1069 2880 1329 2954 exemplo.

473 2979 496 3015 1
507 2968 588 3015 28.
603 2964 804 3031 Repetit,
816 2981 909 3031 per
926 2980 1054 3029 quas
1073 2964 1423 3021 descenderat,

397 3060 566 3093 auras.
590 3041 678 3096 Sic
703 3040 941 3113 impressi
960 3058 976 3104 ς
997 3053 1051 3093 at
1074 3040 1269 3093 rectius
1295 3038 1360 3092 G.
1395 3056 1420 3091 1

399 3130 452 3175 et
478 3139 507 3174 a
530 3141 623 3191 per
648 3140 775 3190 quas
801 3124 947 3171 modo
971 3135 1209 3184 venerae,
1236 3138 1392 3170 auras
1406 3139 1426 3169 .·

397 3210 556 3273 atque
597 3200 710 3255 hoc
754 3199 1030 3253 manifesta
1077 3212 1156 3252 est
1199 3198 1426 3252 imitatio

396 3278 609 3347 ovidii,
633 3280 727 3352 qui
763 3280 832 3333 de
866 3276 1004 3331 Iride
1042 3297 1076 3331 a
1113 3278 1312 3331 Somno
1339 3296 1426 3331 re·

399 3370 667 3425 vertente,
695 3364 821 3413 Met.
847 3359 928 3411 XI
943 3399 957 3424 ,
984 3358 1124 3411 632:
1152 3384 1178 3403 α
1196 3368 1426 3423 remeat,

399 3456 495 3509 per
518 3458 652 3511 quos
677 3438 844 3498 modo
865 3449 1108 3503 venerat,
1133 3456 1288 3491 arcus
1305 3464 1352 3489 a.

477 3516 597 3571 130.
613 3522 862 3571 Attonitus
877 3521 1053 3586 jussis.
1081 3518 1146 3570 Α.
1179 3530 1233 3570 et
1255 3516 1316 3569 L.
1345 3531 1427 3567 at-

401 3600 599 3650 conitus.

479 3680 598 3731 131.
621 3682 834 3747 Itemque
860 3680 1078 3729 omnibus
1105 3682 1277 3729 ordine
1294 3698 1426 3747 pan-

401 3756 648 3828 diavirg.
665 3760 788 3811 AEn.
803 3758 887 3809 111
903 3797 919 3824 ,
946 3773 1065 3828 179.

479 3838 594 3891 135.
631 3840 758 3889 Hinc
785 3852 884 3889 mm
910 3839 975 3889 A.
1003 3856 1100 3905 quo
1131 3856 1222 3888 nec
1262 3836 1428 3905 desor-

402 3919 528 3968 mior
549 3916 616 3970 G.
655 3935 702 3969 1.

479 3996 593 4049 136.
621 4002 846 4049 Venerat.
873 3996 972 4050 Hic
996 4012 1180 4050 versus
1205 3994 1351 4049 deest
1373 3994 1430 4047 in

405 4074 812 4149 Annabergensi.

483 4156 594 4223 137.
618 4160 808 4207 Paen'as
831 4160 1054 4207 'certatur
1072 4154 1322 4224 vulgato:
1339 4175 1432 4223 pa-

1513 2488 1735 2550 triasque
1760 2482 1831 2535 G.
1858 2502 1904 2536 2.
1932 2484 2254 2551 Bussenius,
2291 2502 2411 2558 pag.
2443 2490 2506 2542 18
2524 2530 2541 2555 ,

1513 2562 1723 2615 mavult
1740 2566 1817 2614 ad
1829 2582 1972 2615 arces
1991 2564 2164 2635 legere
2178 2601 2195 2628 ,
2216 2574 2269 2616 et
2285 2580 2543 2637 provocat

1510 2640 1581 2694 ad
1614 2660 1758 2696 vers.
1804 2644 1873 2695 66
1895 2684 1911 2710 ‚
1957 2642 2054 2696 ubi
2096 2654 2273 2697 tamen
2322 2646 2544 2719 scriptos

1510 2720 1762 2775 meliores
1789 2722 1993 2775 habere
2018 2742 2133 2776 oras
2159 2726 2477 2779 notavimus.

1574 2802 1689 2855 138.
1712 2804 1937 2854 Consiliis
1955 2804 2150 2855 illusa-is
2172 2806 2388 2867 Ulysses.
2408 2806 2545 2859 Lau·

1514 2880 1607 2935 dat
1642 2880 1747 2935 hoc
1782 2880 2033 2937 Bai-thius
2070 2883 2103 2933 1.
2137 2900 2183 2935 c.
2215 2900 2265 2955 p.
2300 2882 2467 2953 2754,
2492 2896 2545 2939 et

1512 2959 1735 3032 pulchre
1764 2976 1873 3012 non
1901 2978 2065 3013 unum
2094 2960 2315 3015 Homeri
2340 2964 2543 3033 epithe-

1513 3052 1607 3093 ton
1644 3038 1937 3111 exprimere
1972 3039 2045 3092 ait
2063 3078 2079 3103 ,
2104 3040 2260 3112 quale
2286 3053 2365 3094 est
2387 3049 2543 3101 πολύ-

1517 3142 1665 3194 μητις
1689 3130 1741 3172 et
1761 3121 2133 3192 πολυμήχανος,
2153 3118 2278 3185 δῖος.

1591 3206 1712 3264 140.
1752 3204 1871 3250 Tum
1910 3220 2037 3251 vero
2078 3200 2145 3252 G.
2182 3207 2546 3258 1.—Ardescie

1514 3282 1613 3339 ira,-
1626 3277 1863 3351 sequitur
1873 3276 2178 3351 Virgilium,
2194 3282 2316 3333 AEn.
2331 3282 2431 3349 IX,
2442 3284 2511 3337 66
2526 3302 2541 3337 τ

1528 3383 1550 3405 ι
1576 3356 1863 3429 Ignescunt
1884 3350 2005 3425 iro,
2054 3357 2203 3412 duris
2238 3360 2395 3414 dolor
2420 3364 2547 3417 ossi-

1513 3439 1615 3491 bus
1644 3438 1807 3490 haeret
1822 3463 1865 3490 a.

1594 3522 1711 3581 14²·
1727 3517 1998 3586 Pugnandi
2012 3520 2211 3585 con-ipit
2224 3523 2392 3572 ardor.
2414 3520 2482 3575 G.
2510 3540 2539 3573 2

1514 3598 1713 3666 suscipit
1726 3598 1900 3657 ardon
1914 3594 2059 3649 unde
2081 3597 2217 3650 forte
2234 3596 2431 3652 efficias
2442 3620 2547 3651 sus·

1516 3681 1662 3738 citat,
1688 3692 1797 3747 quo
1820 3676 1991 3728 utitur
2007 3674 2151 3749 Virg.
2173 3678 2293 3729 AEn.
2316 3676 2389 3744 V,
2408 3678 2543 3745 454:

1518 3755 1741 3808 ..Acrior
1779 3752 1847 3808 ad
1874 3772 2107 3827 pugnam
2140 3754 2309 3822 redit,
2338 3776 2401 3812 ac
2434 3760 2545 3813 vim

1519 3835 1737 3889 suscitat
1761 3834 1844 3887 ira
1860 3860 1905 3888 ι.

1596 3915 1713 3979 143.
1736 3916 1955 3965 Tandem
1983 3916 2185 3966 solertis.
2210 3910 2279 3965 G.
2310 3932 2332 3965 1
2362 3920 2543 3969 solerti.

1518 3995 1853 4045 -Pmdencia
1872 3994 2087 4043 Nestoris
2102 4012 2205 4044 oevo
2216 4032 2230 4053 ,
2246 3993 2277 4044 i.
2294 4012 2340 4046 e.
2353 3994 2547 4050 Nestor

1518 4090 1631 4125 aevo
1679 4084 1733 4125 et
1774 4070 2093 4142 experientia
2139 4070 2396 4145 prudens.
2448 4076 2547 4129 Per

1520 4154 1777 4206 abstracta
1813 4169 1946 4223 saepe
1981 4151 2111 4204 solet
2139 4154 2329 4205 Noster
2358 4153 2547 4208 heroas
