2975 4684
835 384 954 452 'IN
1013 385 1418 452 HOMERI
1485 384 1947 461 ILIADEM.
2324 384 2456 456 631

781 588 1291 657 PERIOCHA
1350 590 1493 659 XX
1558 591 2009 659 ILIADOS.

615 764 840 834 Jamque
866 760 1000 816 adeo
1027 762 1179 817 celsis
1204 765 1392 817 armati
1411 784 1440 817 e
1462 764 1687 818 navibus
1714 764 1869 817 ibant
1892 806 1908 831 ,

617 850 786 905 millia
801 853 911 922 (1),
941 864 1072 925 quot
1095 853 1298 923 magnis
1325 870 1563 925 unquam
1588 872 1779 907 venere
1806 852 2061 925 Mycenis.

431 997 514 1057 At
528 994 792 1083 integris
808 996 1152 1059 amborum
1170 996 1372 1086 copiis
1395 997 1566 1059 inter
1586 1012 1897 1083 utrosque
1916 996 2234 1060 exercitus
2251 1019 2470 1086 pugna

339 1099 720 1165 conseritur.
768 1102 934 1165 Dein
969 1099 1288 1188 permissu
1332 1103 1366 1165 J
1368 1102 1507 1165 ovis
1526 1150 1543 1183 ,
1582 1102 1647 1164 in
1686 1116 1899 1189 partes
1929 1102 2221 1165 Deorum
2258 1101 2473 1165 studia

340 1204 739 1270 dividuntur.
765 1207 989 1289 Quum
1014 1230 1134 1295 pro
1172 1206 1407 1272 Graecis
1437 1210 1468 1272 J
1473 1230 1610 1271 uno
1632 1224 1698 1270 et
1728 1207 2017 1272 Minerva
2044 1206 2467 1289 decertarent,

339 1333 554 1397 neque
587 1312 793 1376 secius
822 1336 933 1377 eos
966 1313 1353 1403 Neptunus,
1375 1330 1442 1377 et
1471 1312 1835 1377 Mercurius
1854 1362 1871 1394 ‚
1895 1331 1961 1378 et
1988 1314 2318 1377 Vulcanus
2354 1310 2467 1378 ad-

339 1432 660 1497 sererent3
682 1417 996 1497 Trojanos
1011 1420 1246 1507 Apollo
1275 1442 1428 1483 cum
1441 1419 1717 1499 Venere,
1749 1436 1815 1482 et
1844 1419 2047 1483 Diana
2072 1442 2221 1482 cum
2248 1434 2471 1498 matre,

339 1523 516 1587 Mars
531 1524 745 1605 etiam,
773 1541 840 1587 et
859 1548 1010 1589 cum
1031 1525 1121 1589 eis
1147 1525 1557 1606 Scamander,
1577 1524 1953 1605 adjuvarent
1971 1549 1991 1606 3
2014 1538 2157 1588 tum
2174 1524 2472 1603 AEnmm,

341 1624 500 1705 Diis,
523 1641 588 1689 et
609 1625 850 1691 viribus
877 1626 1118 1714 iniquis
1140 1650 1294 1691 cum
1321 1626 1567 1691 Achille
1596 1648 2015 1714 congressum
2034 1674 2054 1707 ,
2076 1648 2473 1713 quamquam

340 1730 607 1823 studens
640 1733 909 1814 Graecis,
941 1732 1117 1796 nube
1149 1732 1623 1797 circumdatum
1654 1731 2001 1819 Neptunus
2036 1732 2293 1819 eripuit.

755 1927 1282 1996 PERIOCHA
1347 1928 1534 1994 XXI
1596 1927 2048 1996 ILIADOS.

622 2106 878 2160 Intulerat
899 2106 1063 2161 fluvio
1087 2105 1320 2180 trepidas
1347 2108 1472 2177 fuga
1500 2106 1633 2159 foeda
1663 2117 1912 2161 catervas.

433 2272 722 2351 Trojanis
774 2295 980 2360 usque
1027 2272 1108 2336 ad
1145 2272 1517 2337 Scamandri
1570 2270 1853 2336 fluminis
1904 2272 2157 2336 alveum
2206 2274 2361 2360 fuga
2410 2288 2475 2335 et

345 2394 591 2441 terrore
621 2378 1004 2467 compulsiS,
1039 2402 1234 2467 quam
1261 2369 1390 2458 jani
1428 2379 1685 2467 longius
1717 2375 2000 2442 abeundi
2028 2377 2309 2465 spatium
2335 2400 2469 2439 non

345 2498 612 2569 pateret,
643 2484 708 2546 in
740 2483 883 2572 ipso
907 2508 1096 2549 amne
1126 2506 1335 2572 quum
1359 2482 1603 2547 flumen
1623 2482 1926 2565 exundat,
1942 2484 2033 2547 ibi
2053 2482 2145 2570 (2)
2170 2483 2252 2546 ab
2269 2481 2476 2546 Achil-

345 2587 404 2650 le
434 2587 777 2652 duodecim
805 2588 1240 2669 Troianorum
1274 2590 1592 2669 J‘uvenum
1629 2589 2027 2669 vinciuntur,
2059 2587 2169 2675 qui
2198 2586 2471 2652 Patrocli

345 2693 588 2758 inferiis
625 2674 1134 2761 immolarentur.
1197 2697 1343 2785 Ipse
1385 2694 1715 2760 Vulcanus
1762 2694 2104 2759 ardoribus
2152 2693 2287 2758 suis
2344 2694 2473 2755 vim

345 2804 646 2867 torrentis
680 2804 908 2869 exurit.
934 2806 1106 2868 Tum
1137 2804 1204 2867 in
1230 2826 1533 2891 campum
1566 2802 1813 2867 Achille
1845 2822 2211 2890 progressO,
2234 2798 2469 2887 passim

347 2908 555 2973 studia
587 2910 876 2973 Deorum
907 2931 1030 2997 pro
1063 2932 1181 2973 sua
1211 2909 1519 2997 singulari
1541 2924 1725 2995 parte
1750 2906 2147 2995 depugnant.
2167 2904 2476 2984 Trojano-

349 3036 494 3076 rum
527 3016 842 3079 exercitus
871 3016 1154 3079 instante
1180 3016 1423 3078 victore
1455 3014 1522 3077 in
1558 3013 1793 3077 moenia
1824 3010 2005 3075 urhis
2036 3010 2437 3099 impingitur.

768 3228 1278 3296 PERIOCHA
1339 3226 1563 3295 XXII
1623 3224 2057 3294 ILIADOS.

631 3394 786 3448 Pulsa
812 3408 958 3449 metu
993 3394 1250 3467 Phrygios
1277 3395 1570 3448 lustrabant
1596 3392 1809 3464 agmina
1834 3408 2033 3443 muros.

443 3558 685 3621 Hector
701 3557 1011 3647 singulari
1031 3556 1377 3621 certamine
1404 3578 1554 3621 cum
1577 3554 1821 3619 Achille
1844 3549 2280 3640 congreditur,
2304 3549 2478 3611 Pria-

356 3686 466 3725 mo
497 3679 692 3751 atque
721 3664 1021 3745 Hecuba,
1055 3684 1138 3725 ne
1165 3677 1514 3751 pugnaret,
1548 3658 1921 3737 orantibus;
1948 3656 2237 3721 Minerva
2265 3678 2301 3719 e
2332 3677 2481 3718 con·

427 3874 502 3941 (ι)
536 3870 722 3929 Mille‘a,
743 3888 854 3936 quoe
895 3871 1088 3937 magnis
1133 3887 1370 3935 unquam.
1400 3868 1601 3919 Versus
1646 3861 2046 3917 trecentesimus
2092 3873 2143 3913 et
2190 3859 2479 3913 tricesimus

351 3952 557 4029 primus
593 3956 811 4009 secundi
850 3956 971 4009 libri
1005 3953 1294 4008 AEneidos:
1343 3982 1366 3999 u
1397 3953 1564 4007 Millia
1601 3966 1729 4025 quot
1775 3949 1978 4021 magnis
2016 3967 2251 4020 unquam
2287 3966 2479 4000 venere

357 4046 593 4105 Mvoenis
621 4072 660 4097 -.
707 4050 924 4097 Vinctus.

413 4106 515 4201 ⁰(2)
549 4130 672 4184 Haec
695 4130 892 4184 vitiosa.
913 4128 1070 4181 Forte
1088 4146 1412 4200 quamquam
1439 4126 1635 4179 flumen
1655 4122 1981 4188 exundabat,
2006 4122 2074 4175 ab
2092 4158 2107 4185 ,
2142 4132 2240 4173 etc.
2263 4118 2358 4171 En.
