2975 4684
519 356 662 441 434

1351 359 1821 428 LICENTII

613 482 997 572 Interrupta
1037 479 1177 548 dies
1223 477 1488 573 refugos
1519 494 1826 550 vanescet
1868 483 1939 550 in
1978 497 2207 571 ortus;

611 592 788 660 Ante
825 588 1086 658 dabunt
1119 589 1368 658 imbres
1393 588 1657 672 Nilum,
1696 613 1899 685 super
1932 591 2181 662 aethera
2216 593 2427 664 damae
2582 627 2657 652 2..

611 699 983 782 Errabant,
1021 712 1390 792 nantesque
1425 713 1705 786 canent,
1738 715 1805 769 et
1833 699 2113 772 flumina
2149 701 2510 796 plaudent,

611 808 838 897 Quam
875 807 1042 876 mihi
1082 822 1234 901 post
1265 823 1529 902 tergum
1564 811 1838 879 veniant
1872 826 1987 880 tua
2022 812 2197 882 dona
2216 866 2237 898 ,
2270 815 2607 907 magister.

703 921 906 988 Arcet
939 941 1128 986 amor
1161 915 1559 1012 coplamque
1590 933 1771 988 tenet
1808 921 2184 991 communis
2220 922 2509 995 honesti.

505 1178 643 1219 tetur
662 1167 718 1218 in
740 1177 888 1218 ortus
907 1189 954 1218 -.
973 1163 1166 1216 —Hos
1185 1177 1398 1236 quoque
1415 1182 1529 1217 ver·

504 1265 592 1299 sus
611 1243 956 1310 Schraderus,
973 1243 1064 1296 lib.
1082 1244 1531 1299 Observationum

506 1343 666 1397 supra
700 1322 770 1376 ad
811 1322 1040 1374 Licentii
1089 1341 1302 1375 versum
1342 1325 1412 1374 60
1448 1323 1529 1375 al·

505 1406 614 1458 lato
632 1442 648 1468 ,
685 1422 714 1455 e
751 1400 1041 1454 Claudiano
1071 1401 1415 1473 transcriptos
1448 1419 1533 1472 ag·

509 1483 696 1538 noscit.
712 1482 858 1552 Virg.
878 1491 1020 1534 nost.
1042 1491 1084 1532 t.
1113 1481 1170 1548 1,
1189 1499 1246 1553 p.
1269 1479 1357 1534 85.
1377 1481 1480 1534 En.

578 1583 694 1616 100.
739 1568 871 1614 Ante
916 1564 1106 1612 dabunt
1146 1563 1320 1612 imbres
1344 1563 1527 1614 Nilum.

503 1641 826 1696 Claudianus
865 1640 940 1693 sic
972 1658 1126 1692 versu
1149 1642 1247 1708 169
1275 1657 1288 1690 :
1350 1664 1372 1686 ι
1395 1640 1531 1695 Ante

503 1722 706 1776 dabunt
727 1721 924 1772 hiemes
948 1720 1128 1773 Nilum
1149 1737 1165 1782 ς
1187 1737 1284 1792 per
1306 1717 1528 1774 flumina

502 1801 672 1854 damae
707 1800 979 1851 Errahunt
1021 1823 1066 1851 n.
1136 1798 1378 1853 Dubium
1421 1810 1528 1864 est,

502 1895 681 1934 utrum
717 1881 907 1932 Noster
945 1881 1118 1930 imbres
1154 1879 1388 1951 posuerit
1427 1899 1529 1953 pro

501 1965 681 2014 hiemes
707 1959 1014 2021 Claudiani,
1053 1959 1309 2030 quoniam
1331 1959 1530 2014 imbres

505 2053 627 2094 sunt
649 2060 680 2094 e
695 2039 1106 2111 proprietatibus
1123 2036 1312 2090 hiemis
1325 2077 1340 2104 ,
1367 2050 1428 2090 ut
1447 2039 1525 2092 vi-

501 2121 674 2174 dimus
703 2119 771 2172 ad
792 2117 950 2172 Saleii
973 2137 1027 2170 v.
1057 2118 1192 2184 1393
1215 2137 1284 2169 an
1309 2135 1436 2170 vero
1467 2116 1527 2171 id

500 2200 746 2271 respiciat
759 2237 773 2260 ,
797 2197 943 2270 quod
968 2196 1123 2249 Nilus
1143 2195 1304 2249 nullis
1323 2197 1528 2249 oriatur

499 2299 562 2334 ex
587 2279 877 2340 imbribus,
905 2289 965 2329 ut
999 2275 1192 2330 adserit
1230 2276 1430 2329 Plinius
1465 2277 1527 2329 in

503 2357 700 2429 Paneg.
731 2375 846 2428 cap.
873 2358 940 2410 30
957 2395 972 2419 ,
997 2367 1048 2407 et
1063 2355 1340 2420 Tibullus,
1370 2356 1426 2419 1,
1455 2358 1489 2409 8
1509 2394 1525 2421 ,

500 2437 566 2490 de
593 2437 714 2489 Nilo
736 2455 750 2487 :
780 2461 805 2482 α
824 2434 905 2486 Te
925 2447 1140 2506 propter
1165 2433 1342 2486 nullos
1369 2435 1526 2489 tellus

501 2530 596 2570 tua
614 2513 845 2586 postulat
863 2513 1058 2564 imbres
1076 2548 1092 2575 ,
1111 2510 1270 2564 Arida
1289 2531 1390 2565 nec
1411 2513 1527 2583 plu-

501 2594 591 2648 vio
635 2591 901 2663 supplicat
943 2591 1110 2644 herba
1145 2591 1265 2644 Jovi
1286 2617 1330 2644 ιο.
1371 2591 1527 2645 Adde

499 2671 856 2726 Claudianum
883 2669 1078 2742 Idyuio
1117 2671 1216 2724 IV.
1257 2701 1329 2712 --
1375 2675 1531 2739 Super

500 2757 683 2804 aeebera
719 2755 897 2801 damoe.
931 2747 1258 2804 Schradcrus
1294 2749 1393 2802 loc.
1427 2750 1521 2803 cit.

498 2843 650 2905 putat
663 2829 750 2882 hic
765 2828 1062 2881 Licentium
1087 2828 1358 2900 scripsisse
1382 2849 1528 2897 super

501 2930 730 2981 ‹equor-a,
751 2909 809 2961 in
829 2927 938 2980 quo
957 2925 1044 2959 me
1061 2925 1170 2959 non
1189 2908 1525 2960 consentien-

503 3004 610 3045 tem
628 2990 808 3043 habet.
830 2989 966 3040 Nam
987 2987 1084 3059 qui
1103 2988 1228 3040 satie
1247 2986 1525 3059 impuden-

497 3085 577 3124 ter
611 3067 964 3123 Claudianum
1005 3067 1330 3120 exscribebat
1348 3103 1364 3130 ,
1403 3085 1527 3138 ope-

495 3169 609 3204 ram
637 3151 818 3202 saltem
844 3146 1052 3200 dedisse
1077 3145 1371 3200 credendus
1405 3161 1486 3200 est
1503 3185 1522 3212 ,

499 3241 557 3282 ut
615 3233 730 3292 ejus
778 3227 936 3278 verba
981 3245 1092 3278 non
1137 3225 1272 3278 nihil
1317 3238 1523 3279 mutata

499 3306 758 3362 redderet.
800 3305 868 3356 Et
905 3317 1084 3357 tumen
1103 3307 1325 3375 fhunina
1359 3306 1519 3358 Clau-

499 3385 647 3439 diani
687 3401 798 3436 non
844 3383 1002 3454 plane
1049 3385 1224 3437 omisit
1237 3423 1254 3448 ,
1303 3384 1394 3438 sed
1438 3404 1521 3438 sc·

501 3475 694 3537 quente
711 3481 790 3516 vs.
805 3461 1014 3515 addidit
1040 3479 1316 3532 nantesque
1339 3480 1525 3518 canent

499 3559 548 3596 ec
567 3544 786 3614 flumina
816 3545 1074 3608 plaudent.
1109 3542 1262 3595 Idem
1289 3563 1416 3596 vero
1441 3566 1523 3595 su-

491 3644 584 3693 per
625 3627 810 3674 aethera
851 3620 1034 3674 damas
1077 3635 1308 3675 errantes
1343 3623 1517 3677 facere

495 3716 724 3776 poterat,
759 3720 822 3755 ex
849 3700 946 3753 alia
975 3700 1261 3754 imitatione
1275 3703 1515 3773 Virgilii,

497 3784 588 3856 qui
612 3782 727 3835 Ecl.
759 3781 820 3846 1,
851 3783 950 3834 60:
1001 3805 1024 3828 ιι
1053 3781 1188 3832 Ante
1223 3783 1362 3835 leves
1389 3801 1515 3855 ergo

493 3873 776 3936 pascentur
814 3860 869 3914 in
909 3859 1098 3913 ethere
1135 3861 1278 3913 cervi
1299 3885 1346 3914 a.
1391 3863 1517 3927 Quo

493 3940 710 4012 quidem
728 3939 784 3991 in
802 3957 962 3992 versu
978 3937 1165 3992 Corda
1185 3939 1482 3994 emendatio
1496 3983 1512 4010 ,

1613 1166 1762 1218 noris
1797 1167 2125 1222 auctoritatis
2162 1181 2213 1222 et
2240 1173 2501 1224 momenti
2540 1191 2651 1226 esse

1616 1243 1843 1300 videtur.
1865 1246 2015 1319 Virg.
2030 1262 2175 1302 nost.
2191 1261 2231 1302 t.
2248 1250 2305 1316 1,
2323 1269 2379 1322 p.
2398 1251 2489 1304 85.
2520 1252 2623 1304 En.

1692 1341 1810 1378 101.
1836 1329 2116 1389 Errabant,
2147 1344 2425 1397 nantesque
2451 1349 2649 1386 canent.

1614 1400 1700 1453 Ita
1724 1404 1899 1457 scribo
1928 1423 2028 1476 pro
2052 1409 2331 1469 Errabant,
2366 1424 2653 1477 montesque

1614 1497 1827 1544 carnem,
1861 1502 1981 1555 quo
2016 1483 2245 1538 absurda
2272 1487 2537 1558 scriptura
2574 1500 2653 1541 eet

1614 1563 1861 1616 omnium
1888 1560 2011 1614 edd.
2038 1563 2133 1633 qui
2150 1564 2293 1616 enim
2312 1585 2497 1617 canere
2518 1585 2650 1618 con-

1620 1642 1767 1696 venit
1786 1641 2092 1695 montibus?
2121 1642 2331 1696 Scilicet
2353 1643 2522 1697 damae
2538 1665 2649 1698 non

1623 1724 1801 1775 solum
1837 1739 1993 1791 super
2021 1721 2215 1774 ethera
2238 1723 2521 1790 errabunt,
2554 1724 2649 1778 sed

1616 1815 1701 1868 et,
1742 1813 1801 1854 ut
1836 1819 1991 1868 avec,
2028 1799 2211 1854 nando
2255 1801 2313 1854 in
2356 1805 2513 1876 aquis
2560 1824 2647 1858 ca·

1612 1892 1743 1934 nent
1760 1917 1777 1944 ,
1804 1892 1858 1934 et
1882 1878 2101 1932 flumina
2121 1879 2397 1952 plaudent.
2417 1914 2490 1924 ——
2506 1889 2652 1938 Plau·

1613 1965 1732 2014 dere
1750 1977 1941 2030 aquam
1960 1970 2037 2012 est
2056 1961 2367 2015 natantium.
2378 1963 2652 2033 Manilius,

1612 2040 1689 2102 V,
1731 2043 1829 2101 423
1853 2056 1868 2091 ε
1913 2062 1935 2084 ι
1960 2037 2061 2090 Hic
2102 2038 2309 2092 alterna
2360 2043 2538 2096 ferens
2590 2047 2649 2102 in

1610 2118 1781 2172 lentos
1802 2116 2017 2171 brachia
2037 2129 2235 2172 tractus
2249 2159 2265 2186 ,
2282 2121 2441 2174 Nunc
2461 2124 2647 2193 plausa

1609 2195 1881 2249 resonabit
1920 2214 2061 2268 aqua
2082 2221 2125 2248 n.
2177 2229 2247 2237 —
2290 2200 2359 2252 Et
2402 2203 2649 2258 similiter

1611 2272 1833 2341 Statius,
1860 2275 1997 2328 Silv.
2027 2275 2088 2341 1,
2122 2276 2189 2342 3,
2238 2279 2337 2346 73:
2368 2307 2394 2326 «ι
2420 2289 2529 2334 Aut
2556 2285 2643 2336 in-

1615 2371 1747 2425 gens
1784 2355 1843 2408 in
1892 2365 2071 2425 stagna
2120 2354 2265 2408 cadit
2284 2397 2299 2424 ,
2344 2360 2647 2436 vitreasque

1610 2443 1794 2486 natatu
1827 2432 2039 2486 Plaudit
2078 2451 2243 2504 aquas
2262 2463 2307 2488 a.
2340 2438 2443 2491 En.

1688 2531 1801 2566 102.
1838 2519 2003 2580 Quam
2032 2516 2155 2564 milui
2179 2532 2297 2582 post
2332 2531 2527 2586 tergum
2550 2541 2646 2572 νο·

1612 2595 1773 2642 radant.
1814 2589 1965 2644 Hanc
2001 2593 2225 2664 phrasin
2242 2634 2260 2662 ,
2299 2615 2418 2667 qun
2450 2599 2645 2654 barbu-

1614 2671 1750 2726 riem
1786 2671 2017 2742 aliquam
2050 2673 2183 2740 olet,
2220 2685 2277 2727 et
2312 2695 2499 2732 revera
2530 2699 2645 2736 uon

1614 2763 1715 2802 est.
1740 2751 2037 2821 purissimae
2084 2752 2350 2808 latinitatis
2369 2796 2386 2823 ,
2414 2775 2481 2810 ex
2519 2778 2643 2814 ver-

1611 2830 1759 2882 sione
1792 2848 2067 2884 sacrorum
2096 2833 2429 2888 voluminum
2458 2839 2643 2893 venire

1608 2927 1827 2980 prorsus
1850 2923 2085 2981 apparet.
2112 2911 2383 2982 Ezechiel,
2404 2934 2527 2988 cap.
2549 2921 2641 2986 23,

1608 3007 1664 3044 v.
1686 2988 1782 3042 35:
1818 3013 1841 3038 ι
1868 2989 1993 3060 quia
2012 2990 2173 3062 oblita
2198 3011 2255 3046 es
2280 2995 2412 3059 mei,
2432 3010 2489 3050 et
2514 3017 2642 3070 pro·

1602 3068 1775 3140 jecisti
1808 3087 1896 3121 me
1929 3081 2051 3139 post
2092 3081 2301 3142 tergum
2341 3086 2497 3130 tuum
2518 3113 2535 3140 ,
2578 3091 2641 3132 tu

1609 3164 1826 3218 quoquc
1842 3160 1993 3219 porta
2012 3150 2181 3204 scelus
2202 3163 2352 3206 tuum
2364 3180 2411 3208 a.
2432 3156 2639 3217 Bana-n.

1608 3226 1831 3282 Advers.
1856 3228 2045 3296 XVII,
2076 3233 2159 3286 18.

1687 3307 1804 3360 103.
1830 3315 1981 3362 Arce:
1994 3329 2139 3362 amor
2150 3318 2473 3383 copulamque
2486 3333 2637 3372 mee.

1608 3391 1677 3442 Τὸ
1696 3407 1729 3437 u
1756 3388 1811 3440 in
1836 3393 2061 3456 copulam
2081 3393 2423 3448 exserendum
2442 3410 2551 3465 eat,
2576 3413 2639 3454 ut

1600 3471 1799 3534 poclum
1824 3486 1924 3538 pro
1941 3475 2201 3538 poculum,
2248 3487 2303 3527 et
2334 3477 2483 3530 mille
2507 3481 2637 3532 talia

1606 3546 1753 3616 apud
1776 3560 1977 3619 poetas.
2004 3555 2187 3618 Copula
2214 3556 2411 3609 amoris
2436 3572 2519 3612 eet
2542 3563 2637 3613 ne-

1606 3643 1719 3680 xus.
1744 3631 2013 3696 Congulum
2036 3629 2172 3684 dixit
2201 3633 2419 3688 Publius
2440 3637 2501 3690 in
2522 3639 2634 3692 ffl-

1604 3707 1721 3758 mis:
1732 3707 2011 3762 «Amicitiae
2024 3713 2307 3781 coagulum
2318 3715 2537 3770 unicum
2552 3731 2633 3772 eet

1604 3784 1735 3839 fides
1755 3811 1797 3839 a.
1818 3787 1995 3840 Varro
2020 3789 2091 3842 de
2116 3790 2239 3844 vino
2260 3811 2275 3844 :
2310 3817 2335 3842 ι
2356 3794 2474 3848 Hoc
2500 3815 2633 3851 con·

1602 3871 1731 3918 tinet
1766 3869 2045 3939 coagulum
2078 3872 2321 3926 convivia
2342 3899 2383 3927 a.
2420 3875 2627 3931 Bm.

1601 3944 1734 3998 ibid.
1766 3947 2082 4002 Reinhartus
2112 3951 2225 4021 jam
2262 3956 2515 4024 expressit
2538 3977 2629 4008 cc-

493 4021 587 4092 qui
625 4019 856 4074 correxit
875 4033 1152 4087 pascentur
1179 4023 1232 4070 in
1281 4041 1476 4088 oeqreore
1490 4062 1507 4083 ,
1588 4030 1827 4093 planique
1846 4047 1866 4077 .·
1901 4029 1977 4081 eic
2014 4047 2171 4084 veron
2206 4049 2231 4084 1
2244 4032 2307 4086 13
2344 4031 2471 4086 dicit
2508 4041 2627 4088 vin-

495 4099 736 4168 quamvis
757 4117 787 4151 a
813 4098 1110 4152 Schrader-o
1141 4098 1352 4152 laudata
1373 4141 1388 4166 ,
1415 4104 1511 4154 mi-

1598 4109 1724 4156 elum
1740 4143 1757 4166 ,
1788 4117 1841 4158 et
1865 4126 1911 4163 v.
1938 4109 2035 4174 139
2054 4115 2327 4165 πεσὼν-ειη.
2350 4143 2423 4154 -
2465 4121 2629 4170 Amet
