2975 4684
966 320 1476 392 EPIToMEs
1536 323 1959 393 HOMERI.
2388 327 2529 426 467

401 470 515 516 nes
542 467 792 516 nostras
805 499 823 532 ,
850 467 918 515 et
935 451 1258 517 Avienum
1274 501 1292 535 ‚
1312 454 1567 542 scriptis
1584 455 1829 519 clarum
1850 469 1917 518 et
1934 475 1971 516 a
1997 454 2218 519 Servio
2237 457 2530 543 citatum,

398 579 596 646 quem
645 580 766 621 nos
801 557 1106 622 eumdem
1156 581 1307 623 eum
1351 561 1547 624 Festo
1578 561 1827 626 Avieno
1865 576 1928 624 et
1964 576 2241 646 ‘auctore
2293 565 2530 632 Iliados

400 665 873 747 existimamus,
908 664 1352 730 Christianum
1383 665 1581 731 fuisse
1609 665 1904 754 adeoque
1938 663 2265 731 diversum
2294 671 2376 734 ab
2402 672 2528 738 isto

398 771 642 836 statuit.
686 771 1078 859 Opinionem
1107 793 1292 835 suam
1327 769 1667 836 confirmat
1696 793 1775 835 ex
1800 771 2044 853 verbis,
2082 796 2227 861 quae
2254 797 2331 840 ex
2361 777 2531 842 libro

397 876 624 940 Avieni
657 874 742 940 de
759 877 1007 967 Virgilii
1036 877 1269 941 fabulis
1295 877 1555 941 Servius
1592 876 1929 964 adscripsit
1954 877 2023 940 in
2051 883 2531 946 commentariis

397 981 478 1046 ad
502 982 680 1071 Vir-g.
712 983 867 1047 AEn.
892 983 987 1063 X,
1016 1005 1164 1070 272,
1187 981 1304 1046 ubi
1324 980 1405 1046 de
1431 999 1831 1060 cometarum
1863 1005 2099 1072 genere
2118 1033 2137 1066 ,
2166 987 2281 1074 qui
2309 987 2531 1052 blandi

397 1110 538 1152 esse
561 1087 892 1168 dicuntur,
921 1103 984 1151 et
1008 1111 1110 1152 res
1141 1087 1314 1152 laetas
1343 1087 1703 1178 significare
1730 1111 1745 1151 z
1772 1119 1797 1144 ι
1825 1088 1983 1169 Hic,
2012 1090 2261 1177 inquit,
2296 1091 2535 1158 dicitur

396 1194 768 1282 apparuisse
783 1217 863 1258 eo
890 1210 1179 1283 tempore
1194 1241 1212 1275 ‚
1230 1216 1364 1281 quo
1388 1209 1497 1258 est·
1507 1196 1845 1283 Augustus
1866 1195 2131 1260 sortitus
2152 1197 2533 1286 imperium:

394 1314 556 1362 tunc
604 1299 888 1389 denique
931 1298 1162 1390 gaudia
1199 1299 1510 1364 omnibus
1557 1299 1860 1388 gentibus
1908 1303 2127 1364 futura
2168 1320 2322 1368 sunt
2356 1327 2533 1368 nun-

395 1405 550 1468 tiata
569 1437 614 1469 n.
663 1407 815 1470 Haec
849 1421 1131 1470 extrema
1176 1403 1258 1469 ad
1294 1405 1571 1468 verbum
1604 1403 1857 1468 reddita
1890 1427 2028 1470 esse
2058 1405 2148 1470 ait
2183 1431 2262 1471 ex
2299 1411 2527 1499 Angeli

395 1509 616 1593 dictis,
651 1533 796 1599 quae
833 1513 1030 1575 refert
1066 1511 1268 1574 Divus
1311 1511 1552 1590 Lucas,
1584 1509 1669 1590 ΙΙ,
1710 1533 1788 1573 10
1818 1532 1833 1574 ε
1861 1521 2253 1592 Εὐαγγιλίζομαι
2289 1524 2403 1591 ὑμῖν
2429 1543 2526 1593 χα-

392 1627 480 1698 ρὰν
523 1627 772 1699 μεγάλην,
816 1627 924 1688 ἥτις
963 1629 1108 1681 ἔσται
1156 1627 1308 1680 παντὶ
1356 1635 1430 1699 τῷ
1472 1633 1597 1695 λαῷ.
1630 1614 1759 1680 Sed
1802 1638 1881 1680 ex
1909 1616 2121 1682 Verbis
2158 1617 2242 1682 ad
2282 1618 2527 1684 dictum

392 1723 658 1810 aliquod
674 1745 1008 1788 sacrorum
1035 1722 1355 1787 librorum
1375 1721 1837 1787 adludentibus
1864 1743 2062 1785 nemo
2088 1723 2527 1811 suspicionem

391 1829 867 1922 Christianismi
895 1828 1118 1906 ducet,
1154 1827 1270 1916 qui
1303 1828 1615 1916 temporis
1644 1827 1847 1908 illius,
1872 1850 2008 1916 quo
2036 1829 2324 1895 Avienus
2352 1832 2531 1914 vixit,

389 1937 710 2002 rationem
739 1936 934 2000 norit.
973 1937 1126 2018 Quo
1149 1935 1672 2004 ,Christianorum
1700 1935 2017 2024 religione
2048 1936 2295 2024 ubique
2323 1937 2535 2003 domi-

392 2059 590 2106 nante
606 2041 756 2107 libri
781 2063 1010 2106 eorum
1037 2041 1200 2106 sacri
1221 2041 1310 2104 ita
1331 2039 1529 2130 vulgo
1554 2039 1699 2104 lecti
1722 2055 1789 2104 et
1812 2041 1951 2103 noti
1976 2041 2283 2106 omnibus
2310 2062 2496 2110 erant
2512 2094 2530 2127 ,

389 2163 468 2212 ut
519 2147 696 2212 docti
745 2147 1097 2234 praesertim
1149 2147 1318 2211 inter
1366 2147 1663 2210 ethnicos
1702 2146 1858 2226 viri,
1909 2163 2135 2212 caetera
2186 2148 2532 2215 adversarii

390 2255 942 2338 Christianorum,
979 2273 1194 2320 tamen
1229 2277 1330 2320 res
1359 2271 1425 2320 et
1459 2254 1632 2320 dicta
1660 2269 1725 2318 et
1756 2254 2055 2320 historias
2086 2277 2165 2320 ex
2192 2255 2371 2320 libris
2414 2281 2529 2322 eo-

389 2385 537 2425 rum
590 2377 945 2458 tenerent„
960 2379 1026 2427 et
1061 2362 1340 2427 subinde
1376 2361 1715 2426 laudarent
1755 2356 1968 2425 etiam.
2004 2361 2409 2427 Chalcidium
2445 2365 2523 2428 'in

387 2470 856 2533 commentario
892 2469 955 2532 in
1001 2469 1319 2533 Timoeum
1352 2469 1637 2533 Platonis
1696 2467 1879 2556 (pag.
1916 2491 2041 2556 219
2069 2467 2222 2532 edit.
2248 2468 2521 2558 Meurs.)

387 2575 690 2638 novimus
717 2573 1008 2657 ejusdem
1039 2577 1268 2658 stellae,
1301 2575 1384 2640 de
1421 2598 1553 2664 qua
1577 2575 1857 2639 Avienus
1890 2576 2203 2662 loquutus
2229 2575 2488 2640 videtur
2508 2625 2524 2657 ,

385 2679 716 2743 Christum
752 2701 978 2745 recens
1017 2697 1243 2745 natum
1279 2679 1762 2769 portendentis,
1814 2697 2113 2744 exortum
2146 2701 2223 2744 ex
2255 2679 2525 2746 historia

385 2785 747 2875 evangelica
773 2787 1043 2866 referre3
1073 2808 1285 2874 neque
1313 2801 1528 2849 tamen
1558 2783 1642 2849 de
1666 2807 1740 2847 ea
1764 2784 1855 2848 sic
1879 2784 2195 2871 loquitur,
2234 2801 2310 2848 ut
2330 2785 2485 2852 inde
2501 2834 2520 2869 ,

385 2890 830 2955 Christianum
878 2891 1076 2956 fuisse
1109 2893 1488 2981 scriptorem
1510 2939 1528 2972 ,
1566 2889 1719 2954 satis
1763 2905 1911 2953 tuto
1960 2889 2261 2978 colligere
2307 2891 2517 2979 possi·

381 3019 550 3062 mus.
582 2998 868 3062 Avienus
893 2997 1204 3062 Macrobii
1261 2997 1562 3085 (Saturn.
1594 2995 1705 3059 lib.
1739 2996 1835 3076 11,
1875 3017 2012 3082 cap.
2049 2993 2133 3081 4)
2164 3017 2403 3083 pueros
2434 2997 2517 3060 ab

381 3102 642 3168 Herode
673 3103 1046 3170 Judaeorum
1073 3127 1224 3192 rege
1257 3105 1426 3167 intra
1453 3103 1773 3166 bimatum
1804 3102 2049 3166 occisos
2083 3101 2312 3183 refert,
2340 3102 2516 3168 haud

381 3209 578 3275 dubie
614 3233 694 3274 ex
719 3209 1003 3276 Matthoei
1044 3209 1212 3274 libro
1233 3258 1250 3290 ,
1285 3209 1434 3296 quia
1471 3231 1687 3296 neque
1724 3206 2079 3294 Iosephus,
2117 3229 2331 3296 neque
2353 3210 2515 3274 alius

381 3316 733 3405 quispiam,
767 3313 1149 3380 memoravit
1169 3362 1186 3394 ,
1223 3337 1342 3378 nec
1363 3331 1581 3377 tamen
1610 3328 1949 3401 propterea
1980 3334 2103 3400 pro
2132 3313 2509 3379 Christiano

377 3423 674 3486 habetur.
730 3424 876 3510 Ipse
916 3423 1233 3503 Avienus,
1284 3420 1873 3485 Phaenomenorum
1926 3419 2100 3482 Arati
2148 3419 2464 3509 interpres
2484 3471 2503 3504 ,

375 3551 434 3592 v.
471 3527 552 3593 32
583 3551 716 3617 seq.
749 3528 948 3592 verba
980 3527 1247 3592 adhibet
1275 3525 1358 3590 de
1383 3527 1523 3590 sole
1554 3541 1622 3590 et
1651 3525 1841 3606 luna,
1880 3547 2025 3612 quoe
2074 3525 2341 3590 Grotius
2370 3549 2505 3591 non

371 3633 650 3698 absurde
685 3649 870 3725 putat
899 3655 976 3698 ex
999 3633 1184 3698 Mose
1211 3633 1481 3697 hausta:

653 3821 817 3896 Cujus
839 3833 890 3875 et
917 3831 1204 3875 extremum
1232 3820 1383 3874 tellus
1409 3837 1543 3892 opus
1559 3857 1575 3882 ,
1604 3818 1759 3890 ignea
1784 3821 1935 3891 cujus

649 3909 874 3963 Lumina
904 3921 1030 3964 sunt
1056 3909 1161 3963 late
1177 3945 1194 3972 ‚
1225 3907 1316 3962 sol
1343 3919 1396 3960 et
1423 3924 1607 3960 soror:
1634 3906 1725 3959 ille
1741 3945 1757 3970 ‚
1788 3905 1893 3960 diei
