2975 4684
681 391 1146 459 EPITOME
1208 389 1638 459 ILIADOS
1702 386 2127 456 HOMERI.

2336 380 2477 479 595

431 518 808 609 Sparsaque
843 537 966 607 per
993 526 1172 583 totos
1195 511 1561 581 volvuntur
1598 534 1885 605 corpora
1914 509 2177 579 fluctus,
2408 538 2480 587 ,ιε

531 630 622 697 At
652 629 900 707 Venus,
920 640 989 693 et
1019 624 1326 721 Phrygiae
1367 622 1587 718 gentis
1618 637 1873 691 tutator
1907 619 2148 716 Apollo

434 742 709 832 Cogunt
743 738 812 804 in
850 739 1123 807 Danaos
1153 734 1410 804 Xanthi
1453 756 1859 828 consurgere
1904 732 2147 802 fluctus
2170 787 2187 811 ‚

432 852 532 920 Ut
567 846 708 917 fera
743 844 1028 916 terribili
1061 847 1450 916 miscentem
1489 843 1721 939 praelia
1764 843 1995 912 dextra

442 958 708 1029 Obruat
745 956 1114 1043 AEacidem‚
1149 958 1268 1050 qui
1306 956 1615 1050 protinus
1657 954 1953 1049 undique
1989 956 2147 1023 totis

441 1069 856 1163 Impediatur
885 1067 1116 1162 aquis:
1151 1067 1266 1136 sed
1300 1080 1495 1135 vasto,
1524 1066 1789 1161 gurgite
1822 1088 2117 1159 praeceps
2409 1102 2491 1141 ,ω

437 1178 774 1267 Volvitur,
807 1194 1008 1273 atque
1043 1178 1262 1246 virum
1303 1175 1717 1245 torrentibus
1752 1174 2034 1269 impedit
2064 1176 2295 1267 undis,

437 1290 933 1383 Praetardatque
969 1288 1216 1384 gradus
1247 1314 1262 1355 ε
1301 1286 1414 1356 ille
1449 1287 1635 1355 omni
1668 1310 1951 1380 corpore
1987 1312 2189 1357 saevas

440 1405 694 1471 Contra
731 1414 992 1495 pugnat
1022 1422 1230 1493 aquas
1251 1451 1270 1484 ,
1297 1397 1705 1491 adversaque
1739 1394 2015 1467 flumina
2054 1402 2343 1495 rumpit,

441 1514 529 1579 Et
564 1509 766 1579 modo
807 1509 1120 1603 disjectos
1159 1508 1493 1592 humeris,
1538 1505 1742 1575 modo
1775 1521 2047 1600 pectore
2084 1524 2271 1579 vasto

443 1619 764 1714 Propellit
797 1621 1073 1707 fluctus,
1101 1644 1304 1715 quem
1349 1618 1547 1713 longe
1584 1617 1861 1711 provida
1905 1623 2085 1687 Juno
2416 1649 2495 1700 ,με

449 1731 792 1819 Adseruit,
841 1731 1086 1827 rapidae
1128 1756 1212 1799 ne
1249 1728 1515 1800 cederet
1552 1729 1796 1798 ictibus
1834 1729 2070 1799 undae:

444 1844 822 1935 Sanctaque
864 1841 1469 1935 pugnarunvinter
1502 1864 1573 1908 se
1608 1839 1889 1907 numina
1924 1840 2199 1909 Divum.

541 1954 802 2021 Rursus
833 1952 972 2043 agit
1003 1950 1324 2045 Phrygias
1356 1950 1612 2045 ingenti
1644 1949 1822 2019 caede
1860 1964 2157 2021 catervas

449 2062 784 2131 Horridus
823 2062 1162 2147 AEacides‚
1197 2060 1487 2155 bellique
1524 2060 1764 2129 ardore
1802 2078 2147 2156 resumpto
2270 2044 2277 2049 ³

449 2178 780 2243 Funereas
817 2172 992 2242 acies
1034 2171 1505 2265 horrendaque
1548 2170 1774 2265 praelia
1816 2172 2066 2242 miscet.
2421 2202 2499 2252 930

448 2288 602 2355 Non
641 2281 826 2351 illum
865 2284 961 2351 vis
995 2280 1128 2351 ulla
1167 2298 1386 2368 tenet,
1425 2306 1563 2373 non
1602 2306 1771 2350 saeva
1807 2280 2089 2377 fatigant

426 2510 548 2561 9¹9·
585 2492 688 2543 Pro
727 2495 904 2543 obruat
939 2491 1118 2544 Guelf.
1162 2512 1190 2544 2
1231 2496 1382 2563 ponit

1469 2491 1595 2563 quia
1624 2504 1729 2545 tres
1754 2492 1939 2564 scripti
1968 2460 2078 2544 mei.
2102 2496 2391 2564 preferant
2418 2501 2504 2551 dei·

353 2578 572 2641 obpluae,
595 2568 742 2643 quod
767 2570 987 2625 verbum
1009 2590 1115 2623 non
1137 2571 1380 2642 iniquum
1459 2576 1646 2643 sectos.

355 2653 632 2707 huicloco
657 2663 823 2719 esset,
863 2651 908 2703 si
947 2652 1216 2723 scriptorio
1248 2649 1383 2702 alius

355 2752 455 2786 usu
481 2734 814 2807 probaretur.

427 2830 548 2880 92ο.
575 2814 878 2879 Impediatur
897 2813 1070 2878 aquis,
1093 2812 1186 2861 sed
1199 2823 1352 2861 vasto
1365 2830 1384 2860 .-

357 2894 433 2945 οὶο
453 2892 652 2962 vulgati
673 2891 912 2961 plerique
934 2901 986 2941 et
1013 2889 1210 2959 scripti.
1239 2890 1382 2959 Lips.

359 2970 522 3025 modo
552 2970 712 3021 habet
747 2972 1048 3035 Impeditur,
1087 2980 1138 3019 et
1155 2967 1384 3020 flelmst.

359 3053 673 3118 Expediamr·
699 3052 844 3113 aquis
878 3062 928 3097 ee
959 3062 1131 3107 vasto,
1167 3062 1286 3117 quoe
1317 3048 1387 3099 le*

359 3131 462 3183 ctio
497 3126 650 3181 alteri
687 3126 955 3184 contraria
993 3126 1162 3179 latens
1195 3126 1388 3179 vitium

359 3208 556 3284 prodit.
579 3210 726 3279 Lego
749 3224 762 3258 ε
806 3212 1106 3274 Impetuosus
1134 3208 1277 3273 aquis
1292 3244 1308 3266 ‚
1342 3219 1392 3256 ec

361 3306 539 3350 vasto,
588 3300 688 3342 etc.
739 3288 973 3353 Causas,
1001 3284 1388 3339 emendationis

361 3388 568 3445 expono
605 3368 664 3421 in
695 3368 932 3420 Exclu-su
971 3368 1047 3418 lv
1078 3364 1148 3418 ad
1187 3365 1386 3419 calcem

363 3454 522 3526 hujus
549 3447 818 3503 criminin.

435 3549 500 3599 92
515 3550 556 3583 1.
575 3531 780 3581 Solviaer
791 3542 946 3594 atque
959 3524 1025 3579 G.
1049 3542 1094 3579 1.

436 3630 556 3679 922.
571 3612 946 3674 Fra-tardaeque
957 3610 1146 3674 gradus
1167 3618 1243 3659 est
1259 3607 1390 3659 scri-

366 3706 520 3767 ptum
548 3690 712 3742 trium
747 3686 904 3741 codd.
941 3691 1274 3754 Remu-datque
1299 3686 1394 3739 ha-

367 3776 456 3826 bet
483 3772 544 3823 A.
580 3770 946 3835 Praetende'tque
973 3766 1196 3837 vulgati,
1219 3766 1394 3818 minus

365 3863 525 3905 recte.
556 3848 788 3911 Statius,
817 3844 1081 3901 Thebaid.
1119 3846 1208 3912 ΙΙ,
1249 3850 1346 3915 671
1377 3864 1392 3898 z

373 3928 738 4000 -andatique
769 3926 964 3999 gradus
987 3950 1030 3978 a.
1077 3926 1142 3975 At
1171 3925 1396 3979 verbum

362 4015 614 4082 praeeat-do
631 4010 814 4061 abesse
833 4006 992 4060 video
1018 4024 1048 4059 a
1077 4005 1271 4059 lexicis.

443 4102 564 4162 924.
591 4092 790 4147 Excusi
819 4110 944 4145 cum
971 4088 1093 4145 cod.
1127 4089 1398 4142 A.habent

371 4178 586 4245 disjectis
627 4176 852 4227 humeris.
893 4169 1086 4242 Scripsi
1131 4172 1358 4237 disjectos
1377 4207 1392 4230 ,

1544 2671 1610 2721 92
1618 2654 1664 2707 5.
1693 2656 2111 2726 Peqiellitfluctus
2130 2654 2195 2707 G.
2218 2676 2264 2709 2.

1506 2757 1515 2767 ·
1544 2734 1745 2803 926.·Ιῐι
1764 2732 1991 2804 vulgatis
2014 2734 2203 2805 legitur
2214 2740 2498 2800 Admonuit,

1471 2816 1665 2879 rapidas
1679 2832 1776 2880 quo
1796 2816 2007 2877 eederet.
2016 2812 2235 2867 Helmst.
2248 2820 2499 2877 Adsena't,

1475 2896 1690 2959 rapidae,
1719 2910 1875 2962 supra
1892 2891 2089 2961 scripto
2106 2896 2377 2947 admonuit.
2396 2896 2501 2951 Sed

1473 2972 1673 3025 rectius
1692 2971 1757 3024 G.
1786 2988 1809 3022 1
1832 2972 2088 3028 Adseruit.
2120 2976 2313 3041 rapida*
2332 2994 2395 3027 ne
2418 2996 2501 3028 ce-

1477 3054 1643 3110 deret,
1674 3050 1705 3103 i.
1728 3068 1772 3101 e.
1793 3050 2101 3101 sustentavit
2117 3090 2132 3117 ,
2148 3052 2503 3109 confirmavit.

1476 3131 1709 3181 Imbribus
1730 3168 1745 3190 ,
1802 3131 1997 3197 ignibus
2017 3167 2032 3190 ,
2079 3133 2304 3193 fluetibus
2353 3141 2504 3187 unda.-

1473 3208 1545 3261 G.
1572 3227 1615 3262 2.
1646 3207 1795 3261 Juvit
1820 3219 1995 3259 autem
2033 3210 2173 3261 Juno
2208 3211 2468 3268 Achillem
2488 3257 2502 3282 ,

1473 3288 1621 3362 quod
1648 3290 1951 3342 Vulcanum
1999 3291 2110 3361 ejus
2154 3290 2212 3343 in
2248 3294 2506 3349 auxilium

1476 3369 1719 3424 excitavit
1737 3408 1753 3433 ,
1780 3382 1838 3421 ut
1874 3368 2019 3421 fluvii
2048 3370 2192 3442 ripas
2224 3390 2505 3445 campum-

1477 3469 1584 3523 que
1608 3448 1927 3504 incenderet.

1552 3548 1671 3599 9²7·
1729 3536 2013 3596 Sanctaque
2044 3547 2362 3598 pugnarum,
2407 3552 2507 3605 pro

1481 3628 1591 3681 quo
1617 3609 1683 3662 G.
1709 3628 1732 3661 1
1765 3614 2031 3675 Sacraque.
2072 3608 2188 3660 Hoc
2220 3628 2379 3663 versu
2417 3630 2509 3665 au.

1484 3703 1601 3743 otor
1636 3706 1759 3741 sane
1786 3688 2012 3739 nimium
2041 3687 2274 3742 breviter
2303 3691 2512 3763 attingit

1483 3770 1621 3823 rixas
1655 3780 1707 3821 et
1726 3768 1905 3840 praelia
1920 3808 1935 3833 ,
1963 3766 2157 3837 quibua
2176 3767 2261 3821 Dii
2285 3770 2513 3842 Deaeque

1484 3850 1795 3921 depugnant
1820 3858 2011 3917 ‘super
2063 3846 2338 3919 Trojanie,
2370 3850 2513 3902 Mars

1485 3948 1607 3983 cum
1626 3929 1865 3981 Minerva
1881 3967 1896 3991 ,
1915 3927 2192 3997 Neptunus
2213 3946 2336 3981 cum
2356 3931 2515 4001 A'pol-

1483 4009 1615 4075 line,
1642 4009 1783 4060 Juno
1810 4024 1933 4059 cum
1959 4004 2126 4059 Diana
2151 4004 2295 4078 apud
2320 4008 2515 4060 Home·
2552 4052 2557 4059 ,

1488 4106 1607 4141 rum
1625 4130 1640 4153 ‚
1661 4086 1813 4139 Iliad.
1834 4086 1962 4138 xxl
1978 4123 1993 4148 ,
2016 4104 2068 4137 v.
2089 4084 2335 4139 385-515.

1559 4168 1679 4235 931.
1714 4168 1800 4217 Vis
1816 4168 1921 4218 ulla
1940 4180 2095 4215 movet
2118 4164 2187 4216 G.
2212 4184 2255 4217 2.

2112 4255 2221 4327 38.
