2975 4684
813 396 942 462 JO.
1003 396 1226 464 CHR.
1283 395 2046 466 WERNSDORFII.
2431 393 2485 466 '5

361 539 688 635 quamvis
713 539 942 610 multa
973 540 1328 612 industria
1356 541 1783 638 pertentatis
1803 596 1822 629 ,
1856 555 2137 612 tantum
2168 538 2373 612 abest
2408 556 2491 612 ut

361 670 540 740 mihi
566 671 720 768 ipse
749 673 918 742 satis
945 669 1216 761 fecisse,
1243 687 1316 744 et
1332 685 1623 770 poetam
1655 672 1869 771 plane
1888 671 2351 756 emendatum
2370 673 2491 745 de-

361 798 552 872 disse
588 771 858 892 ridear,
892 817 976 874 ut
1015 806 1258 902 potius
1295 804 1608 899 ingenue
1644 801 1891 892 fatear,
1924 827 2108 902 saepe
2139 827 2257 876 me
2302 801 2489 874 diffi-

362 932 730 1005 cilioribus
767 936 844 1005 in
886 935 1061 1008 locis
1111 935 1324 1007 taedio
1369 934 1635 1006 laboris
1676 935 1801 1007 diu
1842 934 2102 1008 frustra
2142 937 2489 1034 insumpti

359 1063 734 1154 affectum,
767 1067 843 1136 in
873 1067 1385 1164 qualicumque
1409 1065 1804 1138 verborum
1832 1066 2114 1140 medela
2136 1067 2249 1139 vel
2274 1070 2495 1140 inter-

360 1199 782 1293 pretatione,
801 1197 1176 1296 desperata
1191 1198 1516 1286 meliore,
1526 1223 1661 1296 aeq
1668 1199 2296 1297 uiesse,multaque
2311 1198 2493 1294 adeo

359 1325 844 1424 sagacioribus
877 1327 1649 1426 reliquisseexactiore
1686 1353 1859 1400 cura
1901 1330 2395 1429 perpolienda.

447 1461 616 1530 Post
651 1461 1000 1530 AEtnaeum
1035 1484 1293 1557 poema
1331 1458 1517 1531 hanc
1551 1459 1845 1533 classem
1887 1475 2267 1560 poetarum
2311 1487 2491 1560 proe-

359 1591 575 1687 cipue
608 1606 819 1663 ornat
856 1592 1527 1690 eloquentissimum
1575 1593 1800 1664 Saleii·
1823 1595 2015 1665 Bassi
2072 1619 2361 1666 carmen
2384 1593 2491 1666 ad

361 1723 831 1822 Calpurnium
868 1726 1244 1812 Pisonem,
1283 1725 1488 1822 quod
1526 1750 1755 1822 quum
1792 1726 1959 1805 satis
1996 1729 2413 1824 castigatum·
2438 1753 2493 1831 ‘a

361 1855 608 1927 Cortio
645 1857 1074 1953 reperissem
1096 1911 1116 1942 ,
1157 1858 1656 1929 recensionem
1696 1857 1855 1951 ejus
1898 1871 2249 1953 sequutus
2290 1863 2493 1945 sum;

359 1987 774 2058 varietatem
809 1987 1138 2059 lectionis
1169 2011 1334 2058 cum
1367 1989 1807 2083 conjecturis
1839 1987 2141 2083 aliorum
2168 1969 2497 2083 subjeci,

361 2132 712 2215 perpetuo
753 2119 1272 2190 commentario
1313 2088 1464 2216 ipse
1509 2120 1783 2216 primus
1834 2119 2185 2192 illustravi
2202 2155 2229 2206 ‚·
2250 2119 2489 2216 'quum

357 2261 568 2321 antea
603 2273 820 2321 nemo
861 2252 938 2320 in
977 2249 1196 2336 illud,
1225 2250 1363 2322 nisi
1393 2255 1878 2322 Bersmannus
1910 2249 2155 2321 brevia
2186 2250 2493 2338 scholia,

359 2395 432 2452 et
470 2383 781 2481 Scaliger
816 2408 1080 2481 paucas
1119 2382 1662 2455 observationes
1704 2385 2119 2482 scripsisset.
2157 2384 2497 2456 Similiter

355 2514 661 2586 Licentii
701 2521 992 2586 carmen
1027 2515 1118 2588 ad
1147 2517 1684 2612 Augustulum,
1721 2514 2072 2586 disertum
2122 2541 2329 2604 sane,
2368 2515 2495 2587 sed

357 2643 745 2717 obscuruni
773 2647 1020 2718 multis
1041 2646 1215 2719 locis
1240 2661 1312 2719 et
1333 2661 1785 2745 corruptum,
1808 2673 1971 2719 cum
1992 2649 2324 2746 Epitome
2352 2647 2496 2718 Ilia-

357 2777 489 2850 dos
525 2783 852 2865 Homeri,
889 2803 1086 2850 nunc
1122 2781 1437 2884 primum
1474 2804 1647 2852 cura
1692 2781 1935 2852 critica
1977 2794 2487 2878 pertractatum

355 2925 428 2980 et
468 2925 826 3011 perpetua
859 2910 1329 2984 adnotatione
1366 2911 1802 2985 illustratum
1840 2911 2107 3014 prodit.
2144 2911 2493 3009 Reliquo-

355 3068 518 3114 rum
561 3046 958 3116 carminum
1007 3044 1352 3143 pleraque
1395 3070 1436 3116 e
1479 3047 1669 3116 Petri
1704 3046 2099 3116 Burmanni
2142 3041 2491 3115 Antholo—

351 3179 462 3275 gia
504 3179 760 3250 Latina
801 3176 947 3249 huc
992 3177 1312 3266 traduxi,
1343 3180 1553 3274 cujus
1590 3179 1809 3250 etiam
1840 3177 2227 3276 diligentiae
2262 3177 2489 3249 multa

357 3311 592 3384 debeo
639 3313 716 3382 in
759 3313 1306 3383 annotationem
1350 3337 1587 3384 meam
1628 3311 1875 3384 relata.
1929 3311 2139 3384 Plura
2193 3309 2491 3418 quidem

355 3445 670 3516 carmina
707 3469 794 3516 ex
832 3459 1180 3542 apparatu
1211 3443 1657 3542 Anthologiae
1690 3445 2237 3516 Burmannianae
2259 3421 2489 3513 trans·

353 3577 536 3649 ferre
594 3579 670 3648 in
720 3577 936 3650 hanc.
963 3577 1260 3649 classem
1318 3575 1776 3648 heroicorum
1837 3577 2233 3674 potuissem
2254 3628 2275 3661 ,
2323 3599 2487 3672 quae
2560 3551 2565 3556 ”

356 3706 632 3781 fabulas
678 3714 1002 3784 Deorum
1039 3726 1112 3782 et
1155 3711 1466 3782 heroum
1522 3711 1856 3806 antiquas
1898 3721 2299 3806 exponunt.
2348 3689 2489 3777 Sed

353 3841 698 3936 quoniam
754 3839 905 3912 fere
961 3843 1208 3913 omnia
1262 3842 1530 3912 misero
1586 3839 2177 3912 scholasticorum
2236 3835 2486 3908 labore

356 3998 444 4042 ex
469 3975 682 4044 meris
707 3945 982 4070 laciniis
1013 3987 1084 4044 et
1110 3971 1494 4071 phrasibus
1519 3972 1931 4069 Virgilianis
1957 3968 2291 4041 videbam
2322 3993 2492 4040 con-

357 4104 704 4174 sarcinata
721 4159 739 4191 ,
762 4103 1052 4204 indigna
1073 4103 1366 4201 quidem
1389 4129 1470 4176 ea
1485 4159 1504 4190 ,
1523 4119 1605 4175 ut
1624 4105 1773 4174 veri
1794 4100 2145 4200 poematis
2168 4102 2487 4188 nomine,
