2975 4684
765 349 1188 418 CARMEN
1249 353 1385 420 AD
1448 353 2143 424 AUGUSTINUM.

2372 358 2512 444 435

487 471 648 557 Hic,
690 469 802 540 hic
845 487 1078 566 regnat
1111 472 1415 544 amicitiae
1457 474 1658 544 decus
1694 476 1883 546 hoste
1928 477 2201 572 fligato:

485 583 660 651 Nam
698 606 915 676 neque
957 599 1238 678 propter
1263 608 1424 679 opes
1453 586 1723 671 vitrea,
1757 611 2127 682 aurumque
2160 589 2423 679 rebelle,
2440 621 2513 658 ωε,

479 691 834 784 :Iungimus
865 715 1168 762 assensus
1198 695 1617 782 animorum3
1668 721 1821 764 nam
1858 721 2073 791 neque
2110 698 2291 794 vulgi

483 802 620 870 Nos
661 800 930 870 fortuna
972 827 1209 891 ruens,
1250 830 1397 898 quae
1439 820 1699 899 separat
1732 805 1975 894 ardua,
2010 807 2264 899 junxit3

481 910 611 980 Sed
653 907 844 980 labor
885 913 1205 982 interiora
1247 912 1470 1008 legens
1514 912 1781 1008 vulgata
1814 913 2087 999 libellis,

481 1025 701 1113 Atque
739 1021 978 1091 animis
1022 1023 1289 1091 inventa
1326 1023 1489 1110 tuiS‚
1522 1039 1589 1092 et
1622 1022 1846 1093 nobile-
1882 1024 2121 1119 dogma

481 1128 818 1200 Indictum
839 1183 860 1216 ‚
895 1147 1263 1226 contraque
1297 1133 1511 1204 bonos
1554 1158 1869 1228 responsa
1904 1133 2169 1206 relatus.

478 1242 562 1307 Et
605 1264 750 1308 mea
787 1239 1127 1335 Calliope,
1163 1243 1464 1336 quamvis
1503 1257 1567 1311 te
1604 1245 1907 1312 cominus
1936 1243 2147 1314 altum

475 1351 791 1437 ssot-reat,
821 1363 888 1417 et
929 1349 1149 1419 vultus
1185 1352 1575 1450 abscondat,
1609 1351 1845 1422 inutile
1883 1369 2215 1442 tractans3

375 1595 519 1628 atrior
543 1580 736 1638 honesti
745 1615 762 1638 ,
798 1579 836 1630 i.
875 1597 924 1632 e.
957 1591 1155 1633 arctum
1194 1581 1319 1632 facit
1347 1592 1399 1632 et

377 1668 522 1709 tenet
545 1658 810 1727 copulam.

453 1743 565 1799 104.
590 1741 741 1788 Hoste
745 1738 938 1804 ,ᾖς-σεο
951 1777 968 1800 ‚
1003 1737 1108 1790 illis
1133 1737 1396 1808 cupidita·

372 1814 512 1867 tibus
541 1815 762 1886 fugatis,
781 1834 902 1887 quae
927 1815 1103 1870 hostes
1124 1835 1236 1870 esse
1260 1835 1395 1870 vern

373 1894 612 1947 amicitie
633 1896 822 1948 solent.

449 1973 565 2026 105.
593 1981 788 2042 Propter
801 1995 915 2044 opes
931 1973 1254 2036 vineas,hoc
1279 1987 1359 2027 est
1373 2015 1389 2042 ‚

371 2051 582 2123 fragiles
599 2094 614 2119 ,
661 2064 716 2108 et
767 2053 920 2107 facilc
963 2051 1279 2125 perdendas.
1321 2085 1392 2094 —

371 2137 560 2184 Aurum
585 2136 784 2195 rebelle,
812 2132 958 2205 quod
977 2143 1227 2204 perpetua
1253 2132 1392 2185 inter

367 2211 610 2264 homines
625 2213 757 2264 bella
780 2224 833 2264 et
853 2210 1064 2265 dissidia
1085 2223 1244 2265 creat.
1263 2212 1390 2266 Pro-

370 2301 504 2362 pert.
524 2291 609 2342 111
627 2329 642 2352 ‚
669 2293 732 2346 13
751 2330 768 2356 ,
794 2303 898 2360 49:
933 2317 960 2338 α
987 2295 1133 2343 Auro
1151 2291 1303 2363 pulsa
1327 2291 1388 2343 fi-

368 2368 462 2422 des
477 2409 492 2434 ‚
525 2387 658 2422 auro
677 2371 878 2423 venalia
896 2373 1014 2442 jura
1037 2395 1059 2416 ιι
1074 2409 1086 2422 .
1124 2369 1348 2424 Ovidius
1368 2408 1385 2435 ‚

367 2448 494 2501 Met.
513 2449 541 2500 Ι
559 2485 576 2512 ,
600 2455 694 2512 141
721 2467 738 2502 z
768 2473 790 2495 ι
813 2449 1040 2521 Jamque
1059 2467 1258 2503 nocens
1277 2449 1387 2503 fer·

365 2545 484 2580 rum
502 2564 517 2591 ,
564 2528 810 2600 ferroque
867 2529 1142 2582 nocentius
1197 2547 1386 2582 aurum

363 2606 662 2674 Prodierat3
687 2607 862 2679 prodit
877 2609 1076 2662 bellum
1091 2647 1107 2671 ,
1125 2609 1272 2679 qnod
1287 2627 1384 2682 pn-

362 2698 487 2756 gnat
510 2697 737 2759 utroque
759 2713 804 2741 υ.

441 2783 558 2837 107.
577 2771 708 2819 Nam
727 2787 886 2836 neque
908 2771 1048 2836 wlgi
1065 2773 1168 2820 Nos
1169 2772 1383 2838 jor-mna

362 2865 528 2898 ruens.
555 2846 788 2900 Fortuna
821 2847 910 2898 illa
955 2846 1109 2898 fallax
1137 2859 1186 2898 et
1213 2846 1382 2901 varin-
1470 2895 1475 2902 .

363 2924 486 2978 bilis
505 2963 522 2990 ‚
543 2943 664 2996 quae
689 2937 766 2978 est
787 2926 842 2978 in
871 2925 1062 2979 divitiis
1087 2938 1140 2978 et
1166 2927 1384 2980 honori-

362 3003 464 3056 bus
491 3005 722 3058 externis
737 3045 753 3070 ,
785 3021 1051 3077 quamque
1083 3005 1272 3076 vulgus
1299 3025 1382 3059 re·

363 3083 566 3154 spicere
592 3085 946 3152 solet—Qua
963 3099 1165 3153 separat
1189 3089 1377 3144 ardua,

359 3181 480 3235 quie
499 3162 786 3217 discrimen
803 3164 976 3218 facere
997 3164 1134 3218 inter
1161 3164 1382 3216 honora-

359 3255 441 3295 tos
468 3254 519 3294 et
541 3241 849 3295 humiliores
867 3242 1000 3296 solet
1013 3282 1030 3307 ,
1047 3260 1220 3314 neque
1237 3261 1380 3296 com-

359 3321 568 3374 mittere
586 3358 602 3385 ,
633 3333 693 3373 nt
715 3321 972 3374 sinceram
1001 3321 1140 3374 inter
1164 3340 1219 3374 se
1241 3321 1374 3374 ami,

356 3401 536 3455 citiam
556 3400 756 3454 colant.

431 3481 550 3534 108.
561 3483 661 3532 Sed
669 3483 812 3534 labor
821 3482 1052 3531 interiora
1065 3483 1252 3548 legens.
1269 3479 1376 3534 Sed

352 3559 594 3632 quedam
609 3557 910 3612 communio
923 3559 1250 3630 societasque
1268 3571 1376 3612 stn—

352 3638 566 3692 diorum
589 3679 606 3704 ,
631 3657 800 3710 quum
839 3641 1075 3690 interioris
1120 3637 1374 3692 doctrino

350 3730 608 3789 praceptn
624 3758 640 3783 ,
673 3717 868 3790 partim
907 3728 1146 3770 veterum
1185 3717 1371 3788 sopho-

349 3817 472 3852 rum
500 3800 672 3850 libellis
693 3802 904 3866 vulgata
929 3807 1024 3850 tuo
1051 3795 1216 3849 ductu
1242 3800 1369 3864 legi,

347 3877 540 3950 purtim
565 3881 660 3929 tuis
685 3877 854 3948 ipsius
884 3879 1093 3936 animis,
1143 3888 1234 3928 tua
1259 3895 1372 3929 me·-¹

347 3957 606 4010 ditatione
618 3995 636 4022 ,
659 3959 857 4008 inventa
873 3955 1054 4009 andivi
1072 3956 1154 4008 vel
1169 3956 1286 4026 legi.
1305 3987 1374 3996 —

349 4043 411 4089 Ee
435 4038 598 4088 nobile
621 4040 806 4104 degum
825 4038 1065 4086 Indicum
1080 4073 1095 4094 ,
1131 4034 1234 4087 hoc
1261 4047 1337 4087 est
1351 4071 1367 4098 ,

345 4115 568 4188 quando
592 4115 932 4188 questionem
959 4115 1192 4186 aliquam
1217 4112 1369 4168 nobi—

1482 1580 1547 1633 lis
1574 1581 1867 1652 argumenti
1887 1583 2219 1654 proponebas
2234 1623 2251 1648 ,
2268 1599 2317 1634 ee
2334 1600 2505 1638 eontra

1482 1677 1571 1720 ea,
1588 1678 1707 1730 quae
1724 1677 1823 1712 nos
1840 1662 1961 1712 bene
1976 1664 2159 1729 mser-re
2177 1660 2245 1714 ad
2264 1665 2502 1734 proposi—

1481 1750 1594 1790 tum
1614 1738 1945 1802 videbamur,
1964 1739 2129 1794 solide
2150 1747 2497 1809 respondebas.

1479 1817 1615 1881 Quae
1650 1817 1737 1870 hic
1774 1819 2005 1870 interiora
2044 1837 2101 1872 se
2142 1821 2329 1891 legisse
2368 1821 2501 1879 dicit

1480 1895 1780 1961 Licentins,
1827 1911 2018 1948 secreta
2058 1901 2297 1954 nominat
2334 1901 2495 1954 Clau-

1477 1972 1701 2039 dianus,
1745 1974 1815 2028 de
1848 1977 2063 2030 Consul.
2096 1977 2243 2031 Mau,
2272 1999 2345 2033 vs.
2392 1984 2498 2050 67:

1483 2077 1507 2100 ι
1538 2053 1731 2108 Omnia
1770 2055 2035 2126 Cecropia
2074 2058 2263 2129 relegis
2300 2072 2501 2113 secreta

1476 2144 1697 2186 senectae
1718 2152 1777 2197 »ς
1808 2145 1861 2186 et
1882 2133 1989 2188 vid.
2016 2134 2159 2190 dicta
2184 2137 2252 2192 ad
2276 2154 2413 2191 vers.
2448 2143 2497 2194 6.

1551 2230 1573 2263 1
1588 2230 1665 2264 10.
1698 2217 1977 2282 Contraque
1993 2219 2145 2267 bonos
2162 2236 2399 2285 responsa
2418 2237 2498 2270 re-

1473 2292 1603 2340 latus
1618 2311 1637 2342 .·
1676 2292 1751 2344 sic
1770 2293 2007 2346 Pithoeus
2024 2306 2075 2346 et
2094 2295 2286 2348 Reinh.
2316 2296 2495 2350 edide-

1471 2381 1599 2420 runt
1612 2411 1628 2434 ‚
1650 2369 1743 2424 sed
1770 2387 2043 2441 contraque
2070 2376 2221 2426 bonus
2258 2396 2493 2444 responsa

1471 2451 1653 2499 relatus
1672 2467 1813 2502 nova
1830 2450 1913 2504 ed.
1935 2453 2105 2505 Antw.
2134 2453 2245 2524 Ego
2262 2456 2494 2526 priorem

1469 2527 1748 2580 lectionem
1774 2531 2029 2601 profero.
2064 2544 2115 2584 et
2142 2534 2385 2604 superius
2404 2553 2494 2587 ex-

1468 2605 1681 2675 plicavi.
1722 2607 1929 2662 Laudat
1964 2609 2231 2664 Licentiae
2266 2611 2495 2685 disputa·

1469 2685 1637 2738 tiones
1683 2686 1914 2740 eruditas
1930 2725 1947 2750 ,
1984 2699 2035 2741 et
2070 2691 2333 2762 colloquia
2370 2712 2491 2746 cum

1468 2765 1765 2836 Augustino
1801 2766 1997 2820 habita.

1545 2863 1567 2896 1
1581 2863 1603 2896 1
1615 2863 1659 2897 1.
1677 2849 1742 2896 Ec
1756 2863 1868 2896 mea
1896 2849 2131 2913 Calliope.
2153 2847 2396 2915 Videtur,
2418 2849 2489 2902 ita

1465 2923 1687 2995 loquens
1703 2963 1719 2988 ,
1738 2923 1999 2994 respicere
2025 2923 2095 2976 ad
2126 2924 2489 2981 cavillationes

1464 3001 1775 3073 Augustini,
1795 3003 1961 3073 quiin
1988 3021 2193 3057 secessu
2212 3003 2485 3059 Cassiciaei

1465 3099 1587 3134 cum
1626 3081 1863 3134 Licentio
1898 3081 2205 3153 disputans,
2252 3082 2485 3136 studium

1466 3165 1579 3233 ejus
1602 3161 1863 3232 poetices,
1888 3171 2159 3233 tamquam
2198 3161 2387 3216 inutile
2430 3175 2482 3215 et

1463 3238 1819 3311 spernendum
1858 3259 1965 3310 prae
2004 3240 2339 3312 philosophia
2354 3279 2370 3306 ,
2398 3261 2486 3296 re·

1461 3317 1837 3391 prehenderet,
1873 3331 1925 3375 et
1958 3319 2183 3374 subinde
2212 3321 2485 3394 Calliopen

1460 3402 1573 3472 ejus
1590 3397 1912 3452 traduxerat.
1933 3399 2019 3454 Sic
2046 3398 2187 3452 enim
2212 3401 2326 3467 ille,
2344 3402 2437 3454 lib.
2460 3404 2487 3454 1

1461 3477 1529 3532 de
1544 3477 1749 3533 Ordine
1766 3515 1781 3540 ,
1805 3495 1923 3549 cap.
1945 3479 1975 3532 3
1998 3497 2011 3532 :
2034 3479 2233 3532 «video
2252 3479 2351 3532 tibi
2370 3481 2491 3533 Mu-

1459 3577 1571 3611 sam
1614 3569 1755 3610 tuam
1783 3558 1969 3610 lumen
2000 3557 2068 3612 ad
2096 3558 2487 3620 lucubrandum

1459 3635 1761 3690 accendisse
1780 3660 1806 3683 ι·
1825 3655 1843 3701 ;
1870 3647 1923 3691 et
1947 3637 2127 3708 paullo
2151 3650 2269 3710 post
2290 3657 2303 3690 ε
2332 3665 2358 3685 e·
2376 3639 2489 3691 Me-

1457 3717 1563 3770 rito
1614 3726 1673 3768 tu
1717 3717 1852 3770 nihil
1892 3715 2169 3769 mirabaris
2184 3756 2200 3782 ,
2244 3729 2296 3768 et
2338 3717 2483 3788 apud

1461 3796 1756 3866 Calliopnm
1782 3807 1835 3850 te
1862 3797 2005 3849 intus
2033 3795 2247 3848 tenebas
2266 3821 2311 3848 a.

1539 3893 1657 3930 ιη.
1692 3878 1869 3929 Inutile
1900 3889 2154 3936 vaccam,
2192 3893 2385 3945 nempe
2422 3893 2484 3929 ex

1460 3954 1713 4026 opinione
1739 3954 2049 4026 Augustini,
2072 3955 2165 4025 qni
2196 3953 2265 4006 ad
2301 3956 2485 4008 Licen-

1455 4035 1591 4087 tium
1610 4053 1743 4106 supe
1757 4071 1774 4097 ,
1794 4032 2159 4105 quodpatrem
2178 4051 2333 4086 suum
2346 4035 2477 4087 Ovi-

1458 4112 1579 4167 dius
1626 4112 1817 4167 dixisse
1864 4112 2022 4166 refert
2038 4112 2226 4178 ,Tr-ist.
2248 4114 2345 4178 lv,
2386 4132 2447 4166 ιο
2464 4151 2481 4177 ,

2091 4203 2215 4271 28.
