2975 4684
747 343 1202 411 EPITOME
1263 342 1691 411 ILIADOS
1749 346 2176 413 HOMERI.

2394 344 2533 441 567

495 468 650 535 Non
688 464 782 533 sic
813 465 1084 558 setigeri
1119 479 1456 533 exacuunt
1479 464 1851 533 fervoribus
1886 466 2055 552 iras,

491 574 1014 668 Pectoribusque
1055 588 1374 669 premunt
1403 576 1637 658 vastis»,
1676 574 1877 643 modo
1913 575 2227 645 dentibus
2255 580 2449 649 'uncis

491 687 718 754 Fortia
759 701 942 781 terga
976 700 1246 779 petunt,
1289 699 1741 779 spumamque
1780 711 1901 779 per
1926 710 2045 755 ora
2071 688 2399 758 vicissim:
2452 712 2532 751 ⁶00

491 794 846 865 Fumiferae
875 797 1118 883 nubeS,
1151 809 1595 887 concretaque
1628 796 1925 892 fulgura,
1962 814 2031 867 et
2066 801 2253 893 ignes

491 908 878 993 Jactantur,
919 930 1303 1001 magnoque
1333 903 1695 999 implentur
1732 930 2075 977 murmure
2118 907 2331 980 silvae:

389 1133 538 1185 hunc
581 1152 826 1197 versum,
867 1150 942 1185 ‘ex
977 1133 1086 1203 ipsa
1131 1128 1411 1202 transposi-

390 1212 532 1266 tione
549 1212 784 1285 adparet.
803 1214 881 1266 Eo
901 1211 1120 1285 quidem
1144 1212 1284 1273 1000,
1303 1228 1412 1281 quo

391 1310 512 1345 eum
548 1292 711 1345 codex
749 1292 966 1345 Helmst.
1007 1292 1152 1363 ponit
1172 1332 1188 1355 ,
1244 1289 1412 1361 aptior

391 1371 625 1438 videtur,
661 1373 754 1425 nbi
789 1372 856 1425 de
898 1372 1126 1425 Hectore
1165 1384 1217 1424 et
1253 1372 1434 1447 Aiace³

391 1454 683 1525 congressis
699 1452 878 1507 adhuc
898 1470 1072 1505 sermo
1091 1464 1196 1515 est,
1226 1462 1280 1503 et
1289 1454 1406 1519 gla-

390 1535 498 1583 dios
519 1532 728 1605 proprie
760 1534 998 1604 accipere
1025 1532 1148 1585 licet
1165 1568 1182 1593 ,
1219 1528 1312 1583 sed
1337 1541 1408 1583 ta-

391 1629 512 1664 men
531 1624 582 1664 et
605 1612 716 1683 ipse
741 1611 1035 1683 superfluus
1066 1623 1118 1665 et
1151 1611 1290 1663 male
1321 1609 1408 1662 in-

389 1703 559 1746 sertus
589 1705 698 1760 est,
725 1694 848 1763 quia
874 1692 1162 1746 vulnerum
1189 1688 1410 1743 inflicto-

387 1788 507 1823 rum
547 1772 812 1838 meminit,
851 1772 918 1825 de
963 1772 1156 1844 quibus
1189 1770 1406 1823 demum

389 1862 508 1921 post
523 1852 966 1923 comparationem
987 1852 1276 1924 subjectam
1295 1868 1410 1921 age-

387 1948 448 1981 re
481 1942 667 1983 auctor
704 1932 882 1983 voluit.
911 1932 1100 2001 Itaque
1137 1940 1408 2000 tamquam

388 2022 690 2079 suspectum
727 2010 938 2082 sejunxi
978 2022 1030 2062 et
1073 2007 1280 2064 uncinis
1327 2009 1409 2060 in-

295 2124 306 2131 .
386 2086 538 2141 elusi.

463 2169 588 2241 598.
608 2173 880 2221 Exacuunt
887 2170 1167 2237 fervoribus
1189 2170 1304 2219 iras.
1324 2167 1409 2221 Sic

387 2249 574 2321 scripsi
597 2268 626 2302 e
653 2250 875 2321 vulgatis
907 2248 1033 2303 edd.
1065 2251 1158 2305 MS
1184 2251 1407 2303 Helmst.

388 2330 531 2383 hunc
561 2350 769 2383 versum
807 2343 974 2383 mutat
1006 2344 1059 2383 et
1091 2352 1202 2384 uno
1242 2331 1409 2384 altero

390 2423 584 2481 auget:
621 2439 646 2457 υ
673 2412 794 2465 Non
835 2412 910 2466 sic
955 2412 1162 2484 setigeri
1211 2411 1406 2482 rapidis

304 2496 310 2504 “
390 2486 682 2542 fervoribus
733 2489 836 2541 iras
883 2490 1190 2553 Exacuunt,
1251 2488 1406 2542 silvas

389 2567 706 2637 complentes
733 2587 1004 2623 murmure
1034 2581 1182 2621 vasto
1205 2595 1252 2623 ιι.
1295 2568 1408 2639 Ego

387 2666 516 2699 vero
530 2648 754 2701 alterum
775 2649 928 2721 ejicio
939 2690 952 2715 ,
966 2647 1084 2721 quia
1104 2648 1248 2701 idem
1265 2668 1406 2715 mox,

350 2735 356 2743 '
389 2727 498 2779 fere
526 2746 590 2779 ne
622 2728 799 2781 verbis
827 2728 1046 2800 quidem
1085 2729 1375 2781 immutatis
1392 2768 1407 2792 ,

387 2805 585 2859 dicitur
605 2826 760 2860 versu
781 2812 902 2861 602.

461 2885 582 2955 599.
603 2886 750 2940 Libri
764 2886 982 2958 quidem
1005 2888 1182 2959 plures
1206 2888 1406 2941 habent

386 2970 756 3035 pectoribusque
783 2983 956 3035 petunt
967 3007 983 3029 ,
1033 2968 1126 3020 sed
1163 2987 1260 3039 ego
1294 2988 1408 3035 pre—

386 3060 528 3097 munt
552 3065 582 3098 e
609 3066 760 3099 versu
795 3060 1047 3119 sequente
1080 3048 1187 3099 huc
1211 3047 1407 3101 ducen-

385 3124 514 3176 dum
561 3127 778 3197 putavi,
825 3126 970 3198 quod
1013 3128 1084 3179 ibi
1125 3127 1318 3200 legitur
1353 3128 1406 3179 in

385 3206 640 3276 vulgatis,
677 3218 731 3259 et
769 3219 944 3260 tamen
990 3208 1166 3261 miuus
1215 3228 1404 3262 conve-

383 3284 460 3337 ni‘t
477 3327 491 3351 ‚
505 3306 676 3357 ‚quam
699 3286 788 3339 hic
803 3290 1088 3357 pectoribus.

456 3368 578 3417 600.
628 3365 770 3419 Editi
814 3365 1014 3418 habent
1057 3368 1219 3418 Fortia
1265 3379 1404 3434 terga

377 3460 608 3510 premunt
617 3468 640 3505 ,·
703 3446 792 3497 ubi
841 3448 1006 3514 fortia
1061 3460 1198 3515 terga
1244 3443 1404 3510 dixit,

382 3523 830 3593 quemadmodum
868 3526 1048 3598 paullo
1087 3538 1210 3577 ante
1239 3528 1405 3595 forces

383 3608 594 3671 clypeos.
615 3604 846 3676 Scriptus
873 3616 1049 3659 tamen
1079 3604 1300 3657 Helmst.
1317 3610 1404 3657 du-

383 3703 541 3753 raque
565 3698 706 3754 terga
718 3699 926 3754 petum5
960 3686 1053 3737 uhi
1091 3690 1219 3737 dura
1251 3687 1406 3739 etiam

385 3761 602 3817 defendi
632 3784 730 3819 usu
763 3778 1038 3836 poetarum
1069 3776 1240 3837 potest
1254 3804 1270 3829 ,
1307 3766 1408 3819 nisi

389 3844 523 3896 forte
567 3844 758 3916 copula
805 3865 900 3912 que
945 3844 1220 3897 abundans
1265 3843 1407 3898 istud

385 3923 564 3975 minus
587 3922 880 3994 genuinum
903 3923 1112 3977 indicet.
1147 3926 1283 3977 Nam
1310 3942 1407 3977 cur

388 4008 514 4054 dum
549 4002 794 4055 dicantur
826 4006 939 4073 apri
969 4017 1146 4075 terga,
1185 4003 1406 4073 explicat

391 4084 536 4152 Virg.
561 4082 756 4150 Georg.
779 4082 861 4134 111
881 4122 896 4145 ,
927 4086 1026 4138 256
1052 4102 1064 4133 :
1103 4112 1127 4129 a
1149 4082 1299 4135 fricat
1327 4102 1407 4135 ar-

1508 1129 1640 1183 bore
1660 1143 1849 1198 costas,
1863 1134 2034 1205 Atque
2060 1132 2185 1185 hinc
2204 1144 2366 1203 atque
2384 1132 2529 1187 illinc

1508 1206 1761 1263 humeros
1788 1210 1855 1263 ad
1889 1214 2107 1266 vulnera
2133 1211 2291 1265 durat
2309 1238 2350 1263 w.
2390 1212 2529 1267 Hinc

1507 1286 1575 1338 ab
1610 1290 1902 1364 Olympio,
1938 1291 2107 1345 Laud.
2146 1292 2361 1345 Hercul.
2395 1312 2527 1357 110,

1506 1386 1633 1439 aper
1656 1384 1877 1426 vocatur
1916 1398 1940 1418 ‹-
1956 1373 2179 1425 dur-atus
2206 1391 2381 1425 armos
2416 1392 2529 1425 sco-

1502 1448 1644 1519 pulis
1662 1476 1707 1502 π.

1574 1530 1673 1581 601
1689 1570 1703 1582 .
1730 1534 1995 1599 Fume'gerae
2015 1530 2212 1583 hahent
2241 1531 2365 1585 editi
2388 1552 2401 1586 ε
2431 1551 2528 1605 ego

1500 1614 1575 1661 'ex
1610 1609 1809 1681 scripto
1845 1608 1915 1662 H.
1951 1608 2076 1663 dedi
2089 1612 2371 1681 finmferoe,
2402 1614 2527 1683 quia

1502 1688 1607 1742 hoc
1633 1690 1953 1743 vocabulum
1988 1691 2239 1743 usitatum
2270 1691 2383 1745 aliis
2414 1705 2493 1745 est
2512 1734 2527 1758 ,

1504 1768 1645 1821 istud
1668 1770 1931 1840 ignotum.
1958 1794 1979 1815 ι
2004 1768 2300 1823 Fumiferos
2328 1770 2475 1843 ignes
2493 1796 2514 1817 ο

1503 1862 1663 1902 vocat
1688 1850 1839 1920 Virg.
1867 1852 1989 1902 AEn.
2013 1848 2093 1900 lx
2110 1888 2125 1913 ,
2154 1852 2251 1903 52²
2271 1869 2287 1917 ;
2310 1875 2335 1895 α
2364 1851 2524 1903 fumi-

1503 1928 1631 1981 ficos
1664 1930 1897 2001 mugitus
1918 1954 1944 1975 a·
1974 1928 2130 1981 Ovid.
2162 1930 2525 1993 Metam.VII,

1511 2015 1625 2071 114.
1666 2010 1835 2081 Supra
1889 2007 2045 2061 etiam
2086 2008 2229 2079 apud
2270 2009 2524 2063 Nostrum

1502 2090 1753 2156 armigera
1773 2088 1945 2142 Pallas
1962 2086 2239 2141 dicebatur
2256 2108 2353 2159 pro
2371 2095 2523 2142 armi-

1485 2171 1631 2235 fera.
1655 2171 1719 2221 In
1744 2167 1950 2240 reliquo
1983 2186 2140 2221 versu
2172 2168 2401 2220 multum
2432 2187 2524 2222 va·

1501 2250 1671 2301 riatur
1715 2269 1745 2302 a
1782 2248 2027 2302 librariis.
2073 2248 2139 2300 In
2179 2247 2247 2300 G.
2298 2266 2324 2298 2
2365 2266 2524 2320 supra

1498 2329 1749 2401 scriptum
1775 2340 1854 2383 est
1874 2343 1921 2380 et
1943 2330 2101 2379 crebri
2102 2328 2337 2395 fulminis
2358 2332 2521 2397 ignes,

1500 2409 1643 2462 infra
1687 2414 1830 2479 Ignes
1880 2424 1925 2461 et
1951 2410 2168 2477 fulgura
2219 2410 2404 2459 crebra.
2458 2409 2525 2461 In

1500 2490 1720 2541 Helmst.
1751 2508 1908 2562 super
1942 2490 2106 2542 erasis
2142 2487 2305 2541 literis
2332 2488 2521 2541 similia

1498 2571 1695 2640 scripta
1720 2582 1871 2635 sunt,
1892 2588 2009 2640 quae
2032 2567 2316 2621 difficulter
2334 2566 2522 2639 legun·

1500 2662 1607 2702 tur.
1631 2649 1747 2719 Ego
1766 2662 2041 2721 propterea
2061 2648 2325 2719 vulgatam
2344 2648 2522 2700 lectio-

1498 2750 1621 2783 nem
1646 2748 1754 2782 non
1786 2729 1944 2783 movi.
1984 2729 2233 2783 Barthius
2258 2747 2385 2780 vero
2412 2729 2446 2781 l.
2474 2750 2523 2783 0.

1496 2810 1713 2863 adnotat
1730 2852 1746 2875 ,
1772 2830 1944 2863 crasse
1980 2810 2085 2862 hoc
2108 2808 2311 2861 dictum
2341 2809 2410 2861 ab
2437 2829 2521 2863 au-

1497 2903 1670 2956 ctore,
1706 2909 1873 2961 quum
1930 2891 2139 2961 fulgura
2181 2900 2231 2942 et
2273 2889 2419 2961 ignes
2454 2890 2523 2941 ab

1496 2969 1639 3041 apris
1657 2969 1911 3041 exspirari
1925 2968 2083 3021 dicat.
2108 2968 2289 3021 Solent
2305 2967 2521 3040 quidem

1500 3051 1647 3119 ignes
1676 3048 1823 3120 equis
1858 3060 1910 3099 et
1934 3047 2099 3101 tauris
2121 3046 2285 3099 tribui
2306 3066 2337 3099 a
2356 3047 2521 3117 poetis

1502 3127 1627 3197 (vid.
1654 3129 1859 3181 Nemes.
1880 3126 2077 3199 Cyneg.
2102 3126 2222 3190 255,
2254 3137 2305 3177 et
2340 3125 2521 3179 Petro·

1502 3208 1579 3261 nii
1596 3226 1759 3259 carm.
1779 3204 1847 3259 de
1870 3224 1997 3279 saga
2013 3247 2028 3272 ‚
2070 3224 2146 3258 vs.
2170 3208 2284 3274 11),
2318 3204 2519 3259 fulmen

1494 3286 1651 3339 etiam
1682 3304 1811 3358 apro
1826 3326 1843 3353 ,
1861 3284 1959 3339 sed
1980 3285 2085 3339 hoc
2106 3297 2285 3337 tamen
2306 3285 2381 3337 1111
2407 3304 2521 3337 mo-

1494 3365 1728 3420 deratius
1752 3364 1972 3430 faciunt,
1989 3384 2150 3438 quam
2167 3366 2373 3417 Noster.
2392 3364 2521 3418 Ovi-

1495 3434 1645 3511 dius,
1682 3445 2101 3513 Μει.ν111,4189
2125 3486 2141 3511 ,
2167 3443 2235 3497 de
2256 3462 2389 3513 apro
2421 3446 2520 3497 ca-

1494 3524 1744 3597 lydonio:
1776 3552 1799 3569 «
1820 3524 2045 3578 Fulmen
2095 3524 2162 3576 ab
2203 3543 2297 3575 ore
2346 3524 2520 3589 venit,

1498 3605 1713 3658 frondes
1740 3602 2025 3657 adflatibus
2060 3604 2249 3657 ardent
2276 3622 2328 3667 ως
2354 3614 2407 3654 et
2434 3604 2485 3654 X
2502 3644 2515 3667 ,

1499 3686 1603 3739 550
1620 3726 1636 3751 ,
1666 3711 1687 3733 ι
1714 3684 1933 3737 Fulmen
1960 3683 2159 3737 habent
2180 3701 2327 3736 acres
2344 3682 2400 3733 in
2424 3680 2519 3734 ad·

1498 3765 1649 3817 uncis
1667 3764 1911 3817 dentibus
1933 3764 2050 3835 apri
2063 3789 2103 3815 a.

1569 3849 1691 3899 602.
1724 3850 2001 3897 Iactantur.
2028 3844 2201 3896 Etiam
2242 3842 2330 3895 1110
2366 3843 2523 3895 inter-

1500 3924 1707 3995 polatus
1738 3924 1818 3975 vel
1856 3936 2135 3994 corruptus
2178 3922 2397 3974 Helinst.
2421 3924 2519 3993 qui

1496 4003 1673 4057 scribit
1698 4008 1907 4071 Impleat
1942 4007 2025 4071 (et
2041 4020 2201 4073 supra
2224 4004 2518 4069 lactamur)

1498 4086 1753 4151 implentur
1770 4086 1952 4133 ‘vicina’
1978 4100 2218 4133 meet-mure
2240 4084 2417 4147 silva-2
