2975 4684
1196 307 1509 376 AETNA.

2289 308 2417 380 113

392 425 605 496 Nosse
640 422 841 492 fidem
880 423 1109 512 rebus,
1144 423 1512 524 dubiasque
1548 428 1894 522 exquirere
1928 453 2224 520 caussaS,

398 537 597 605 sacra
638 549 1150 628 perurgentem‚
1184 538 1526 632 capitique
1561 535 1864 606 attollere
1898 536 2168 607 caelum·
2149 593 2170 627 ‚

397 644 581 714 Scire
622 657 789 737 quot
824 657 891 712 et
924 667 1075 738 quae
1110 645 1246 716 sint
1252 671 1528 750 magno
1566 644 1811 716 natalia
1851 647 2105 717 mundo

304 847 397 879 neoe
416 841 467 878 et
488 829 749 878 celestium
780 827 969 878 itiones.
1006 826 1175 898 Igitur
1200 829 1325 897 eff'u-

304 911 369 962 u‘s
400 905 557 960 tertio
584 924 709 958 casu
742 903 1111 977 accipiendum
1138 917 1217 960 est
1233 944 1251 971 ,
1276 915 1327 959 et

305 988 474 1057 struis
500 987 549 1035 t'n
576 987 775 1035 humum
794 1003 997 1052 pascere
1034 1005 1209 1054 eorpus
1234 1004 1328 1038 no-

304 1077 411 1130 tat,
448 1083 511 1118 ea
550 1075 753 1116 tantum
787 1081 1057 1136 querere,
1111 1083 1327 1138 sapere,

306 1165 425 1219 qun
456 1143 795 1208 hominibus,
822 1144 933 1196 sola
968 1155 1176 1198 terrena
1216 1160 1331 1216 spe-

309 1223 579 1292 ctantibus
598 1259 615 1286 ,
632 1233 687 1278 et
704 1241 887 1276 eorum
901 1223 1111 1294 corpori
1124 1241 1335 1296 pascen

310 1303 381 1358 do
431 1314 555 1376 apta
596 1302 719 1356 sint.
751 1331 823 1342 —-
846 1301 995 1356 Malo
1034 1314 1214 1356 tamen
1244 1299 1333 1355 hic

310 1384 481 1455 legere
510 1402 601 1434 nec
640 1384 821 1452 eff'usos
860 1384 911 1432 in
948 1385 1147 1434 humum
1160 1421 1177 1443 ,
1208 1382 1245 1434 it
1288 1399 1333 1433 e.

311 1475 581 1532 tamquam
609 1461 873 1533 projectos
912 1459 967 1512 in
996 1472 1222 1528 terram,
1254 1459 1335 1513 vel

314 1554 463 1595 terrae
503 1539 860 1607 adh-remen
882 1539 1337 1613 quemadmodum

314 1619 577 1674 Minucius
596 1659 613 1686 ,
634 1619 691 1671 in
721 1619 911 1673 Octav.
954 1637 1069 1692 cap.
1098 1622 1128 1675 5
1154 1639 1168 1674 ε
1197 1645 1223 1666 ιι
1246 1618 1340 1671 m.-

314 1712 391 1753 tra
413 1698 727 1752 humilitatis
746 1711 937 1752 nostrae
954 1701 1207 1754 terminos
1222 1717 1343 1753 eva-⁶

316 1798 543 1853 gamar,
572 1791 625 1832 et
654 1779 707 1830 in
732 1791 925 1832 terram
957 1779 1177 1852 projecti
1195 1819 1211 1846 ,
1239 1795 1339 1832 οω-

318 1861 427 1914 lum
470 1859 647 1930 ipsum
693 1869 744 1910 et
790 1857 905 1929 ipsa
940 1857 1113 1912 sidera
1152 1856 1343 1920 audaci

318 1936 607 2010 cupiditate
633 1936 1053 1990 transcendimus
1082 1962 1129 1991 ο.
1161 1938 1263 1990 En.

392 2019 515 2071 223.
536 2022 695 2068 Nosse
707 2019 871 2088 fidem
909 2022 1079 2078 rebus,
1108 2017 1345 2070 Florent-

320 2117 507 2158 rerum,
524 2095 581 2147 h.
602 2116 653 2148 e.
669 2096 805 2148 scire
824 2095 901 2148 rei
920 2099 1173 2169 cujusque
1186 2094 1347 2150 fldem

324 2177 528 2238 facere,
568 2174 897 2246 argumentis
926 2175 1165 2246 probare.
1192 2180 1351 2226 Nosse

322 2253 523 2307 habent
547 2253 789 2324 plurime
822 2252 945 2306 edd.
972 2266 1025 2306 et
1048 2255 1121 2306 sic
1148 2254 1201 2307 in
1229 2251 1351 2306 cod.

325 2333 547 2396 Eliensi,
574 2333 699 2386 item
729 2331 971 2386 Mediceo
991 2333 1093 2406 legi
1123 2334 1353 2386 affirmat

328 2413 659 2466 Burmannus
683 2410 753 2466 ad
772 2411 926 2466 ovid.
948 2413 1161 2466 Metam.
1180 2414 1207 2465 Ι
1224 2449 1241 2477 ,
1264 2412 1351 2466 85.

328 2493 439 2566 Ego
464 2491 717 2544 libentius
740 2499 890 2545 Posse
910 2493 1151 2564 legerem.
1165 2523 1232 2534 -—
1248 2499 1353 2546 Du-

331 2575 530 2640 biasque
550 2574 808 2639 exquirere
832 2592 1029 2624 caussas
1046 2591 1229 2626 omnes
1248 2571 1354 2624 mei

332 2649 509 2722 scripti
553 2661 605 2703 et
641 2649 879 2721 impressi
900 2691 917 2716 ‚
959 2664 1145 2723 proter
1191 2669 1354 2704 unam

334 2729 459 2784 edit.
480 2730 613 2780 Luc.
632 2747 753 2800 quae
772 2749 1031 2797 exposcere
1044 2768 1059 2790 ,
1078 2728 1223 2801 quod
1240 2730 1358 2801 qui-

334 2808 455 2863 dem
482 2827 515 2861 a
540 2807 758 2862 Gorallo
789 2819 1057 2880 receptum
1084 2820 1191 2872 est,
1226 2807 1356 2861 mihi

336 2901 508 2942 tamen
532 2888 707 2939 minus
729 2889 1004 2958 probatur.

408 2973 532 3030 ²²4·
562 2971 748 3028 Sacra,
772 2965 921 3037 quasi
942 2967 1001 3018 in
1038 2965 1213 3038 adytis
1236 2965 1355 3018 abs-

338 3045 548 3100 condita
568 3085 583 3112 ,
614 3056 667 3097 et
708 3045 987 3098 hominum
1013 3043 1237 3116 ingeniis
1264 3043 1359 3096 mi-

340 3144 439 3178 nus
464 3125 647 3197 pervia
663 3161 679 3187 ,
702 3140 1043 3193 pet-urgentem
1066 3136 1207 3177 recte
1228 3123 1359 3177 Gor.

342 3206 563 3278 explicat
597 3204 941 3258 insectantem
966 3215 1019 3255 et
1044 3221 1362 3274 persequen-

344 3297 445 3338 tem
466 3321 484 3348 ,
512 3294 570 3336 ut
594 3282 815 3355 propius
848 3293 1156 3354 cognoscat,
1182 3301 1363 3354 quem-

345 3361 633 3417 admodum
667 3383 839 3431 urgere
864 3363 1067 3415 Nonius
1082 3362 1251 3416 Marc.
1278 3381 1367 3416 ex-

345 3443 491 3516 ponit
530 3443 767 3493 insistere.
796 3439 889 3493 MS
921 3441 1145 3494 Helmst.
1183 3441 1367 3494 vitiose

347 3521 472 3594 legit
500 3541 601 3590 per
642 3525 885 3590 ingentem
896 3559 914 3584 ,
963 3521 1097 3574 sicut
1135 3531 1187 3574 et
1240 3520 1365 3574 edit.

348 3601 556 3654 Aldina.
578 3632 643 3642 —
681 3603 935 3669 Capitique
954 3605 1177 3652 attollere
1196 3604 1368 3651 coelum

348 3699 530 3734 omues
563 3679 747 3752 scripti
774 3691 825 3732 et
860 3679 987 3734 editi
1005 3720 1021 3746 ,
1049 3679 1199 3732 nullo
1220 3697 1367 3732 exce-

350 3773 443 3833 pto
461 3800 477 3824 ‚
494 3761 695 3832 legunt.
719 3759 949 3831 Scaliger
970 3773 1147 3812 tamen
1168 3771 1369 3812 mutan·

352 3839 479 3893 dum
522 3838 729 3911 putavit
770 3855 919 3906 caput
956 3855 1109 3908 atque
1147 3841 1371 3890 attollere

352 3925 471 3972 eoelo
488 3959 507 3982 ‚
538 3917 687 3991 quod
704 3919 945 3990 probavit
966 3933 1017 3973 et
1038 3918 1233 3990 recepit
1257 3917 1369 3969 Go-

352 3999 533 4053 rallus.
572 3998 921 4052 Menckenius
938 4039 953 4064 ,
974 3997 1195 4051 Miscell.
1223 3997 1365 4068 Lips.

355 4097 479 4132 nov.
508 4077 617 4132 vol.
651 4078 724 4143 V,
746 4096 868 4148 pag.
904 4079 1001 4132 156
1020 4115 1034 4138 ,
1057 4088 1238 4130 contra
1270 4087 1373 4128 sta-

358 4159 455 4212 tuit
480 4155 802 4231 hypallagen
838 4157 895 4209 in
916 4156 1124 4228 vulgata
1151 4154 1375 4208 lectione

602 4251 743 4315 III.

2349 677 2424 718 225

1411 827 1793 900 agnoscendam
1808 866 1823 891 ,
1838 829 2142 900 pariterque
2159 829 2434 885 ferendam

1412 918 1471 960 ut
1499 907 1552 960 in
1575 904 1826 980 Virgilio,
1854 907 1946 979 qui
1969 908 2149 981 plures
2171 910 2432 982 ejusmodi

1410 985 1622 1040 habeat.
1672 985 1786 1058 Ego
1829 985 2112 1040 tenendam
2156 986 2436 1044 lectionem

1414 1065 1722 1156 vulgatam,
1759 1083 1856 1117 nec
1901 1075 2076 1119 tamen
2119 1066 2436 1143 hypallagen

1414 1134 1471 1196 in
1492 1163 1554 1198 ea
1572 1141 1902 1197 statuendam
1917 1160 2070 1216 puto.
2088 1146 2237 1200 Alius
2251 1150 2443 1202 verbo-

1414 1242 1538 1277 rum
1555 1241 1739 1276 sensus
1757 1233 1867 1288 est,
1887 1242 1948 1276 ac
1973 1224 2072 1278 viri
2091 1225 2169 1278 iili
2184 1224 2324 1280 docti
2343 1246 2442 1301 pu·

1416 1313 1529 1356 tant
1541 1339 1558 1367 ,
1581 1313 1632 1356 et
1656 1305 1806 1370 capia
1801 1305 2048 1356 attollere
2073 1309 2246 1357 mtrem
2263 1317 2342 1360 est
2360 1325 2440 1360 ca·

1416 1382 1512 1454 piti
1525 1421 1540 1445 ‚
1588 1380 1734 1454 quod
1767 1400 1862 1435 sua
1901 1394 2092 1437 natura
2126 1384 2351 1439 sublime
2387 1397 2442 1438 et

1418 1473 1652 1515 erectum
1689 1475 1766 1514 est
1785 1502 1800 1527 ,
1837 1463 2242 1518 accommodare
2281 1477 2334 1518 et
2375 1463 2444 1518 ad

1420 1539 1884 1612 contemplandum
1913 1560 2208 1614 proponere
2234 1562 2320 1598 res
2359 1563 2446 1597 su·

1420 1621 1608 1674 blimes
1632 1637 1692 1672 ac
1709 1619 1977 1686 caelestem
2017 1620 2102 1674 vel
2134 1623 2356 1676 celestia
2397 1635 2449 1676 et

1422 1699 1662 1752 sublimia
1693 1699 1950 1769 cogitare,
1985 1711 2046 1752 ut
2084 1699 2248 1772 digna
2277 1707 2448 1772 capite

1424 1791 1475 1832 et
1502 1789 1642 1831 statu
1661 1797 1758 1831 suo
1777 1789 1971 1832 erecto.
1999 1809 2061 1820 --
2081 1780 2309 1832 Videtur
2335 1781 2450 1834 hoe³c

1426 1858 1628 1930 phrasis
1668 1859 1888 1910 formata
1930 1857 1999 1912 ad
2035 1857 2256 1912 modum
2289 1858 2452 1932 hujus

1424 1937 1612 2008 virgil.
1655 1939 1779 1988 AEn.
1817 1938 1932 2001 111,
1968 1939 2092 2001 134:
2125 1957 2454 2012 «arcemque

1428 2018 1672 2084 attollere
1705 2017 1854 2070 tectis
1875 2043 1899 2062 a
1919 2055 1934 2080 ,
1977 2016 2035 2070 id
2071 2029 2149 2071 est
2172 2059 2187 2086 ,
2235 2038 2454 2092 acropo-

1428 2097 1524 2149 lim
1545 2095 1808 2149 aedificare
1825 2137 1840 2162 ,
1860 2107 2023 2168 prout
2043 2110 2230 2150 caetera
2249 2111 2384 2152 tecta
2402 2111 2456 2152 et

1429 2175 1622 2230 domus
1655 2176 1800 2228 urbis
1843 2175 1899 2228 id
1927 2176 2204 2248 requirunt
2223 2215 2238 2240 ,
2269 2177 2356 2232 vel
2387 2177 2458 2232 ad

1431 2252 1756 2308 decorandas
1775 2265 1828 2308 et
1845 2253 2206 2308 defendendas
2223 2256 2360 2310 aedes
2377 2275 2458 2310 re-

1432 2333 1620 2404 liquas.
1641 2334 1746 2386 En.
1771 2365 1840 2374 —
1859 2333 2030 2386 Aliam
2058 2346 2108 2386 et
2140 2335 2456 2408 argutiorem

1434 2411 1858 2466 emendationem
1879 2413 2035 2465 affert
2050 2413 2241 2484 Scalig.
2260 2415 2460 2469 «Sacra

1435 2503 1806 2564 perurgentem
1837 2491 2031 2564 captivi
2057 2492 2242 2545 tollere
2277 2492 2388 2546 caeli
2410 2521 2456 2547 ιο.

1435 2571 1612 2636 Quam
1655 2569 1834 2624 laudat
1877 2569 2370 2634 Lindenbruchius,
2407 2585 2460 2626 et

1436 2649 1541 2702 hoc
1553 2668 1629 2702 vs.
1646 2649 1884 2712 Manilii,
1909 2651 2268 2722 127‚probat:
2287 2653 2462 2718 «Quis

1438 2739 1592 2801 neget
1625 2747 1735 2782 esse
1761 2729 1910 2782 nefas
1942 2729 2163 2782 invitum
2199 2729 2461 2800 prendere

1439 2807 1700 2861 mundum
1718 2845 1734 2872 ,
1749 2807 1816 2859 Et
1831 2808 2050 2860 velutin
2070 2818 2232 2862 semet
2247 2819 2464 2879 captum

1439 2886 1706 2942 deducere
1736 2887 1792 2939 in
1831 2885 2051 2939 orbem?
2073 2912 2096 2931 ··
2117 2886 2228 2958 Ego
2269 2888 2460 2957 proba-

1444 2987 1560 3021 rem
1609 2966 1749 3020 idem
1772 3006 1788 3032 ,
1837 2967 1881 3018 si
1925 2965 2287 3018 emendatione
2331 2983 2464 3038 opus

1447 3065 1559 3101 esee
1584 3043 1874 3099 crederem.

1523 3127 1640 3179 225.
1664 3127 1761 3176 Cur
1781 3143 1959 3192 magno
1979 3125 2104 3174 talia
2118 3143 2137 3175 .-
2155 3122 2230 3176 sic
2252 3123 2466 3195 quidem

1448 3223 1632 3259 omnes
1651 3202 1771 3256 edd.
1789 3202 1877 3255 sed
1893 3201 2124 3273 Scaliger
2137 3203 2192 3254 in
2206 3205 2469 3259 veteribus

1451 3283 1771 3338 membranis
1808 3280 2049 3335 invenit:
2085 3281 2269 3336 «Scire
2303 3298 2466 3354 quot,

1453 3377 1505 3418 et
1531 3381 1648 3436 qun
1681 3363 1792 3417 ‘sint
1823 3379 2016 3434 magno
2045 3362 2239 3415 natalia
2269 3363 2470 3417 mundo

1452 3442 1715 3514 Principia
1741 3465 1762 3487 ι
1783 3459 1796 3494 :
1837 3443 2028 3513 quibus
2073 3441 2295 3494 succinit
2346 3444 2468 3498 cod.

1455 3523 1596 3576 Flor.
1628 3522 1718 3594 qui
1759 3541 1937 3590 magno
1961 3524 2157 3589 fatalia
2195 3521 2356 3574 habet
2377 3559 2390 3584 ,
2421 3535 2474 3576 et

1454 3601 1578 3656 cod.
1627 3601 1848 3654 Helmst.
1892 3603 2018 3652 talia
2059 3599 2273 3670 quidem
2319 3600 2473 3671 legit,

1454 3681 1548 3734 sed
1583 3681 1776 3733 omisso
1809 3701 1924 3742 emer
1969 3678 2057 3731 ubi
2093 3692 2214 3750 post
2249 3681 2472 3734 verbum

1454 3780 1634 3830 magno
1660 3760 1811 3812 facile
1836 3757 2072 3812 excidere
2097 3758 2265 3848 potuit
2289 3759 2471 3814 similis

1454 3839 1656 3912 syllaba
1673 3859 1758 3890 na.
1773 3839 1888 3908 Ego
1909 3837 2045 3888 hanc
2063 3836 2374 3907 scripturam
2393 3858 2472 3891 re-

1456 3916 1755 3971 ducendam
1787 3913 2006 3987 putavi,
2031 3934 2198 3987 quum
2223 3929 2273 3968 et
2293 3930 2472 3988 aptum

1456 3999 1612 4070 plane
1643 3997 1712 4049 sit
1746 3999 1938 4047 natalia
1969 3992 2076 4048 dici
2102 4015 2168 4046 me
2165 3999 2272 4047 mdc·
2285 4000 2472 4064 princi·

1455 4081 1574 4145 pia,
1612 4077 1646 4128 i.
1681 4095 1730 4129 e.
1765 4074 2056 4142 naturalia,
2089 4075 2364 4145 originalia
2387 4113 2402 4138 ,
2425 4089 2476 4129 et

1462 4155 1696 4208 Lucilius
1714 4154 1814 4208 hoc
1833 4153 1952 4206 loco
1964 4191 1979 4216 ,
2000 4165 2054 4205 ut
2068 4154 2194 4206 alibi
2211 4193 2226 4218 ‚
2240 4155 2481 4209 Gratium

2100 4239 2141 4308 8
