2975 4684
478 360 614 433 292
1181 337 1717 406 EXCURSUS
1780 336 1891 403 lv

474 460 598 523 Ubi
629 460 885 541 majoris
908 458 1060 521 artis
1087 474 1154 523 et
1173 458 1418 548 ingenii
1443 474 1581 523 erat
1600 506 1619 539 ‚
1640 458 1693 521 si
1720 456 1865 545 quis
1890 456 1981 519 ita
2004 454 2258 544 fugeret
2272 502 2292 535 ,
2314 470 2391 517 ut
2411 454 2603 518 simul

474 562 726 627 hostem
761 561 958 625 alium
987 559 1372 626 adoriretur.
1402 560 1510 624 Sic
1539 560 1779 623 Noster
1804 581 1864 622 v.
1904 555 2066 633 184:

765 750 1093 766 ..........
1105 713 1225 785 quis
1254 732 1362 765 non
1386 714 1655 785 periturus
1680 708 1913 782 perdidit
1938 708 2187 763 hostem?

753 801 897 851 Dum
924 797 1086 869 fugit,
1121 798 1228 869 ipse
1253 796 1405 868 rapit.

473 951 599 1016 Sed
624 968 700 1017 ut
727 952 862 1017 tolli
895 967 1089 1040 atque
1121 951 1404 1015 interimi
1439 973 1573 1013 non
1612 950 1735 1013 nisi
1768 972 1939 1013 unus
1972 948 2253 1013 calculus
2282 969 2318 1010 a
2346 946 2608 1011 duobus

473 1052 898 1118 discoloribus
941 1068 1227 1141 poterat,
1261 1052 1354 1116 sic
1395 1067 1624 1115 contra
1660 1051 1901 1139 alligari
1937 1048 2019 1113 ab
2058 1070 2192 1113 uno
2224 1046 2360 1111 duo
2392 1044 2609 1111 disco·

472 1154 659 1217 lores.
687 1153 948 1235 Noster,
980 1176 1042 1216 v.
1080 1154 1198 1219 182
1217 1202 1236 1235 ‚
1274 1152 1359 1221 Ut
1382 1153 1591 1217 niveus
1617 1154 1859 1241 πίει-οε,
1891 1174 2059 1215 nunc
2090 1168 2153 1215 ec
2178 1151 2356 1238 niger·
2390 1148 2617 1238 alliget

471 1254 649 1318 albos
661 1278 689 1334 ;
720 1271 784 1319 et
811 1279 872 1320 v.
915 1253 1066 1340 189:

755 1412 1021 1485 Ancipites
1039 1412 1179 1467 subit
1201 1412 1288 1465 ille
1315 1432 1490 1465 moras
1507 1454 1523 1480 ,
1542 1410 1831 1485 similisque
1849 1412 2011 1483 ligato

755 1496 967 1568 Obligat
993 1496 1105 1568 ipse
1131 1494 1280 1549 duos.

477 1643 611 1723 Qui
638 1642 719 1706 ab
744 1640 997 1708 Isidoro
1018 1657 1287 1705 vocatur
1309 1642 1590 1706 calculus
1617 1644 1874 1723 incitus,
1906 1665 2041 1707 non
2070 1642 2231 1705 alius
2262 1656 2389 1721 est,
2414 1660 2611 1728 quam

475 1743 797 1833 alligatus,
825 1742 1161 1832 quomodo
1202 1766 1236 1806 a
1270 1742 1514 1807 Seneca
1546 1741 1785 1809 dicitur
1812 1746 2015 1832 Epist.
2043 1766 2251 1809 cxvn:
2282 1774 2309 1799 ι
2328 1742 2614 1807 tabulam

472 1844 996 1910 latrunculariam
1033 1843 1340 1933 perspicit
1358 1893 1378 1927 ,
1407 1860 1484 1909 ut
1514 1846 1706 1927 sciat,
1739 1842 2073 1933 quomodo
2104 1843 2395 1932 alligatus
2432 1858 2617 1907 exeat

477 1947 760 2011 calculus
782 1977 831 2011 ι».
869 1946 1094 2029 Quum
1131 1946 1332 2036 igitur
1363 1944 1603 2034 duplex
1638 1946 1802 2011 ratio
1837 1944 2196 2010 debellandi
2246 1943 2619 2034 frangendi-

478 2071 608 2136 que
654 2047 999 2112 adversarii
1044 2064 1244 2127 esset,
1296 2046 1536 2135 duplex
1584 2048 1775 2112 etiam
1825 2046 2061 2112 modus
2112 2063 2249 2112 erat
2287 2044 2613 2111 vincendi.

477 2149 644 2212 Nam
685 2148 1015 2230 vincebat,
1051 2148 1166 2237 qui
1202 2150 1303 2213 vel
1334 2149 1643 2213 omnibus
1690 2150 1945 2214 calculis
1980 2148 2415 2213 adversarium
2458 2170 2617 2237 spo-

477 2250 724 2330 liasset,
752 2249 852 2312 vel
882 2248 1166 2337 reliquos
1195 2250 1331 2329 ejus
1362 2250 1448 2333 ita
1475 2250 1827 2339 alligasset,
1851 2267 1927 2315 ut
1954 2250 2168 2314 nullus
2202 2252 2343 2314 sine
2372 2248 2617 2313 damno

478 2350 628 2413 cieri
663 2366 900 2437 posset.
928 2350 1062 2430 Qui
1094 2350 1183 2414 ita
1212 2349 1422 2413 victus
1455 2368 1625 2433 erat,
1654 2351 2001 2440 proverbio
2034 2351 2369 2417 dicebatur
2392 2351 2490 2415 ad
2513 2355 2615 2415 in-

478 2453 666 2533 citas,
691 2452 795 2515 vel
819 2453 1014 2515 incim
1031 2498 1052 2530 ‚
1075 2450 1383 2517 redactus·
1409 2453 1494 2515 Et
1520 2454 1831 2541 quoniam
1857 2452 2112 2519 Isidoro
2135 2470 2401 2518 auctore
2428 2475 2620 2543 egen·-

481 2570 576 2616 tes
621 2552 920 2616 homines
967 2553 1272 2617 translate
1321 2554 1620 2642 appellati
1666 2556 1874 2635 inciti,
1910 2556 2066 2620 hinc
2101 2571 2313 2644 patet,
2352 2555 2618 2643 proprie

479 2654 609 2719 hoc
632 2654 1024 2718 vocabulum
1071 2677 1207 2718 non
1252 2652 1335 2718 de
1382 2656 1522 2719 solo
1558 2655 1804 2719 calculo
1837 2656 2187 2738 immobili,
2212 2654 2326 2719 sed
2359 2653 2441 2719 de
2459 2650 2617 2743 'ipso

481 2758 699 2820 lusore
731 2773 1118 2844 usurpatum
1153 2778 1321 2838 esse,
1353 2757 1468 2844 qui
1508 2756 1764 2821 calculis
1797 2758 1931 2822 fere
1964 2758 2270 2822 omnibus
2306 2758 2617 2846 spoliatus

483 2856 764 2945 reliquos
802 2856 994 2920 etiam
1030 2855 1262 2920 incitos
1312 2856 1601 2921 haberet.
1648 2858 1993 2922 Salmasius
2040 2857 2120 2922 ad
2170 2859 2401 2947 Script.
2449 2858 2613 2923 Hist.

482 2962 644 3049 Aug.
671 2976 829 3023 tom.
860 2960 952 3041 ΙΙ,
1003 2983 1070 3048 p.
1106 2963 1234 3047 740
1267 2957 1419 3023 edit.
1454 2958 1655 3025 Hack.
1690 2960 1987 3025 observat
2017 2962 2333 3025 calculum
2358 2964 2617 3026 incitam

480 3060 679 3127 hodie
710 3060 940 3126 eodem
979 3062 1046 3125 in
1075 3059 1230 3125 ludo
1267 3060 1615 3125 Scaechum
1650 3075 1921 3127 mattam
1959 3060 2086 3126 dici
2118 3063 2352 3155 solere,
2387 3060 2457 3126 id
2482 3079 2613 3145 est,

483 3164 840 3226 contritum
875 3178 940 3227 et
974 3161 1315 3226 subactum
1349 3184 1561 3250 eoque
1589 3163 1717 3227 loci
1744 3161 2081 3245 adactum,
2106 3180 2181 3227 ut
2204 3164 2449 3227 moveri
2480 3186 2615 3227 non

483 3263 716 3351 possit:
745 3261 942 3350 idque
972 3264 1189 3350 ipsum
1216 3263 1607 3327 vocabulum
1640 3264 1984 3352 antiquum
2016 3287 2187 3347 esse,
2221 3281 2287 3329 et
2322 3266 2389 3329 in
2428 3264 2617 3329 Glos-

486 3367 571 3430 sis
629 3365 866 3452 exponi
927 3366 1278 3429 humectum
1292 3413 1313 3446 ‚
1361 3364 1709 3430 emollitum
1728 3414 1749 3447 ,
1798 3364 2117 3454 iefitctum.
2172 3368 2617 3456 Provocatque

485 3466 647 3531 adeo
701 3465 782 3530 ad
831 3466 1048 3530 locum
1099 3466 1426 3529 Ciceronis
1469 3464 1553 3529 ad
1583 3468 1715 3530 Att.
1762 3466 1951 3548 XVI,
1984 3466 2062 3530 13
2085 3516 2103 3549 ,
2141 3467 2255 3531 uhi
2290 3467 2617 3555 longulum

485 3592 637 3631 sane
659 3570 851 3631 iteret
874 3569 989 3629 via
1011 3580 1244 3645 matta,
1273 3566 1340 3630 h.
1372 3590 1426 3630 e.
1465 3568 1674 3630 lutosa
1709 3584 1775 3631 et
1803 3568 2128 3632 humecta.
2158 3567 2283 3632 Sed
2303 3570 2619 3657 vulgatior

485 3669 842 3755 meliorque
886 3667 1112 3747 lecti0,
1154 3689 1350 3754 quam
1404 3668 1698 3733 Graevius
1754 3670 1945 3733 etiam
2004 3671 2307 3752 servavit,
2361 3686 2458 3733 est
2505 3674 2618 3735 via

483 3776 692 3859 inepta
711 3818 732 3851 ‚
759 3786 825 3833 et
855 3792 998 3857 quae
1028 3791 1065 3832 e
1089 3770 1413 3834 veteribus
1443 3770 1687 3835 Glossis
1719 3772 2009 3859 exempla
2033 3773 2209 3835 vocis
2241 3786 2477 3836 mattas
2508 3769 2621 3833 ad-

488 3873 843 3955 ducuntur,
865 3894 1091 3934 vocem
1121 3894 1261 3935 eam
1293 3894 1427 3934 non
1455 3872 1790 3960 antiquam
1820 3895 1957 3935 esse
1985 3870 2360 3936 ostendunt.
2388 3873 2619 3958 Neque

487 3974 671 4037 notio
728 3974 864 4052 ejus
921 3971 1003 4036 ad
1067 3972 1386 4037 calculum
1439 3974 1701 4037 incitam
1751 3972 2044 4038 traducta
2098 3974 2247 4037 satis
2300 3989 2447 4061 apta
2499 3990 2615 4036 est.

487 4075 682 4157 Quod
705 4092 918 4138 autem
944 4074 1144 4139 hodie
1175 4076 1517 4139 scacchum
1554 4091 1819 4141 mattam
1842 4076 2117 4141 dicimus
2137 4126 2155 4160 ,
2182 4078 2320 4157 ejus
2352 4076 2516 4140 ratio
2546 4076 2617 4139 in
