2975 4684
491 348 632 443 298

1071 350 1561 419 PETRONII
1626 349 2037 416 ARBITRI

585 470 713 541 Sed
753 472 878 541 sibi
917 474 1200 566 quisque
1241 470 1441 541 facit:
1477 493 1635 539 nam
1676 494 1885 563 quum
1925 457 2259 563 prostrata
2290 492 2532 563 sopore

585 584 940 676 Languent
969 581 1294 669 membra,
1329 581 1555 675 quies,
1582 594 1651 648 et
1680 602 1867 647 mens
1900 578 2045 648 sine
2082 578 2377 672 pondere
2412 578 2616 663 ludin

583 692 937 789 Quidquid
973 691 1120 763 luce
1153 692 1316 778 fuit,
1353 690 1647 761 tenebris
1679 690 1818 785 agit
1849 716 1866 758 ε
1900 689 2147 785 oppida
2180 688 2359 759 bello
2594 711 2615 747 ⁵

585 806 724 895 Qui
756 804 1008 899 quatit,
1043 818 1113 873 et
1153 803 1439 873 flammis
1477 800 1889 872 miserandas
1920 801 2107 870 saevit
2142 801 2212 869 in
2246 801 2475 885 urbeS‚

577 913 742 985 Tela
779 912 992 999 videt,
1019 938 1372 1009 versasque
1403 914 1609 997 acies,
1648 926 1718 982 et
1752 910 1993 981 funera
2030 936 2265 1007 regum
2290 966 2308 995 ‚

585 1028 805 1119 Atque
839 1023 1254 1093 exundantes
1287 1022 1564 1118 profuso
1601 1022 1924 1117 sanguine
1960 1046 2253 1117 campos.

584 1136 720 1226 Qui
764 1159 1027 1204 caussas
1067 1159 1262 1203 orare
1298 1132 1547 1219 solent,
1582 1132 1926 1229 legesque,
1967 1131 2353 1227 forumque,

587 1248 677 1314 Et
717 1244 961 1339 pavido
1000 1259 1287 1314 cernunt
1319 1242 1649 1314 inclusum
1693 1242 1895 1313 corde
1927 1242 2245 1313 tribunal.

584 1354 842 1424 Condit
875 1379 1116 1427 avarus
1151 1379 1338 1449 opes,
1384 1354 1853 1449 defossumque
1889 1354 2142 1423 invenit
2176 1378 2438 1423 aurum.

583 1467 886 1534 Venator
925 1465 1131 1536 saltus
1169 1466 1448 1535 canibus
1488 1468 1740 1561 quatit;
1782 1464 1984 1560 eripit
2020 1463 2253 1550 undiS‚

589 1579 728 1646 Aut
763 1579 1010 1672 premit
1044 1603 1338 1648 eversam
1383 1577 1722 1673 periturus
1760 1578 1983 1647 navita
2020 1576 2325 1671 puppim.

483 1806 793 1861 cubationes
823 1818 876 1859 et
906 1807 1270 1860 incubationes
1290 1804 1513 1877 templo-

487 1906 607 1940 rum
633 1885 878 1958 pertinet.
902 1885 1048 1940 Soliti
1074 1886 1216 1938 enim
1246 1897 1394 1940 erant
1412 1885 1515 1937 Ve-

489 1962 624 2021 tere's
638 2006 654 2031 ‚
679 1964 954 2038 captandis
985 1982 1164 2019 rerum
1205 1965 1483 2018 eventibus
1498 2005 1515 2031 ,

491 2046 690 2099 somnia
715 2064 951 2117 quarere
967 2086 984 2111 ,
1002 2046 1320 2100 excubantes
1345 2045 1400 2098 in
1425 2045 1517 2098 de·

491 2126 653 2181 lubris
675 2124 943 2179 idolorum
957 2166 974 2191 ,
993 2125 1283 2197 AEsculapii
1307 2136 1360 2179 et
1383 2126 1514 2179 alio·

487 2224 644 2271 rum;
672 2224 832 2278 quam
861 2206 1156 2259 fatuitatem
1185 2207 1374 2278 sepius
1399 2206 1515 2260 irri-

488 2284 580 2338 det
609 2284 894 2339 Luciauus.
929 2286 1132 2337 Burrn.
1163 2284 1384 2339 Advers.
1413 2288 1483 2339 LI
1500 2328 1516 2351 ,

487 2384 607 2437 cap.
633 2366 684 2418 3.

559 2449 609 2506 4.
628 2450 890 2512 Languent
897 2446 1126 2504 membra,
1139 2448 1295 2513 quies,
1307 2456 1410 2501 etc.
1425 2448 1513 2502 Sic

489 2522 680 2596 Salig.
703 2522 887 2577 edidit.
905 2524 1115 2578 Rectius
1135 2524 1511 2598 videtur·apud

487 2606 660 2676 ipsum
671 2604 976 2657 Petronium
995 2604 1100 2675 legi
1117 2629 1145 2649 α
1157 2604 1323 2677 Urget
1341 2625 1511 2659 metn-

487 2685 580 2737 bra
617 2684 768 2755 quies
800 2708 840 2733 ι».
877 2684 964 2737 sic
999 2682 1185 2737 Horat.
1225 2685 1406 2738 Carm.
1451 2688 1509 2749 1,

493 2772 556 2829 ²4
574 2804 590 2830 ,
628 2764 690 2817 5:
717 2788 740 2810 ‹-
767 2776 918 2833 urget
939 2774 1232 2835 perpetuus
1251 2782 1408 2837 sopor
1427 2792 1471 2819 ι».

489 2874 560 2883 —-·
583 2844 645 2897 P.
669 2843 922 2896 Francius
953 2842 1044 2895 hic
1065 2844 1362 2915 corrigebat
1383 2852 1509 2898 Mul·

489 2938 572 2977 cet
589 2928 806 2977 membra
827 2926 986 2991 quies.
1015 2924 1118 2976 En.

559 3004 610 3057 ⁵.
637 3006 893 3072 Quidquid
905 3006 1140 3072 mccfiu'e,
1161 3008 1367 3055 tenebris
1385 3011 1507 3074 agit.

487 3081 636 3137 Hanc
664 3084 945 3136 lectionem
973 3084 1162 3154 probat
1195 3094 1246 3135 et
1281 3084 1509 3139 illustrat

485 3162 663 3216 Barth.
682 3161 903 3215 Advers.
927 3162 1003 3214 LI
1017 3202 1032 3227 ,
1054 3180 1168 3234 cap.
1184 3162 1235 3229 3,
1257 3164 1507 3218 sedidem

483 3241 552 3295 ad
573 3241 854 3295 Claudian.
875 3260 930 3313 p.
949 3242 1050 3295 21⁵
1077 3244 1278 3296 mavult
1295 3270 1322 3291 ι
1341 3245 1509 3309 Quid·

481 3320 614 3394 quid
635 3321 752 3373 luce
769 3320 909 3385 facit,
922 3320 1156 3373 tenebris
1173 3322 1280 3393 agit
1290 3348 1330 3374 ω.
1346 3324 1507 3391 Quod

479 3399 813 3474 probandum
836 3410 1014 3453 censet
1039 3398 1372 3456 Burmannus
1400 3422 1505 3457 sec.

481 3480 584 3535 nisi
623 3476 786 3533 modo
822 3481 1167 3550 praecessisset
1184 3521 1200 3547 ,
1233 3506 1256 3529 ι
1279 3482 1380 3537 Sed
1407 3484 1509 3537 sibi

401 3562 419 3573 ‘
479 3559 704 3635 quisque
725 3556 850 3611 facit
869 3583 908 3608 ι.

553 3644 604 3693 6.
649 3642 844 3708 Oppida
885 3642 1010 3691 bello
1053 3642 1152 3708 Qui
1193 3646 1370 3708 quatit.
1423 3642 1507 3696 Sic

479 3722 694 3773 Lucret.
733 3720 775 3771 1.
801 3720 887 3772 cit.
929 3744 954 3765 u
973 3719 1037 3771 In
1083 3720 1284 3775 somnis
1323 3722 1505 3775 eadem

479 3802 796 3873 plerumque
815 3798 1062 3852 videmur
1079 3800 1259 3853 obire:
1282 3800 1507 3872 Indupe-

479 3892 680 3941 ratores
709 3898 954 3951 pugnare
983 3899 1046 3933 ac
1083 3880 1258 3952 proelia
1299 3880 1444 3933 obire
1461 3906 1503 3935 υ.

477 3959 663 4031 virgil.
688 3962 807 4011 AEn.
829 3960 906 4010 IX
925 4000 940 4025 ,
975 3960 1110 4013 608:
1154 3988 1178 4005 u
1199 3963 1306 4013 Aut
1328 3962 1506 4014 rastris

476 4051 666 4092 terram
715 4037 894 4092 domat
911 4080 926 4105 ,
969 4052 1058 4091 aut
1099 4041 1267 4111 quatit
1311 4040 1503 4113 oppida

483 4118 624 4171 bello
643 4144 687 4170 ιι.

1674 1807 1723 1859 8.
1762 1811 1928 1873 Atque
1960 1806 2276 1855 exundantes
2302 1804 2526 1870 profuso.
2562 1803 2625 1855 lu

1602 1884 1851 1937 Petronio
1884 1879 2086 1935 editum
2116 1883 2335 1951 perfuso.
2370 1882 2627 1935 Francius

1604 1962 1771 2017 voluit
1796 1964 1971 2034 efficto.
1990 1961 2143 2033 Virg.
2166 1960 2377 2015 AEneid.
2398 1962 2447 2013 X
2468 2002 2485 2028 ‚
2528 1968 2623 2023 24:

1604 2070 1629 2090 ι
1642 2043 1900 2097 inundant
1913 2042 2167 2116 sauguine
2180 2043 2330 2095 sossae
2340 2067 2381 2092 a.
2397 2042 2594 2096 Statius
2610 2082 2625 2105 ‚

1604 2123 1795 2177 Achiu.
1826 2124 1879 2191 1,
1912 2125 2019 2195 87:
2052 2150 2079 2171 α
2098 2122 2275 2195 tepido
2312 2116 2475 2176 modo
2506 2141 2625 2175 sau-

1604 2204 1764 2275 guine
1800 2204 2036 2259 Teucros
2074 2202 2310 2257 Undabit
2339 2220 2625 2273 camposa,

1603 2301 1701 2355 pro
1728 2286 2003 2338 inundabit.

1674 2382 1724 2429 9.
1774 2367 1872 2430 Qui
1906 2382 2131 2415 caussas.
2174 2361 2405 2433 Scaliger
2460 2358 2626 2414 edidit

1606 2447 1732 2509 Quin
1762 2464 1988 2495 caussas.

1680 2544 1759 2579 ιο.
1796 2530 1860 2576 Ee
1892 2528 2074 2593 pavido
2101 2536 2311 2574 cer-num
2328 2542 2349 2573 .-
2370 2522 2447 2574 illi
2466 2522 2623 2575 etiam

1600 2603 2161 2658 cernunt—Inclusum
2194 2605 2410 2655 tribunal
2438 2602 2620 2655 Barth.

1599 2684 1815 2737 Advers.
1836 2686 1907 2736 LI
1928 2726 1943 2751 ,
1981 2684 2011 2738 3
2028 2725 2042 2748 ,
2076 2684 2320 2754 intelligit
2348 2684 2623 2736 obsessum

1600 2764 1867 2827 cancellis,
1896 2764 2139 2835 qualibus
2166 2762 2508 2816 munimentis
2534 2780 2621 2813 ve—

1598 2856 1767 2897 terum
1785 2836 2134 2915 judicantium
2158 2840 2417 2894 cathedra!
2434 2842 2625 2895 clause

1600 2936 1771 2990 eraut,
1796 2922 1864 2976 ad
1884 2926 2205 2994 majestatem
2232 2921 2479 2973 videlicet
2500 2940 2627 2975 cou-

1600 3002 1907 3066 ciliandam‚
1926 3014 1979 3055 et
2019 3002 2085 3055 ad
2130 3004 2401 3055 incursum
2440 3000 2625 3072 populi

1598 3081 1978 3135 sustinendum.

1673 3180 1752 3215 η.
1786 3166 1945 3214 Saltus
1971 3165 2175 3214 canibus
2204 3165 2366 3229 qteatit
2382 3200 2397 3221 ‚
2438 3161 2492 3213 id
2514 3174 2591 3214 est
2608 3205 2625 3228 ‚

1596 3260 1755 3295 cursu
1778 3254 1831 3295 et
1858 3243 2043 3295 latratu
2072 3260 2282 3295 canum.
2300 3242 2423 3293 Val.
2444 3241 2619 3295 Flacc.

1596 3324 1704 3388 111,
1732 3340 1823 3375 αις
1846 3349 1871 3369 α
1891 3322 2032 3375 Dum
2056 3322 2257 3375 volueri
2283 3322 2453 3394 quatit
2470 3341 2627 3395 asper

1597 3420 1733 3472 equo
1755 3442 1770 3467 ,
1814 3402 2077 3473 silvasque
2114 3400 2291 3473 fatigat
2326 3400 2553 3474 Cyzicus
2575 3430 2621 3458 n.

1599 3482 1676 3534 De
1696 3481 1850 3534 turba
1874 3480 2153 3535 hominum
2171 3482 2255 3533 vel
2275 3482 2625 3535 animantium

1598 3580 1755 3633 super
1770 3562 1941 3613 solum
1954 3559 2333 3633 trepidantium
2346 3567 2403 3615 τὸ
2422 3574 2629 3629 quatere

1598 3640 1768 3714 accipi
1785 3641 2085 3696 Gronovius
2105 3641 2285 3695 statuit
2296 3680 2310 3705 ,
2333 3640 2402 3694 ad
2416 3640 2627 3695 Senecae

1596 3718 1808 3775 Hercul.
1826 3722 1947 3775 OEt.
1970 3740 1991 3774 1
2004 3720 2124 3775 523.
2144 3720 2250 3775 Sed
2272 3719 2342 3773 de
2362 3738 2625 3793 equorum

1596 3802 1812 3855 fortiore
1826 3820 1987 3855 cursu
2000 3800 2103 3853 hoc
2118 3800 2312 3864 valere,
2325 3800 2439 3854 loca
2454 3799 2629 3854 aGro-

1596 3882 1757 3934 novio
1769 3880 1995 3935 adducta
2004 3879 2297 3935 docent.1)e
2306 3880 2521 3933 canibus
2532 3882 2626 3933 ubi

1596 3972 1895 4032 usurpatur,
1920 3960 2063 4013 malo
2080 3960 2147 4012 ad
2176 3978 2358 4012 eorum
2380 3960 2627 4013 latratum

1598 4042 1823 4103 referre,
1846 4058 1954 4111 quo
1982 4050 2033 4091 et
2060 4039 2203 4093 silvae
2234 4050 2546 4113 personant,
2576 4052 2628 4091 et

1602 4121 1721 4171 serae
1749 4120 2117 4173 excutiuntur:
2160 4137 2266 4190 quo
2299 4138 2453 4172 sensu
2480 4122 2627 4173 silvas
