2975 4684
555 324 692 417 278
1249 324 1795 393 ExcURsth
1850 325 1971 391 111

550 445 812 508 Actium
857 460 1038 532 parta
1071 458 1187 507 est.
1225 448 1474 509 Auctor
1498 466 1655 509 vero
1688 460 1787 509 est
1816 445 1942 509 Dio
1970 438 2228 507 Cassius
2260 443 2407 507 libri
2432 445 2515 509 LI
2546 444 2680 507 ini-

552 547 642 609 tio
659 593 676 626 ‚
715 568 1000 634 pugnam
1026 545 1314 609 navalem
1341 546 1422 610 ad
1451 547 1714 611 Actium
1743 546 1833 610 lv
1860 546 2081 611 Nonas
2110 544 2470 632 Septembr.
2498 566 2683 609 com·

555 647 811 711 missam
844 668 1002 711 esse.
1045 646 1236 711 Unde
1268 648 1478 736 palam
1518 664 1615 712 est
1636 697 1653 730 ,
1682 645 1873 713 ludos
1898 648 1965 710 in
2001 646 2137 725 ejus
2162 646 2537 709 memoriam
2572 646 2681 707 in-

551 750 807 813 stitutos
841 749 1028 813 initio
1061 750 1299 814 mensis
1333 750 1726 838 Septembris
1758 748 2013 813 habitos
2050 770 2188 815 esse
2204 798 2221 828 ,
2274 762 2473 835 atque
2515 744 2682 811 adeo

553 850 656 912 vix
690 850 960 937 peractis
996 849 1434 941 Neapolitanis
1459 852 1723 915 initium
1758 852 2019 943 cepisse.

553 1113 643 1137 W·
651 1112 2119 1135 mssmmmmmmmmmmmmmmm
2130 1106 2679 1131 mmm

967 1338 1947 1461 EXCURSUS
2066 1337 2321 1455 III-

729 1595 854 1661 AD
905 1596 1196 1665 SALEn
1249 1598 1495 1667 BASSI
1548 1596 1962 1681 οΑΒΜΕΝ,
2010 1618 2113 1665 vs.
2168 1560 2512 1689 173475·

841 1994 952 2045 Nec
982 1994 1078 2045 tibi
1106 1993 1369 2046 mobilitas
1395 1992 1570 2045 minor
1594 2004 1669 2044 est
1686 2031 1701 2055 ,
1729 1992 1774 2044 si
1802 1992 1938 2045 forte
1963 1992 2231 2045 volantem

845 2076 951 2129 Aut
976 2076 1246 2146 geminare
1269 2076 1433 2146 pilam
1456 2078 1609 2147 juvat
1626 2114 1643 2139 ,
1674 2086 1766 2129 aut
1795 2094 2049 2131 revocare
2075 2075 2353 2132 cadentem
2370 2114 2387 2139 ,

843 2158 912 2211 Et
931 2176 1043 2212 non
1069 2172 1276 2230 sperato
1301 2159 1589 2231 fugientem
1614 2158 1840 2217 reddere
1866 2172 2034 2233 gestu.

653 2334 857 2395 Locus
892 2333 1000 2395 hic
1039 2336 1192 2397 satis
1229 2334 1597 2397 luculentus
1640 2350 1706 2399 et
1734 2335 1869 2399 fere
1900 2334 2241 2422 primarius
2269 2350 2404 2414 est,
2442 2356 2523 2396 ex
2557 2356 2697 2420 quo

567 2456 668 2495 ars
702 2447 898 2518 atque
933 2431 1096 2499 ra'tio
1129 2433 1314 2497 lusus
1355 2433 1502 2520 pilae
1532 2432 1711 2523 apud
1746 2434 2110 2517 Romanos,
2144 2433 2589 2521 praecipuique
2624 2434 2697 2497 in

565 2556 643 2596 eo
683 2532 892 2611 jactus
941 2534 1300 2622 pulsusque
1346 2533 1821 2623 intelligantur,
1858 2550 1933 2597 ut
1977 2557 2131 2599 sane
2168 2533 2541 2598 mirandum
2572 2534 2661 2597 sit
2682 2584 2699 2613 ,

568 2636 945 2723 scriptores,
977 2635 1199 2723 quide
1223 2658 1302 2699 eo
1327 2624 1480 2701 liisu
1511 2652 1814 2725 egerunt,
1842 2638 2187 2725 plerosque
2226 2636 2355 2700 hoc
2393 2637 2540 2699 loco
2578 2634 2701 2698 Sa-

567 2738 673 2801 leii
706 2761 840 2802 non
875 2760 1027 2802 usos
1056 2760 1215 2811 esse.
1248 2736 1500 2827 Nempe
1525 2738 1819 2827 ignorata
1843 2740 1979 2803 fere
1995 2788 2015 2820 ,
2040 2758 2157 2804 aut
2192 2739 2447 2828 parcius
2471 2737 2637 2800 lecta
2660 2758 2698 2798 a

571 2838 777 2905 doctis
815 2840 1096 2905 carmina
1125 2840 1378 2903 minora
1416 2840 1705 2928 reperio,
1734 2862 1880 2928 quae
1916 2838 2061 2905 edo.
2095 2840 2249 2928 Legi
2290 2854 2463 2903 certe
2504 2838 2691 2901 Hier.

569 2942 1046 3024 Mercurialem,
1076 2942 1210 3006 Art.
1247 2940 1583 3029 Gymnast.
1622 2942 1733 3006 lib.
1760 2939 1858 3023 11,
1896 2964 2033 3030 cap.
2072 2940 2146 3021 ὅς
2182 2942 2237 3007 J.
2270 2940 2343 3003 C.
2370 2939 2700 3026 Bulenge-

569 3068 717 3109 rum
737 3096 754 3127 ,
783 3043 865 3111 de
889 3044 1058 3109 ludis
1081 3047 1242 3133 priv.
1273 3060 1340 3108 et
1357 3043 1635 3110 domest.
1663 3067 1720 3109 c.
1750 3066 1827 3129 93
1854 3042 2083 3108 Matth.
2104 3041 2429 3107 Raderum
2452 3088 2471 3122 ,
2507 3062 2701 3103 >com-

563 3164 775 3212 ment.
808 3146 892 3209 ad
925 3146 1203 3211 Martial.
1236 3146 1352 3229 IV,
1405 3167 1518 3232 193
1550 3145 1815 3212 Gonsal.
1846 3143 1931 3207 do
1962 3144 2175 3225 Sales,
2224 3157 2579 3207 comment.
2616 3138 2704 3204 ad

573 3249 835 3312 Petron.
869 3272 926 3311 c.
959 3270 1080 3335 273
1115 3248 1418 3311 Vossium
1441 3297 1459 3324 ‚
1489 3246 1573 3311 de
1612 3262 1728 3311 art.
1763 3246 1987 3333 popul.
2026 3268 2083 3309 c.
2122 3244 2195 3325 3,
2232 3249 2267 3324 S
2300 3241 2421 3323 653
2446 3244 2707 3307 Turne-

573 3350 733 3413 bum
751 3396 770 3429 ,
803 3346 962 3413 Adv.
987 3348 1266 3431 1ih.V11,
1293 3372 1348 3413 e.
1371 3352 1414 3427 4
1445 3373 1460 3412 :
1498 3348 1613 3413 sed
1635 3370 1831 3412 nemo
1850 3347 2031 3409 hunc
2048 3346 2267 3410 locum
2290 3344 2595 3408 carminis
2618 3342 2707 3407 ad

575 3452 909 3532 Pisonem,
935 3450 1018 3515 ad
1049 3448 1504 3537 explicandum
1532 3449 1747 3537 pilaris
1778 3448 2047 3513 lusionis
2070 3445 2345 3511 modum
2372 3444 2704 3527 adhibuit,

573 3551 754 3642 quod
789 3553 1035 3640 optime
1066 3550 1202 3615 fieri
1227 3567 1502 3640 poterat.
1540 3550 1730 3616 Solus
1758 3566 1887 3631 est,
1921 3570 2117 3636 quem
2156 3546 2419 3635 quidem
2454 3546 2663 3634 reperi
2681 3594 2701 3626 ,

575 3659 765 3721 Laur.
793 3654 1188 3719 Ramiresius
1213 3654 1282 3717 in
1313 3653 1631 3742 hypomn.
1660 3651 1743 3717 ad
1768 3651 2041 3717 Martial.
2072 3650 2187 3727 lib.
2211 3650 2325 3730 IV,
2356 3648 2559 3738 epigr.
2586 3670 2665 3733 ¹9
2683 3696 2703 3727 ,

575 3758 687 3845 qui
719 3757 909 3821 verba
927 3754 1154 3820 Nostri
1189 3752 1271 3818 ad
1305 3752 1757 3843 explicandum
1790 3751 1927 3832 ejus
1962 3750 2102 3815 ludi
2129 3748 2439 3833 modum,
2472 3770 2705 3838 quam-

577 3880 775 3945 quam
828 3879 1058 3946 parum
1103 3870 1399 3919 accurate
1431 3870 1499 3918 et
1532 3871 1721 3919 acute
1738 3904 1757 3935 ,
1796 3852 2158 3942 applicavit.
2202 3852 2433 3916 Petrus
2478 3850 2703 3930 Faber,

578 3961 648 4022 in
679 3960 970 4049 Agonist.
999 3958 1112 4023 lib.
1138 3958 1202 4037 1,
1231 3978 1370 4045 cap.
1391 3956 1433 4021 6
1449 4004 1468 4037 ,
1495 3956 1704 4021 obiter
1734 3954 2041 4020 recitavit.
2074 3956 2287 4041 Atque
2312 3970 2411 4017 est
2438 3950 2703 4039 quidem

585 4062 746 4126 ratio
777 4062 916 4141 ejus
943 4058 1082 4125 ludi
1117 4082 1232 4148 per
1265 4080 1335 4123 se
1372 4082 1602 4146 parum
1650 4074 1904 4147 apem,
1944 4078 2064 4121 nec
2104 4056 2185 4121 ab
2220 4055 2373 4143 ipsis
2405 4052 2703 4142 Antiquis
