2975 4684
494 343 633 416 380
979 349 1394 419 PRAEFAT.
1454 353 1593 420 AD
1650 349 2113 420 EPITHAL.

459 495 474 509 ·
492 480 924 546 celebritatem
949 483 1269 572 praecipue
1293 498 1678 563 memorent,
1710 481 1849 546 alite
1874 481 2077 572 magis
2108 482 2177 544 in
2211 479 2411 554 laude,
2424 505 2627 570 spon-

493 607 718 650 sorum
751 603 816 652 et
839 587 1288 653 exhortatione
1318 589 1905 676 acclamationeque
1926 587 2140 654 votiva
2168 587 2627 670 immorentur,

494 691 678 771 eujus
703 694 956 782 generis
973 711 1073 758 est
1087 693 1591 783 Epithalamium
1612 693 1973 774 Laurentii,
2006 690 2187 781 quod
2209 692 2625 781 proferimus.

495 795 774 861 Solenne
792 799 922 862 hoc
942 798 1238 888 inprimis
1272 798 1450 864 hisce
1472 798 1882 887 poematibus
1910 813 2035 880 est,
2057 795 2235 884 quod
2262 794 2344 861 ad
2375 819 2631 862 amores

492 904 882 992 nuptiasque
911 905 1343 970 conciliandas
1366 906 1641 971 Veneris
1660 952 1679 986 ,
1711 907 2027 969 Amorum
2046 950 2066 985 ,
2098 903 2437 993 Hymenaei
2468 927 2631 992 oper

493 1033 634 1074 ram
680 1025 744 1075 et
788 1011 1142 1076 ministeria
1173 1011 1490 1076 advocant
1508 1060 1527 1094 ,
1562 1010 1843 1098 ideoque
1870 1011 2073 1075 multa
2115 1032 2345 1074 eorum
2378 1007 2595 1074 studia
2612 1057 2633 1090 ,

495 1117 728 1181 itinera
740 1165 759 1200 ,
777 1119 1285 1184 consultationes
1302 1166 1320 1201 ,
1339 1115 1823 1184 adhortationes
1837 1115 1920 1182 ad
1932 1114 2276 1182 sancienda
2300 1115 2637 1181 connubia

499 1221 775 1312 fingunt.
811 1225 946 1307 Qui
969 1247 1112 1290 mos
1140 1249 1177 1290 a
1206 1225 1479 1314 Papinio
1504 1225 1710 1290 Statio
1738 1223 2049 1288 inductus
2076 1239 2143 1288 et
2171 1224 2261 1287 ita
2290 1224 2475 1288 fusus
2518 1245 2641 1312 per

497 1329 718 1392 omnia
749 1330 1062 1396 Veterum
1093 1331 1503 1419 epithalamia
1540 1346 1637 1396 est
1652 1378 1671 1412 ,
1712 1345 1791 1394 ut
1809 1377 1828 1412 ,
1856 1329 2011 1394 licet
2047 1329 2341 1393 Deorum
2380 1329 2637 1393 cultum

501 1432 794 1519 resipiat,
829 1426 1176 1498 Christiani
1211 1451 1428 1499 tamen
1477 1449 1773 1500 auctores
1829 1449 1895 1498 et
1941 1433 2273 1522 episcopi,
2329 1432 2639 1497 Sidonius

499 1537 925 1624 Apollinaris„
973 1538 1320 1604 Ennodius
1369 1555 1437 1604 et
1465 1539 1829 1604 venantius
1862 1539 2265 1603 Fortunatus
2325 1537 2641 1604 eumdem

499 1657 783 1708 teneant.
823 1645 900 1708 In
951 1645 1258 1710 Ennodio
1306 1645 1468 1710 adeo
1511 1646 1643 1710 hoc
1676 1645 2021 1709 observatu
2066 1643 2342 1733 dignum
2386 1661 2455 1708 et
2502 1644 2643 1709 fere

501 1748 794 1814 mirabile
828 1766 925 1814 est
942 1799 961 1833 ,
994 1751 1175 1838 quod
1192 1755 1503 1817 Amorem
1534 1749 1790 1816 inducit
1812 1749 1989 1838 apud
2020 1765 2293 1815 matrem
2310 1751 2641 1816 Venerem

501 1852 586 1918 de
618 1855 840 1920 studio
869 1859 1251 1948 virginitatis
1295 1857 1471 1948 apud
1513 1859 1813 1923 homines
1856 1858 2029 1922 illius
2081 1857 2200 1922 aevi
2219 1907 2238 1939 ,
2274 1857 2318 1921 i.
2356 1881 2413 1922 e.
2446 1857 2644 1922 Chri-

501 1964 776 2046 stianOS,
813 1965 1090 2030 nimium
1114 1965 1490 2054 frequente,
1528 1965 1612 2030 de
1642 1967 1903 2031 raritate
1935 1967 2389 2055 conjugiorum
2412 2014 2431 2048 ,
2465 1981 2533 2029 et
2560 1965 2643 2030 de

501 2071 630 2138 fide
661 2073 875 2159 aliqua
896 2122 913 2150 ‚
948 2095 1093 2162 quae
1124 2074 1302 2138 nulla
1333 2096 1554 2138 rerum
1586 2071 1933 2138 dulcedine
1962 2071 2295 2154 flectatur,
2323 2087 2391 2137 et
2418 2071 2645 2136 matri-

505 2180 804 2243 monium
837 2201 958 2267 pro
998 2180 1186 2270 culpa
1220 2195 1286 2244 et
1305 2179 1577 2245 crimine
1604 2181 1873 2262 habeat,
1896 2197 2227 2268 tamquam
2258 2177 2341 2243 de
2366 2178 2513 2243 labe
2544 2179 2647 2244 sui

503 2283 750 2365 saeculi,
783 2286 1118 2372 conqueri.
1140 2284 1383 2351 Versus
1419 2276 1633 2377 ipsos,
1672 2286 1822 2374 quia
1860 2302 2015 2351 sunt
2048 2285 2502 2351 memorabiles
2524 2333 2545 2368 ,
2581 2299 2645 2349 et

505 2388 794 2455 Ennodii
825 2405 1125 2478 poemata
1158 2413 1392 2478 parum
1433 2405 1591 2456 nota
1626 2407 1819 2473 sunt,
1850 2391 1958 2456 hic
1988 2413 2314 2481 apponam
2341 2411 2358 2455 :

714 2529 1043 2584 Perdidimus
1058 2569 1076 2596 ,
1100 2531 1327 2603 genitrix
1345 2571 1362 2598 ,
1385 2531 1594 2586 virtutis
1620 2532 1830 2605 premia
1859 2544 2071 2586 nostra.

713 2619 830 2671 Jam
865 2638 1130 2692 nmquam
1165 2619 1424 2694 Cytherea
1463 2631 1650 2685 sonat3
1676 2619 1877 2674 ridetur
1910 2621 2167 2674 Amorum

717 2706 921 2760 Fabula
935 2745 951 2772 ‚
983 2727 1083 2761 nec
1127 2708 1304 2780 proles
1338 2708 1577 2762 nascenti
1620 2707 1819 2762 sufficit
1863 2726 1994 2762 oevo.

717 2794 932 2867 Frigida
971 2814 1290 2850 consumens
1323 2797 1614 2852 multorum
1649 2796 1882 2868 possidet
1920 2806 2061 2850 artus

717 2882 1010 2958 Virginitas
1047 2885 1254 2939 fervore
1293 2903 1473 2938 novo:
1516 2884 1764 2939 sublimia
1800 2901 2015 2939 carnem

720 2972 862 3026 Vota
899 2974 1118 3028 domant
1139 3011 1155 3038 ,
1185 2972 1420 3028 mundus
1459 2973 1606 3026 tenui
1637 2971 1726 3028 vix
1762 2972 1977 3026 nomine
2012 2983 2234 3026 constat.

716 3061 952 3116 Primaevi
990 3061 1244 3116 tremulos
1282 3062 1438 3116 factis
1476 3061 1751 3114 imitantur
1788 3059 1997 3132 ephebi.

719 3151 852 3204 Rara
890 3171 988 3224 per
1023 3153 1310 3206 immensos
1348 3153 1623 3205 saelorum
1644 3187 1659 3214 ,
1684 3150 1887 3222 respice
1907 3187 1923 3212 ,
1951 3167 2165 3221 campos

721 3239 968 3312 Coniugii
1001 3241 1218 3294 messis:
1247 3257 1341 3312 per
1382 3239 1539 3292 flores
1576 3237 1686 3291 sola
1724 3248 1952 3291 vetustas

719 3325 921 3380 Exserit
956 3327 1190 3382 albentes
1216 3331 1400 3403 jejuna
1437 3341 1489 3380 et
1529 3325 1729 3399 pallida
1764 3343 1951 3380 canos.

725 3413 847 3468 Una
880 3413 1012 3470 fides
1031 3454 1047 3482 ,
1075 3435 1256 3470 rerum
1293 3416 1439 3470 nulla
1479 3412 1769 3469 dulcedine
1802 3412 1945 3467 ssecti
1967 3451 1982 3476 ,

723 3501 791 3554 Et
808 3539 825 3565 ,
850 3502 894 3554 si
927 3501 1062 3574 quid
1089 3515 1298 3558 teneros
1333 3503 1512 3575 potuit
1545 3501 1887 3556 transducere
1923 3519 2097 3554 mores
2116 3538 2132 3562 ,

725 3589 998 3662 preceptis
1033 3595 1238 3644 calcare
1273 3591 1465 3645 malis:
1495 3601 1736 3643 servatur
1760 3589 1960 3660 ubique

723 3677 1024 3731 Iustitiam:
1051 3678 1211 3750 culpa
1239 3691 1318 3733 est
1355 3677 1618 3733 thalamos
1655 3679 1954 3732 nominasse
1987 3675 2205 3750 pudico.

523 3803 694 3876 Illud
727 3806 920 3870 etiam
951 3806 1020 3869 in
1047 3805 1479 3895 Epithalamio
1517 3805 1791 3871 Polemii
1821 3823 1887 3870 et
1912 3803 2245 3870 Amneolae
2266 3853 2285 3886 ,
2341 3802 2526 3890 quod
2554 3803 2658 3867 si·

519 3907 756 3976 donius
789 3913 1042 4002 scripsit
1059 3961 1077 3996 ,
1116 3912 1446 3978 observavi
1466 3960 1484 3995 ,
1524 3911 1845 4002 singulare
1874 3909 2011 3992 ejus
2048 3924 2508 3999 argumentum
2532 3925 2599 3973 et
2622 3933 2659 3972 a

525 4017 767 4080 caeteris
793 4017 1120 4084 diversum
1147 4042 1320 4100 esse,
1354 4018 1535 4106 quod
1568 4018 1657 4082 ibi
1687 4017 1929 4106 nuptiae
1972 4038 2103 4080 non
2132 4015 2389 4080 Venere
2406 4062 2425 4096 ,
2470 4029 2551 4078 ut
2586 4015 2655 4078 in

533 4121 668 4185 aliis
707 4121 845 4188 fieri
898 4125 1093 4208 solet,
1142 4125 1255 4190 sed
1287 4125 1543 4190 Pallade
1573 4141 1834 4189 auctore
1872 4139 1937 4186 et
1966 4122 2223 4211 auspice
2256 4121 2659 4210 conjungan-
