2975 4684
706 377 843 446 AD
896 376 1301 448 LUCILII
1358 377 1565 448 JUN.
1621 373 2019 444 AETNAM.
2295 371 2414 444 181

285 483 443 580 111,
476 495 638 579 2083
670 495 825 586 Pap.
862 497 1077 583 Statii,
1109 498 1259 564 Silv.
1295 499 1395 582 11,
1432 522 1507 581 2,
1545 497 1672 586 763
1703 495 1840 562 Silii
1868 495 2007 560 Ital.
2035 494 2192 560 VIII
2212 540 2232 577 ‚
2263 491 2426 578 5423

298 597 637 664 Claudiani
658 596 743 663 de
760 599 947 688 Rapt.
965 598 1148 666 Pros.
1168 601 1266 665 111
1280 649 1301 684 ,
1322 599 1465 679 184.
1489 602 1808 665 Accurate
1829 596 1910 662 de
1925 597 2124 678 hujus
2143 595 2426 662 nominis

298 700 553 764 ratione
600 697 1043 788 disputantem
1068 701 1285 766 videas
1326 700 1689 790 Heynium,
1715 699 1792 764 V.
1821 701 1892 764 C.
1919 697 2216 762 Excursu
2245 697 2310 762 11
2345 694 2456 760 ad-

296 801 527 892 virgil.
554 801 669 868 lib.
698 802 817 868 IX.
836 801 987 868 vid.
1020 818 1191 869 nost.
1214 801 1319 869 ed.
1343 803 1522 893 Virg.
1543 803 1674 868 vol.
1696 801 1788 867 IV
1790 850 1809 883 ,
1835 823 1980 892 pag.
2009 799 2118 886 89.
2142 799 2263 864 En.

1495 1055 1764 1074 mmm
1767 1051 2426 1076 mmmmm

2319 1238 2354 1278 Ι

713 1284 1712 1411 EXCURSUS
1827 1287 2022 1407 IV

436 1533 577 1602 AD
631 1535 1025 1610 LUCILII
1078 1538 1295 1609 JUN.
1347 1539 1762 1625 AETNAM,
1813 1559 1880 1606 v.
1938 1531 2273 1620 Soc-504.
2315 1555 2320 1560 ·

580 1946 773 1962 ......
784 1907 981 1964 Procul
1002 1927 1127 1964 ecce
1150 1909 1299 1979 vide,
1317 1913 1512 1986 procul
1536 1929 1663 1968 ecce
1688 1922 1939 1967 ruentes:

570 1993 835 2048 Incolumi
858 1995 1065 2049 fervore
1083 1993 1313 2062 cadunt3
1336 2013 1523 2049 verum
1553 1995 1778 2069 impetus
1804 1994 1986 2068 ignes,
2013 2005 2117 2050 etc.

370 2142 695 2225 Quonux
728 2143 838 2210 hic
871 2143 1055 2210 locus
1086 2145 1614 2236 corruptissimus
1645 2146 1718 2209 in
1748 2145 2074 2238 veteribus
2107 2143 2286 2210 libris
2299 2193 2318 2229 ,
2351 2160 2418 2209 et

279 2243 365 2308 ab
404 2245 871 2334 interpretibus
897 2247 1069 2312 varie
1102 2247 1395 2335 mireque
1430 2262 1644 2311 tortus
1681 2262 1810 2329 est,
1831 2245 2080 2327 juvabit
2111 2267 2291 2320 nunc
2319 2260 2418 2310 to·

278 2359 465 2428 tum,
493 2367 648 2410 cum
684 2347 1025 2411 sententiis
1069 2347 1532 2436 interpretum,
1574 2364 1873 2412 excutere
1892 2394 1911 2429 ,
1955 2347 2418 2437 melioremque

278 2445 423 2528 ejus
447 2446 793 2512 lectionem
806 2447 991 2528 juxta
1014 2463 1209 2536 atque
1232 2449 1828 2538 interpretationem
1855 2450 2270 2514 constituere.
2294 2449 2418 2516 Ve-

278 2560 453 2612 teres
483 2545 803 2612 editiones
834 2547 927 2613 sic
956 2548 1091 2612 fere
1120 2571 1349 2614 omnes
1374 2551 1860 2638 corruptissime
1887 2550 2149 2640 legunt:

578 2742 769 2760 ......
780 2705 969 2760 Procul
995 2725 1108 2762 esse
1133 2707 1241 2761 fide
1264 2709 1449 2780 procul
1482 2727 1595 2764 esse
1620 2720 1830 2763 ruentes
1856 2711 1925 2780 (ee
1943 2714 2199 2780 truentes)

564 2789 831 2843 Incolumi
860 2790 1071 2846 fervore
1094 2789 1323 2858 cadunt,
1345 2809 1531 2847 verum
1551 2790 1783 2865 impetus
1808 2792 1953 2865 ignes

564 2871 625 2926 si
649 2871 856 2926 fumant
876 2872 1151 2946 quondam
1176 2886 1238 2928 ut
1260 2874 1403 2948 ripas
1428 2875 1688 2948 trajecerit
1713 2877 1905 2932 amnis.

560 2956 671 3010 vix
694 2957 897 3029 junctis
920 2959 1201 3032 quisquam
1226 2959 1337 3014 fixo
1361 2959 1644 3015 dimoverit
1669 2960 1816 3016 illas:

558 3039 789 3096 Vicenos
816 3061 1051 3117 persaepe
1077 3042 1193 3097 dies
1213 3047 1355 3116 jacet
1378 3043 1574 3100 obruta
1606 3044 1787 3100 moles.

276 3195 557 3289 Scaliger
586 3199 1035 3265 antecedentia
1069 3200 1175 3265 his
1212 3201 1509 3292 adjungit
1528 3249 1548 3284 ,
1581 3217 1647 3267 et
1680 3217 1906 3267 coetera
1941 3203 2032 3266 sic
2069 3200 2405 3268 emendat:

570 3404 585 3417 .
608 3405 621 3418 .
643 3403 658 3418 .
680 3403 695 3419 .
718 3403 731 3418 .
753 3373 769 3418 .'
790 3387 1542 3422 ......................
1543 3367 1724 3422 dentia
1745 3385 1868 3422 saxa

558 3449 863 3506 scintillant
891 3453 1079 3525 procul
1103 3471 1227 3508 ecce
1251 3451 1385 3520 fide,
1408 3451 1598 3523 procul
1615 3469 1738 3506 ecce
1758 3463 1971 3507 ruentes

556 3533 827 3590 Incolumi
854 3536 1070 3592 fervore
1097 3533 1293 3590 cadunt
1312 3535 1625 3590 utrimsecus
1645 3535 1810 3608 ignes.

274 3705 583 3796 Intelligit
611 3707 809 3796 igitur
836 3706 916 3773 de
942 3707 1201 3798 ignibus
1230 3723 1295 3772 et
1320 3707 1612 3773 scintillis
1631 3755 1650 3790 ,
1695 3728 1851 3796 quas
1877 3705 2062 3795 igniti
2104 3720 2170 3768 et
2193 3704 2402 3792 lique·

274 3805 421 3870 facti
446 3806 691 3896 lapides
706 3858 725 3891 ,
750 3807 1037 3874 devoluti
1062 3825 1128 3874 et
1150 3831 1344 3899 super
1368 3809 1730 3875 incidentes
1751 3858 1767 3891 ,
1791 3809 1984 3898 pulsu
2007 3807 2274 3893 ictuque
2301 3827 2405 3875 ex-

276 3909 495 3991 citent,
512 3925 582 3974 et
598 3911 828 3999 procul
848 3909 1176 3998 adspicere
1202 3933 1353 3975 cum
1375 3909 1648 3974 horrore
1673 3927 1736 3974 et
1757 3908 2178 3974 admiratione
2195 3906 2399 3970 liceat.

276 4006 439 4074 Nam
456 4009 701 4099 procul
712 4007 901 4097 fide,
936 4012 1187 4100 inquit,
1219 4028 1293 4076 ut
1311 4011 1548 4101 procul
1576 4011 1786 4077 dubio.
1821 4011 1938 4076 Est
1968 4009 2130 4074 mira
2159 4014 2398 4078 διινότης.

279 4109 477 4193 Quasi
496 4112 569 4178 in
586 4113 809 4179 subito
832 4114 1119 4180 tumultu
1136 4163 1155 4196 ,
1172 4113 1528 4208 acjnopina
1546 4113 2064 4180 consternatione
2084 4111 2211 4174 hoc
2233 4107 2400 4174 dixe·
