2975 4684
508 407 963 430 mmm
967 401 2644 428 mmmmmmmmmm

1459 689 1654 791 IV.

936 956 1555 1083 SALEII
1663 955 2178 1083 BASSI

1510 1212 1612 1260 An

646 1365 1676 1458 CALPURNIUM
1783 1365 2452 1454 PISONEM

1308 1613 1823 1677 Pol-:MATION‚

754 1781 1177 1852 LUCANO
1242 1780 1601 1849 VULGO
1671 1783 1724 1847 A
1741 1775 2362 1847 DSCRIPTUM.

1056 2033 2060 2069 --—---ooo---——-

1182 2267 1936 2336 ARGUMENTUM.

494 2461 557 2519 C.
587 2457 887 2534 Calpurnii
918 2456 1169 2529 Pisonis,
1200 2457 1313 2513 viri
1340 2456 1685 2528 consularis,
1713 2457 1988 2514 comitate
2009 2454 2467 2532 liberalitateque
2497 2454 2627 2514 exi-

574 2547 705 2621 mii,
727 2549 971 2626 gratiam
995 2549 1215 2608 Saleius
1232 2553 1437 2607 Bassus
1451 2592 1469 2622 ,
1490 2549 1818 2626 ingeniosus
1845 2547 1946 2608 sed
1975 2548 2136 2608 tenui
2161 2549 2392 2607 fortuna
2415 2547 2622 2620 homo,

572 2641 687 2699 hoc
709 2643 963 2700 carmine
989 2641 1188 2700 laudes
1210 2641 1334 2718 ejus
1361 2655 1744 2720 persequente
1773 2640 1972 2700 ambit.
2011 2646 2103 2700 De
2141 2640 2444 2699 nobilitate
2485 2659 2628 2718 gen—

573 2733 676 2804 tis,
705 2747 765 2791 et
802 2731 979 2793 rebus
1014 2731 1237 2792 bellicis
1268 2733 1553 2811 majorum
1595 2753 1781 2812 pauca
1821 2729 2128 2813 prae'fatus,
2165 2733 2432 2792 Pisonem
2473 2733 2626 2791 affir-

572 2839 693 2884 mat
724 2824 945 2886 artibus
963 2827 1122 2907 pacis
1142 2826 1387 2885 maxime
1417 2840 1476 2885 et
1513 2840 1706 2905 togata
1729 2827 1930 2886 militia
1951 2829 2186 2886 enitere.
2223 2825 2625 2905 Eloquentiam

574 2917 699 2995 ejus
722 2937 1003 2976 summam
1032 2917 1336 2997 praedicat,
1366 2938 1548 2995 quum
1569 2917 1803 2998 publice
1827 2921 1889 2978 in
1921 2921 2052 2978 foro
2067 2963 2083 2991 ,
2102 2918 2335 2997 judiciis
2353 2932 2413 2978 et
2433 2919 2590 2977 curia
2605 2963 2625 2990 ,

574 3023 693 3068 tum
712 3055 729 3082 ,
782 3012 1023 3090 prolatis
1066 3010 1274 3084 rebuS,
1325 3009 1483 3070 domi
1527 3011 1906 3071 declamando
1957 3013 2299 3084 exercitam,
2336 3023 2396 3071 et
2425 3016 2627 3070 Graeca

574 3123 739 3181 oeque
759 3124 825 3162 ac
850 3109 1114 3163 Romana
1144 3104 1407 3162 oratione
1432 3117 1746 3182 spectatam
1769 3128 1782 3161 :
1811 3124 1986 3183 quam
2009 3105 2371 3164 commendet
2391 3105 2630 3184 insuper

572 3215 777 3254 serena
794 3197 989 3255 vultus
1008 3195 1259 3275 gravitas
1279 3195 1467 3273 ,justa
1499 3195 1668 3268 fides,
1697 3195 1951 3255 liberalis
1978 3209 2035 3255 et
2060 3197 2246 3255 livore
2277 3215 2491 3256 vacuus
2513 3197 2629 3254 ani-

574 3309 702 3348 mus
711 3332 728 3361 ,
763 3302 821 3347 et
841 3309 1006 3368 aequa
1028 3309 1163 3368 erga
1186 3308 1416 3362 omnes,
1445 3289 1549 3366 qui
1583 3289 1758 3347 modo
1783 3288 1956 3368 probi
1980 3289 2364 3369 reperiantur,
2393 3287 2467 3348 ab
2495 3307 2628 3346 om-

572 3379 748 3458 nique
781 3381 931 3439 fastu
958 3380 1145 3439 aliena
1176 3381 1460 3439 voluntas.
1498 3379 1794 3439 celebrari
1812 3402 1951 3462 ergo
1973 3381 2209 3441 domum
2233 3381 2356 3460 ejus
2377 3401 2411 3440 a
2435 3381 2629 3440 multis

572 3472 936 3544 hominibuS,
976 3493 1093 3532 non
1134 3474 1363 3532 insulsis
1408 3457 1523 3530 illis
1571 3485 1632 3531 et
1678 3472 1957 3546 rudibus,
2011 3475 2110 3533 sed
2162 3473 2522 3552 elegantibus
2569 3487 2631 3531 et

571 3566 864 3624 variarum
884 3567 1095 3624 artium
1118 3565 1416 3638 studiosis,
1440 3577 1754 3644 propterca
1781 3567 1942 3644 quod
1971 3567 2096 3646 ipse
2119 3565 2412 3625 tam-felici
2431 3565 2630 3624 indole

571 3669 741 3716 natus
768 3658 873 3730 sit,
906 3670 970 3716 ut
1006 3676 1195 3736 prono
1222 3659 1283 3715 in
1322 3677 1524 3716 omnes
1557 3670 1708 3716 artes
1735 3658 1962 3732 studio,
1995 3659 2117 3717 sive
2143 3659 2438 3738 graviores
2463 3677 2632 3716 seve-

572 3749 875 3827 rioresque
906 3750 1034 3809 illas
1054 3792 1071 3820 ,
1104 3750 1226 3808 sive
1260 3749 1511 3809 leviores
1547 3763 1606 3808 et
1639 3751 1762 3808 otio
1793 3749 2143 3810 oblectando
2171 3765 2360 3830 aptas,
2389 3751 2628 3810 feratur.

575 3843 844 3902 Carmina
866 3862 996 3900 enm
1022 3842 1206 3900 solere
1236 3841 1390 3900 facili
1411 3843 1564 3920 stylo
1588 3842 1905 3917 deducere,
1935 3845 2119 3922 lyram
2142 3844 2373 3923 pulsare
2394 3843 2628 3921 elegan-

576 3945 679 4006 ter,
706 3955 964 4015 pugnare
986 3935 1192 4008 armis,
1234 3935 1417 4008 lucta,
1452 3953 1656 4007 cursu,
1689 3935 1809 4016 pila
1838 3937 2131 4009 exerceri,
2168 3955 2376 4014 magno
2401 3947 2632 4014 specta-

570 4037 763 4084 torum
794 4029 1108 4106 applausu,
1134 4027 1512 4106 inprimisque
1539 4029 1794 4088 animum
1822 4029 2028 4090 studiis
2069 4031 2279 4089 sessum
2317 4029 2630 4088 artificioso

574 4113 787 4176 tabule
814 4131 873 4176 et
904 4119 1363 4179 latrunculorum
1395 4118 1538 4178 ludo
1567 4122 1864 4181 relaxare:
1897 4122 2000 4199 qui
2020 4121 2192 4180 ludus
2214 4121 2308 4180 hic
2335 4121 2628 4180 luculente
