2975 4684
540 346 679 434 246

1258 349 1594 418 SALEII
1655 353 1932 421 BASSI

632 477 1012 542 Exonerare
1052 471 1198 564 pios
1236 471 1471 558 modo,
1510 497 1692 542 nunc
1723 499 2004 547 onerare
2035 491 2393 546 nocentes:

632 582 763 652 Sed
800 605 1001 676 super
1034 581 1163 650 ista
1195 597 1418 652 movet
1460 583 1696 677 plenus
1739 588 2062 680 gravitate
2099 611 2328 656 serena

630 690 910 778 Vultu5‚
951 705 1019 759 et
1064 690 1305 785 insigni
1348 695 1759 789 praestringit
1795 697 2085 792 imagine
2119 698 2320 766 visus.

630 800 808 871 Talis
845 803 1015 872 inest
1046 802 1352 890 habituS‚
1380 804 1644 897 qualem
1679 829 1802 877 nec
1838 807 2057 876 dicere
2095 822 2439 894 moestum,
2611 849 2661 889 9⁰

630 917 770 982 Nec
808 912 1127 1000 fluidum,
1164 912 1311 981 laeta
1347 915 1461 983 sed
1501 917 1858 986 tetricitate
1894 918 2212 988 decorum

626 1025 985 1092 Possumus
1016 1049 1031 1090 ε
1070 1025 1380 1118 ingenitae
1418 1039 1549 1094 stat
1579 1026 1946 1097 nobilitatis
1984 1032 2053 1097 in
2092 1028 2209 1097 illo

626 1131 915 1204 Pulcher
946 1134 1195 1220 honoS,
1223 1149 1289 1202 et
1324 1133 1528 1228 digua
1565 1138 1700 1205 suis
1737 1138 2068 1208 natalibus
2108 1163 2249 1208 ora.

628 1244 917 1314 Additur
954 1245 1089 1314 huc
1124 1261 1191 1312 et
1217 1247 1399 1338 justa
1445 1245 1646 1336 fides,
1681 1263 1748 1316 et
1787 1249 1984 1344 plena
2025 1248 2302 1344 pudoris

624 1355 967 1440 Libertas,
1008 1355 1404 1450 animusque
1448 1356 1619 1426 mala
1661 1357 2001 1454 ferrugine
2036 1384 2292 1453 purus;
2613 1382 2663 1432 ⁹⁵

600 1581 685 1650 87.
706 1585 1001 1632 Exonerata
1010 1584 1136 1648 pios.
1160 1580 1447 1633 Absolvere
1468 1581 1552 1633 in·

532 1671 721 1714 sontes.
750 1659 949 1713 Baium.
976 1660 1121 1714 Malo
1141 1659 1389 1742 equidem
1409 1699 1425 1724 ,
1452 1661 1551 1713 cri-

533 1741 674 1792 mine
711 1752 869 1811 atque
896 1739 1099 1793 invidia
1132 1741 1395 1792 liberare:
1424 1759 1550 1793 nam

530 1819 800 1874 absoluere
821 1818 1013 1893 judicis
1032 1831 1111 1872 est
1133 1862 1147 1885 ,
1186 1837 1291 1871 non
1316 1819 1547 1891 patroni.

526 1899 683 1952 Ovid.
702 1901 867 1954 Trist.
898 1899 957 1962 1,
986 1901 1040 1962 3,
1063 1897 1164 1951 36:
1200 1924 1222 1946 e
1252 1898 1392 1951 hanc
1412 1898 1550 1952 odiis

528 1993 805 2034 exonerate
828 1979 1009 2052 fugam
1028 1997 1044 2042 ;
1068 1978 1377 2050 Coelestique
1404 1979 1517 2031 viro
1534 2017 1550 2042 ,

528 2063 647 2134 quis
667 2080 751 2113 me
773 2061 1038 2132 deceperit
1054 2077 1222 2122 error,
1247 2059 1409 2110 Dicite
1415 2075 1431 2120 ;
1450 2077 1552 2128 pro

527 2143 681 2212 culpa
708 2159 777 2193 ne
802 2141 972 2193 scelus
999 2157 1110 2191 esse
1134 2148 1279 2210 putet
1296 2163 1338 2190 n.
1366 2139 1433 2190 Et
1454 2137 1550 2190 Pe-

528 2233 663 2273 tron.
704 2222 761 2272 in
813 2239 976 2272 carm.
1014 2218 1083 2270 ad
1122 2219 1293 2288 Priap.
1335 2237 1381 2270 c.
1410 2217 1510 2272 133
1533 2237 1546 2270 :

527 2327 551 2344 ιι
576 2301 817 2352 Exonera
844 2309 1074 2352 mentem
1100 2297 1372 2370 culpgeque
1394 2298 1546 2369 igno-

527 2399 613 2431 sce
636 2377 831 2430 miuori
856 2405 901 2430 υ.
934 2409 1001 2418 -
1028 2381 1247 2428 Onerat-e
1268 2389 1452 2429 contra
1474 2390 1552 2428 est

526 2477 677 2523 reum
721 2475 1011 2536 premerer
1037 2467 1089 2506 et
1126 2456 1328 2509 crimen
1363 2475 1551 2530 aggra-

528 2557 672 2589 vare.
720 2535 940 2588 Prorsus
976 2535 1085 2588 buc
1134 2534 1358 2606 pertinet
1398 2535 1550 2589 locus

525 2615 767 2670 Suetonii
785 2616 841 2666 in
862 2613 1127 2686 Caligula,
1154 2615 1219 2667 53
1246 2615 1259 2665 Ξ
1300 2639 1321 2660 ι
1339 2613 1550 2666 Solebat

524 2699 677 2751 etiam
710 2713 1023 2766 magnorum
1048 2694 1105 2745 in
1131 2705 1315 2747 senatu
1332 2713 1550 2746 reorum

526 2770 889 2830 accusationes
917 2773 1355 2844 defensionesque
1376 2773 1548 2827 medi·

520 2858 660 2920 tari3
698 2873 761 2908 ac
795 2865 955 2927 prout
982 2853 1147 2926 stylus
1180 2865 1436 2919 cesserat,
1464 2853 1551 2906 vel

522 2955 742 2990 onerare
760 2935 1017 2990 sententia
1038 2951 1129 2985 sua
1149 2949 1414 3004 quemque
1429 2970 1445 2994 ,
1464 2930 1547 2982 vel

522 3018 796 3069 sublevare
823 3041 869 3066 a.
910 3013 1013 3066 En.
1150 3012 1164 3029 “

594 3093 680 3146 88.
700 3097 865 3145 Movet
874 3097 1054 3161 plenus
1073 3091 1334 3159 gravitate.
1356 3095 1544 3163 Τρόπος

524 3181 623 3229 ἐσθ’
646 3179 669 3227 ὅ
693 3177 871 3227 πείθων
899 3179 984 3225 τοῦ
1006 3175 1232 3244 λέγοντος
1250 3211 1266 3237 ,
1302 3175 1353 3224 οὐ
1378 3174 1541 3244 λόγος.

522 3255 719 3304 ansn.
735 3250 985 3304 Similiter
996 3247 1253 3302 Claudian
1264 3289 1276 3300 .
1296 3249 1364 3302 de
1378 3250 1540 3303 Cous.

520 3329 669 3383 Mau.
696 3333 827 3391 245:
855 3355 876 3376 α
901 3329 1059 3401 rigidi
1088 3329 1177 3380 sed
1204 3329 1356 3399 plena
1372 3329 1544 3402 pudo-

520 3411 594 3463 ris
632 3411 820 3462 Elucet
864 3407 1097 3480 gravitas
1136 3409 1272 3462 fastu
1306 3409 1542 3482 iucunda

520 3491 759 3545 modesto
777 3528 793 3552 ,
831 3499 931 3542 etc.
955 3513 979 3531 ι»

594 3573 681 3638 89.
730 3569 1043 3634 &restinguit
1087 3565 1177 3617 dat
1210 3567 1371 3637 Corp.
1411 3569 1538 3622 Aur.

520 3669 585 3702 ex
609 3649 906 3702 Pulmanno
933 3645 1097 3711 forte,
1116 3646 1209 3716 qui
1235 3645 1303 3697 ita
1332 3647 1461 3700 solet
1485 3649 1540 3700 in

522 3733 759 3783 Lucano.
782 3728 988 3778 Lacon.

594 3827 682 3879 91.
708 3808 1037 3876 Neo-fluidum
1054 3844 1068 3866 ,
1090 3805 1145 3856 h.
1171 3825 1215 3857 e.
1238 3805 1544 3859 inconstan-

520 3902 624 3940 tem
645 3929 661 3952 ,
698 3887 877 3940 laxum
901 3924 917 3950 ,
931 3885 1206 3938 'lascivum
1225 3924 1239 3949 ,
1269 3885 1540 3956 quomodo

519 3968 716 4021 Statius
735 4008 750 4035 ,
777 3965 905 4021 silv.
926 3967 1002 4031 V,
1028 3983 1055 4017 π
1077 4003 1093 4028 ,
1118 3963 1217 4036 73:
1241 3992 1266 4010 κ
1283 3965 1438 4019 Tunc
1459 3965 1541 4018 hi-

520 4047 643 4100 lari·
675 4047 909 4118 probitas
929 4085 945 4110 ,
983 4058 1035 4098 et
1055 4045 1203 4098 frons
1220 4045 1508 4118 tranquilla
1526 4087 1542 4113 ‚

516 4128 761 4199 nitorque
786 4126 1034 4179 Luxuria
1062 4125 1271 4180 confine
1294 4125 1481 4179 timens
1499 4151 1540 4178 n.

1640 1583 1726 1637 Sic
1725 1585 1968 1654 fluentem
1988 1588 2111 1634 luxu
2131 1581 2362 1654 appellat
2382 1581 2570 1636 Claud.
2585 1583 2666 1636 IV

1641 1662 1796 1716 Cous.
1823 1663 1963 1715 Hon.
1996 1679 2110 1732 ²¹7·
2141 1693 2212 1701 -—
2230 1667 2418 1714 Laetam
2438 1665 2668 1716 cevieita-
2721 1681 2726 1684 ·

1639 1755 1760 1804 tem,
1787 1759 1949 1814 quam
1975 1741 2063 1794 hie
2090 1753 2245 1794 vocat
2269 1755 2456 1795 auctor
2475 1781 2492 1805 ,
2533 1741 2662 1795 Bar-

1637 1819 1778 1876 thius
1813 1839 1936 1873 cum
1965 1821 2140 1873 verbis
2175 1819 2323 1874 statii
2359 1833 2665 1893 comparat,

1635 1899 1764 1954 silv.
1808 1900 1894 1962 Π,
1940 1903 1973 1952 6
1994 1938 2010 1964 ,
2047 1905 2152 1963 41:
2205 1926 2231 1944 a
2271 1919 2371 1954 nec
2419 1901 2666 1973 petulans

1640 1979 1810 2042 acies,
1837 1977 2125 2052 blandique
2159 1997 2345 2034 severo
2371 1980 2500 2054 Igne
2531 1999 2664 2034 ocu-

1638 2057 1677 2110 li
1703 2085 1747 2111 υ.
1777 2061 1888 2132 Ego
1914 2060 2092 2132 potius
2113 2060 2381 2112 conferam
2409 2076 2532 2112 cum
2548 2059 2664 2113 elo·

1639 2137 1728 2208 gio
1750 2176 1766 2200 ,
1801 2157 1909 2210 quo
1936 2137 2155 2191 Brutum
2194 2137 2418 2192 adornat
2463 2139 2620 2192 Silius
2646 2177 2663 2204 ,

1637 2218 1807 2280 vm,
1839 2222 1945 2272 610
1972 2237 2083 2290 seq.
2116 2246 2142 2264 α
2167 2219 2310 2272 Loeta
2341 2219 2458 2272 viro
2490 2218 2667 2290 gravi-

1637 2309 1719 2349 tas
1736 2335 1752 2361 ‚
1778 2311 1830 2350 et
1853 2300 2045 2351 mentis
2067 2298 2295 2351 amabile
2317 2297 2524 2370 pondus
2543 2339 2559 2365 ,
2594 2299 2666 2352 Et

1639 2380 1752 2430 sine
1771 2378 1972 2431 tristitia
1999 2377 2198 2431 virtus:
2231 2397 2341 2430 non
2361 2377 2450 2431 ille
2468 2379 2667 2449 rigoris

1639 2455 1878 2528 Ingratas
1906 2457 2088 2512 laudes
2106 2497 2122 2522 ,
2159 2477 2258 2510 nec
2283 2454 2482 2511 nubem
2512 2459 2665 2510 fron-

1638 2537 1702 2589 tis
1724 2538 1936 2590 amabat
1959 2563 1980 2584 n
1994 2579 2006 2590 .

1709 2617 1798 2684 93.
1831 2620 2003 2685 Digna
2034 2621 2133 2668 suis
2156 2619 2419 2670 natalibus.
2443 2615 2663 2671 Cornel-

1635 2693 1856 2748 Tacitus
1879 2715 1893 2748 :
1925 2723 1950 2742 κ
1968 2696 2201 2750 Aderant
2223 2697 2378 2748 etiam
2407 2697 2624 2749 fortuita
2642 2735 2662 2760 ,

1637 2793 1831 2848 corpus
1873 2795 2155 2848 procerum
2174 2817 2190 2842 ,
2229 2775 2423 2829 decora
2465 2775 2622 2829 facies
2644 2814 2664 2840 ,

1637 2867 1743 2907 etc.
1765 2881 1790 2901 n
1827 2855 1983 2910 Sca.
2023 2855 2274 2909 Similiter
2304 2854 2468 2909 Ovid.
2493 2853 2660 2908 Trist-

1637 2933 1738 2998 1v,
1759 2943 1791 3000 4
1807 2976 1823 3001 ,
1847 2935 1913 2988 32
1937 2955 1951 2988 :
1987 2962 2011 2980 «ι
2029 2935 2214 3008 Deque
2241 2935 2372 2988 meis
2399 2935 2494 2987 illo
2516 2935 2660 2987 rese-

1633 3013 1786 3066 rebat
1813 3015 2051 3067 versibus
2073 3031 2168 3066 ore
2183 3055 2197 3080 ,
2225 3015 2288 3066 In
2313 3031 2422 3086 quo
2441 3031 2563 3086 pars
2582 3012 2662 3066 al—

1633 3103 1698 3146 τε
1721 3093 2010 3148 nobilitatis
2031 3107 2144 3147 erat
2156 3120 2197 3146 υ.

1705 3174 1789 3241 95.
1805 3175 2218 3242 Malafirrugine
2225 3191 2401 3242 purus.
2416 3171 2660 3224 Avaritia

1631 3250 1936 3322 cupiditate.
1956 3251 2189 3324 Metaph.
2205 3251 2333 3304 Hor.
2355 3252 2410 3302 in
2433 3251 2492 3302 A.
2507 3249 2656 3304 Poet.

1632 3349 1712 3382 vs.
1747 3331 1876 3398 330,
1919 3357 1942 3379 ι
1977 3343 2030 3385 at
2073 3332 2188 3384 haec
2230 3329 2438 3383 animos
2477 3347 2659 3401 oerugo

1632 3421 1684 3462 et
1702 3427 1828 3462 cura
1851 3411 2024 3484 peculi
2051 3411 2230 3476 Quum
2260 3411 2419 3462 semel
2447 3410 2658 3462 imbue·

1630 3491 1700 3543 rit
1717 3517 1758 3542 ι.
1779 3491 1981 3544 Busan.
2003 3489 2115 3564 Ego
2135 3489 2312 3542 malim
2335 3489 2659 3560 ferruginem

1631 3569 1699 3623 de
1726 3569 2062 3626 simulatione
2079 3608 2095 3634 ,
2117 3567 2414 3622 invidentia
2439 3581 2489 3621 et
2517 3569 2662 3622 mali-

1629 3651 1830 3720 gnitate
1875 3651 2144 3721 accipere‚
2185 3646 2478 3701 secundum
2521 3647 2660 3704 illud

1629 3727 1836 3781 Horatii
1855 3769 1871 3795 ,
1897 3727 2005 3781 Sat.
2027 3729 2052 3780 1
2073 3769 2086 3794 ‚
2113 3735 2173 3794 4,
2207 3743 2335 3781 101:
2391 3751 2412 3773 ι
2441 3725 2530 3780 hie
2567 3727 2658 3780 ni·

1629 3827 1733 3880 grae
1755 3825 1947 3862 succus
1973 3807 2202 3880 loliginis
2223 3844 2238 3870 ‚
2265 3807 2380 3859 haee
2397 3819 2476 3859 est
2495 3807 2659 3860 ,Eru-

1629 3907 1698 3960 go
1725 3905 1873 3940 mera
1905 3911 1946 3940 ιι.
1977 3887 2045 3940 Et
2081 3885 2312 3939 Martial.
2335 3885 2420 3952 11,
2445 3889 2508 3939 δι
2531 3923 2546 3949 ,
2585 3885 2655 3939 5:

1630 3993 1654 4013 ι
1686 3967 1957 4039 nimiaque
1975 3965 2208 4037 :erugine
2225 3977 2410 4037 eaptus
2428 3965 2658 4018 Allan-as

1627 4064 1822 4099 nomen
1837 4083 1853 4109 ,
1876 4043 2022 4119 quod
2060 4043 2156 4098 tibi
2201 4061 2431 4116 cumque
2467 4043 2656 4097 dutum

1631 4139 1706 4180 est
1733 4151 1778 4178 ι.
1820 4157 1890 4166 --
1927 4125 2030 4178 Hic
2079 4125 2382 4198 Lagonius:
2429 4151 2454 4169 u
2475 4123 2656 4177 Animi
