2975 4684
512 398 605 468 28
1018 397 1149 468 DE
1198 393 1636 468 LUCILIO
1667 395 2140 466 ‚JUNIORE

507 529 751 593 fatetur
764 576 783 610 ‚
798 527 929 616 qui
952 527 1093 616 ipse
1115 527 1199 592 ad
1223 548 1375 596 eum
1396 549 1682 618 persaepe
1707 526 1791 591 de
1813 526 2213 592 naturalibus
2233 542 2304 591 et
2325 527 2464 592 aliis
2489 527 2636 617 pixi-

452 675 456 680 -
510 633 820 724 losophiae
854 633 1317 722 quaestionibus
1348 634 1626 722 scripsit.
1659 633 1738 697 In
1771 633 2076 698 Cornelio
2107 633 2346 699 Severo
2365 683 2386 717 ‚
2437 653 2632 722 quem

512 741 622 804 alii
656 765 777 830 pro
828 758 1093 807 auctore
1125 741 1339 808 AEtnoe
1372 742 1614 807 habere
1646 743 1912 824 volunt,
1943 742 2082 806 haec
2111 740 2266 806 talia
2291 741 2638 806 maximam

509 863 759 937 partem
786 871 921 914 non
964 853 1280 938 apparent
1294 897 1313 934 ,
1357 849 1678 914 nonnulla
1707 850 1902 913 etiam
1934 848 2255 913 contraria
2285 847 2636 912 observ-an·

506 967 619 1018 tur
637 1002 656 1036 ,
692 954 933 1042 quibus
967 977 1148 1018 nunc
1182 954 1460 1043 amplius
1492 953 1866 1019 enarrandis
1893 975 2032 1018 non
2049 953 2497 1018 immoramur.

596 1061 918 1124 Caeterum
942 1061 1184 1125 mirum
1204 1059 1405 1124 videri
1427 1073 1676 1148 potest,
1705 1081 1962 1125 carmen
1993 1057 2076 1122 de
2091 1058 2323 1141 AEtna,
2343 1058 2636 1147 quamvis

500 1165 723 1230 locum
772 1164 983 1254 poetis
1030 1164 1217 1230 valde
1264 1164 1602 1231 solennem
1643 1179 1864 1230 teneat
1887 1212 1906 1247 ,
1947 1179 2078 1229 tam
2125 1187 2358 1253 parum
2415 1179 2644 1228 tamen

503 1272 843 1360 cognitum
861 1271 1205 1338 Veteribus
1226 1320 1246 1355 ,
1276 1288 1344 1337 et
1376 1287 1512 1337 tam
1545 1293 1694 1337 raro
1723 1272 1967 1337 lectum
1997 1293 2173 1353 esse,
2203 1286 2283 1335 ut
2306 1293 2345 1335 a
2375 1271 2637 1336 nemine

501 1375 669 1440 adeo
703 1377 1014 1442 Veterum
1045 1399 1269 1444 versus
1296 1377 1436 1459 ejus
1470 1377 1728 1444 citetur.
1764 1379 1978 1444 Immo
1999 1425 2018 1460 ,
2053 1375 2240 1466 quod
2273 1377 2479 1467 magis
2510 1377 2636 1440 mi-

504 1481 666 1546 reris
682 1530 702 1566 ,
728 1482 1085 1548 Favorinus
1105 1481 1536 1573 philosophus
1557 1481 1736 1572 apud
1757 1483 2042 1548 Gellium
2060 1530 2079 1564 ,
2113 1481 2228 1547 lib.
2254 1482 2448 1548 XVII
2463 1529 2482 1564 ,
2519 1505 2634 1562 10,

504 1587 727 1654 locum
749 1589 1003 1680 Virgilii
1030 1589 1113 1654 de
1139 1589 1339 1656 AEtna
1376 1613 1531 1656 cum
1571 1590 1915 1656 Pindarico
1945 1604 2306 1678 comparat,
2335 1604 2402 1654 et
2420 1588 2637 1679 Virgi-

505 1694 669 1758 lium
693 1695 764 1759 in
797 1718 879 1761 eo
909 1694 1338 1760 describendo
1357 1695 1574 1760 minus
1600 1711 1970 1760 accuratum
1994 1717 2074 1760 ex
2097 1695 2366 1785 physica
2387 1695 2642 1760 ratione

502 1799 810 1886 affirmat,
844 1823 1059 1892 neque
1090 1818 1307 1868 tamen
1340 1803 1408 1866 in
1442 1803 1564 1868 ista
1593 1800 2033 1892 disputatione
2061 1816 2395 1868 auctorem
2423 1799 2638 1867 AEtnae

506 1907 808 1972 muninis
828 1957 847 1990 ,
898 1909 1012 1997 qui
1049 1924 1253 1974 totam
1293 1929 1434 1973 rem
1484 1907 1935 1998 philosophica
1987 1907 2340 1972 subtilitate
2387 1907 2597 1997 exegit
2617 1957 2636 1991 ,

506 2013 640 2078 ullo
674 2014 876 2079 verbo
917 2014 1141 2080 laudat
1158 2064 1177 2098 ,
1210 2029 1326 2078 aut
1355 2015 1629 2081 confert.
1653 2015 1980 2080 Nimirum
2015 2012 2392 2079 offendebat
2409 2013 2640 2102 procul

508 2115 710 2182 dubio
747 2119 988 2184 multos
1018 2121 1302 2185 tenuitas
1334 2120 1702 2209 argumenti
1716 2169 1735 2203 ,
1767 2137 1835 2186 et
1861 2119 2116 2185 subtilis
2145 2118 2516 2208 disputandi
2545 2144 2640 2183 ra·

507 2223 623 2306 tie,
640 2246 850 2312 quum
874 2239 1101 2289 contra
1125 2225 1401 2290 aliorum
1424 2241 1766 2314 poetarum
1791 2225 2053 2290 brevior
2080 2224 2503 2312 ornatiorque
2523 2223 2640 2288 de-

505 2329 771 2417 scriptio
794 2328 1026 2393 melius
1050 2330 1320 2419 pingere
1340 2328 1506 2394 illud
1537 2329 1925 2394 miraculum
1945 2377 1964 2412 ,
1997 2330 2328 2420 magisque
2360 2330 2443 2395 ad
2465 2329 2638 2418 pala-

506 2447 650 2499 tum
686 2456 825 2500 esse
854 2433 1202 2500 videretur.
1247 2435 1353 2499 Sic
1380 2435 1758 2500 Lucretium
1777 2483 1794 2516 ,
1829 2436 2130 2501 Gratium
2156 2483 2175 2520 ,
2224 2436 2564 2502 Manilium
2599 2459 2638 2501 a

502 2541 713 2606 multo
758 2541 1212 2630 paucioribus,
1262 2565 1459 2630 quam
1481 2541 1828 2633 Virgilium
1847 2588 1866 2623 ,
1899 2543 2270 2626 Lucanum,
2316 2543 2592 2608 Statium
2617 2591 2636 2626 ,

504 2648 703 2713 lectos
738 2669 879 2712 esse
906 2649 1232 2713 novimus.
1263 2648 1542 2714 Interim
1567 2649 1771 2713 nolim
1795 2647 1926 2713 hoc
1951 2648 2140 2737 plane
2172 2665 2238 2713 et
2263 2650 2640 2738 simpliciter

504 2753 827 2819 affirmare
848 2803 869 2838 ,
901 2776 1161 2820 carmen
1205 2754 1289 2820 de
1314 2755 1514 2822 AEtna
1550 2779 1588 2820 a
1619 2754 1802 2819 nullo
1835 2755 2108 2820 omnino
2139 2771 2438 2822 veterum
2476 2757 2636 2821 scri-

503 2877 775 2950 ptorum
824 2861 1192 2928 memorari.
1212 2863 1421 2934 ,Certe
1470 2861 1634 2926 mihi
1681 2862 2007 2927 Iuvenalis
2048 2861 2308 2928 videtur
2349 2861 2636 2951 quodam

504 2969 652 3033 loco
684 2968 752 3033 id
796 2969 1029 3033 tectius
1068 2984 1263 3056 atque
1282 2969 1620 3050 ¹occultius
1661 2984 1924 3057 tangere
1941 3016 1961 3050 ‚
2001 2967 2115 3034 ubi
2145 2969 2636 3034 multitudinem

506 3072 917 3138 recitantium
958 3075 1183 3138 Romae
1217 3089 1556 3162 poetarum
1577 3121 1598 3156 ,
1649 3089 1717 3140 et
1749 3074 2154 3162 frequentata
2204 3073 2286 3138 ab
2323 3074 2400 3138 iis
2444 3097 2636 3164 argu-

510 3195 733 3244 menta
764 3179 967 3262 ridet,
1014 3181 1144 3245 Sat.
1182 3181 1214 3244 I
1233 3227 1252 3263 ,
1284 3203 1325 3267 7
1354 3201 1534 3269 seqq.

785 3363 921 3418 Nota
948 3365 1115 3436 magis
1132 3364 1265 3418 nulli
1282 3361 1475 3418 domus
1493 3377 1572 3419 est
1587 3384 1678 3420 sua
1694 3402 1711 3431 ,
1730 3383 1896 3438 quam
1915 3351 2048 3418 mihi
2067 3369 2221 3420 lucus

788 3451 976 3505 Martis
992 3491 1010 3517 ,
1046 3464 1102 3505 et
1120 3452 1307 3506 AEoliis
1325 3452 1561 3507 vicinum
1585 3453 1808 3526 rupibus
1833 3465 2048 3506 antrum

790 3540 1036 3595 Vulcani.

504 3729 781 3796 Videtur
813 3729 1086 3798 omnino
1117 3731 1221 3798 his
1251 3731 1465 3796 verbis
1500 3731 1636 3796 duo
1679 3745 1904 3820 poetas
1928 3779 1947 3813 ,
1992 3745 2106 3796 aut
2141 3731 2426 3796 duorum
2477 3752 2635 3820 poe·-

504 3855 754 3906 matum
794 3857 1177 3931 argumenta
1198 3889 1217 3924 ,
1246 3855 1511 3930 tangere
1534 3887 1553 3922 ,
1587 3861 1799 3903 unum
1825 3887 1842 3922 ‚
1890 3839 2070 3928 quod
2113 3839 2196 3905 de
2223 3839 2636 3929 expeditione

504 3948 967 4038 Argonautica,
1011 3949 1286 4014 alterum
1310 3997 1329 4032 ,
1366 3945 1550 4034 quod
1587 3945 1672 4010 de
1696 3943 1894 4010 AEtna
1925 3963 2149 4011 monte
2187 3963 2424 4036 egerat.
2465 3947 2636 4012 Nam

503 4054 627 4118 sub
654 4055 803 4120 luco
824 4055 1050 4120 Martis
1070 4054 1419 4121 verisimile
1454 4069 1553 4118 est
1582 4053 1768 4118 illum
1797 4052 2064 4144 intelligi
2085 4101 2105 4135 ,
2139 4054 2250 4142 qui
2282 4053 2458 4142 apud
2485 4053 2636 4117 Col-

506 4159 661 4226 chos
693 4161 895 4254 yellus
927 4183 1201 4227 aureum
1234 4159 1500 4237 tenebat
1522 4208 1541 4244 ,
1579 4174 1646 4224 et
1676 4175 1932 4227 antrum
1959 4160 2246 4228 Vulcani
2267 4159 2502 4226 AEolizk
2528 4181 2636 4223 ru-
