2975 4684
1059 412 1196 479 AD
1247 384 1645 479 AENnAm.

2274 402 2415 497 369

380 538 460 605 Si
492 533 680 603 mihi
712 532 904 603 dura
932 532 1226 629 paras?
1261 529 1649 599 miserandae
1684 526 1815 597 fata
1850 531 2115 598 Creusae

382 645 724 714 Lamentis
755 642 1141 737 gemituque
1175 640 1478 727 trahens,
1518 638 1793 707 infanda
1822 641 2081 733 peregit

375 756 552 823 Vota
589 754 792 832 Deis,
835 751 1214 845 durumque
1251 749 1466 836 nefas,
1501 765 1879 844 sortemque
1921 749 2281 837 malorum,

379 868 478 935 Te
511 876 858 949 narrante,
897 861 1064 949 tuli,
1096 861 1384 957 gemitus
1427 861 1801 955 mentisque
1844 858 2177 945 dolorem,

379 984 471 1049 Et
503 976 824 1073 lacrymas
869 978 1055 1073 prior
1093 978 1238 1071 ipsa
1271 976 1466 1063 dedi3
1496 980 1618 1046 cui
1650 975 1875 1071 digna
1914 978 2294 1073 rependet,
2348 1012 2419 1038 τοο

381 1092 466 1159 Si
503 1089 690 1159 mihi
726 1088 916 1159 dura
934 1089 1224 1184 paras?
1255 1085 1468 1157 dulcis
1507 1111 1653 1156 mea
1686 1084 1857 1156 oolla
1882 1086 2160 1166 ¹fovebat

391 1202 750 1285 Ascanius,
783 1198 1236 1292 miserumque
1269 1222 1440 1292 puer
1462 1198 1494 1228 ⁴*
1517 1195 1787 1265 fovebat
1820 1222 2159 1283 αιτιοι-επις

394 1309 528 1380 Cui
569 1308 771 1377 modo
805 1322 1036 1378 nostra
1069 1306 1236 1377 fides
1265 1308 1575 1377 amissam
1610 1306 1885 1377 reddere
1920 1324 2199 1379 matrem

392 1422 578 1490 Dum
619 1418 836 1513 eupit,
869 1418 1000 1487 hoe
1031 1442 1263 1487 verum
1297 1418 1582 1487 mentito
1620 1418 1903 1513 pignore
1939 1445 2187 1491 nomen

398 1536 670 1601 Format
690 1532 933 1615 Amor3
972 1529 1389 1623 gemitusque
1415 1551 1655 1625 graves
1682 1544 1882 1623 atque
1908 1530 2135 1601 oscula
2162 1533 2309 1627 figit
2362 1560 2434 1599 ms

297 1713 385 1765 Ita
427 1708 599 1764 edidit
632 1708 1002 1772 Burmannus3
1051 1708 1144 1762 sed
1177 1712 1328 1761 laude

302 1792 360 1844 in
388 1788 614 1843 Salmas.
639 1799 692 1840 et
716 1786 868 1843 Leid.
901 1800 982 1841 est
997 1824 1014 1851 ,
1043 1786 1203 1859 idque
1227 1805 1328 1841 nec

299 1879 611 1941 aspa-natur
635 1866 970 1920 Burmannus
984 1906 1001 1932 ,
1035 1876 1088 1919 et
1113 1884 1212 1937 ego
1239 1866 1328 1920 isti

301 1946 694 2022 preferendum
728 1947 974 2013 arbitror,
1016 1944 1328 2017 faciliusque

301 2028 532 2101 explico,
549 2046 711 2100 quam
727 2024 860 2079 illud
878 2029 966 2078 sub
984 2030 1151 2079 corde.
1170 2026 1330 2079 Nem·

301 2126 370 2179 pe
385 2109 480 2180 qni
498 2105 674 2159 laudis
693 2118 748 2159 et
765 2105 1056 2159 honestatis
1067 2106 1330 2159 rationem

302 2188 462 2241 habet
482 2203 656 2251 amor,
673 2202 952 2256 nunquam
977 2184 1142 2237 latere
1163 2195 1214 2237 et
1232 2182 1334 2237 dis·

305 2266 546 2321 simulari
563 2265 710 2336 eupit
725 2302 742 2328 ,
759 2257 850 2317 sed
867 2276 1052 2335 sponte
1067 2281 1124 2317 se
1139 2262 1334 2335 prodit.

377 2348 466 2415 96.
491 2346 796 2397 ussemndae
818 2344 942 2411 fata
972 2346 1176 2397 omma.
1211 2341 1336 2397 Hoc

307 2445 404 2497 per
443 2422 876 2477 exclamationem
916 2420 1140 2495 legenda
1177 2432 1336 2494 puta·-

307 2505 398 2558 hat
419 2502 488 2557 el.
513 2501 926 2573 Oudendorpius
941 2542 957 2567 ,
979 2530 1004 2549 «ι
1023 2498 1338 2555 miseranda

311 2584 416 2638 fata
431 2582 679 2637 Creusae!
707 2582 979 2636 Lamentis
999 2581 1308 2653 gemituque
1320 2618 1336 2643 ‚

311 2676 412 2717 etc.
439 2680 500 2726 -3
525 2675 578 2715 et
602 2673 720 2715 tum
743 2680 794 2715 v.
817 2679 886 2730 99
913 2660 1211 2732 corrigebat
1233 2663 1344 2711 tulit

313 2744 510 2797 Creusa
535 2758 726 2812 nempe
737 2758 754 2804 ;
789 2750 852 2793 ut
881 2739 1154 2811 sequentia
1183 2736 1342 2793 Dido-

313 2822 396 2876 nis
435 2821 541 2874 sint
575 2819 646 2873 ad
676 2822 852 2873 AEueoe
889 2820 1248 2873 narrationem
1286 2836 1340 2871 se

313 2900 632 2975 ingemuisse
656 2898 902 2954 dicentis.
925 2899 1109 2952 Bunst.

385 2998 476 3050 97.
517 2981 766 3033 Lamentis
805 2982 1088 3048 gemituque
1126 2981 1340 3031 trahem.

321 3066 558 3111 Lamema
581 3058 747 3115 Salm.
783 3070 832 3111 et
855 3056 1008 3111 Leid.
1034 3056 1126 3111 sed
1153 3057 1210 3109 in
1235 3074 1344 3129 qno

317 3140 616 3192 lamentian
633 3156 798 3191 mauu
813 3155 919 3191 sec.
935 3142 1170 3188 Lomento
1179 3136 1347 3189 Hein-

317 3218 458 3285 sius,
485 3236 598 3271 non
623 3235 762 3289 opus
783 3228 878 3270 est.
909 3216 1156 3269 Imitatur
1167 3214 1346 3285 Virgi-

320 3298 484 3361 lium,
531 3298 652 3348 AEn.
673 3296 776 3361 IV,
813 3298 916 3366 667
944 3312 958 3349 ε
998 3322 1022 3341 α
1045 3294 1346 3359 Lamentis,

320 3376 647 3448 gemituque,
663 3386 718 3429 et
733 3374 961 3429 femineo
980 3372 1352 3428 ululatu‘l'eota

323 3456 556 3509 fremunt
579 3480 626 3507 ι.
665 3453 850 3507 Paullo
873 3466 992 3525 post
1019 3460 1146 3505 Vota
1167 3456 1274 3505 dies
1293 3452 1350 3505 in

321 3534 480 3589 salu.
499 3545 554 3587 et
579 3531 730 3587 Leid.
749 3531 844 3586 sed
875 3536 991 3585 Deis
1018 3532 1073 3585 in
1102 3550 1265 3604 marg.
1289 3544 1350 3585 ut

325 3615 518 3685 legitur
543 3614 602 3666 in
629 3611 750 3665 eod.
766 3612 979 3667 Divion.
1000 3613 1186 3666 Buan.
1207 3612 1346 3665 Obs-

325 3712 454 3749 cura
481 3692 596 3745 lice
622 3691 804 3745 omnia
829 3702 884 3745 et
905 3692 1082 3763 inepte
1107 3708 1348 3763 expressa

325 3773 506 3827 verbis
521 3809 539 3837 ‚
565 3784 628 3825 ut
646 3790 858 3825 sensum
883 3770 1174 3825 difficulter
1191 3772 1356 3825 extri-

326 3870 428 3907 ees.
445 3851 587 3905 Mihi
605 3850 816 3905 videtur
831 3850 974 3905 Dido
993 3849 1098 3905 hoo
1115 3850 1276 3917 velle,
1299 3866 1356 3904 se

328 3930 640 3987 miseranda
686 3931 792 3983 fata
851 3930 1062 3983 Creusa
1081 3966 1098 3993 ,
1147 3928 1356 4001 aliaque

331 4011 468 4065 mala
488 4048 505 4075 ,
528 4008 834 4065 audientem
847 4046 864 4074 ,
887 4021 1135 4063 narrante
1159 4010 1322 4061 AEnea
1337 4046 1356 4075 ,

335 4088 554 4143 infando
579 4088 764 4141 dolore
799 4099 1118 4141 commotam
1155 4086 1360 4151 illamv-

340 4187 536 4233 masse,
563 4180 618 4221 et
640 4179 758 4220 vota
787 4168 914 4221 Deis
929 4167 1100 4222 multo
1121 4184 1242 4221 cum
1265 4186 1358 4240 ge-

531 4262 674 4331 III.

1413 1706 1550 1761 mitu
1584 1709 1872 1781 peregisse,
1898 1728 1996 1780 pro
2034 1713 2147 1784 ejus
2183 1723 2235 1765 et
2273 1715 2441 1767 socio·

1411 1806 1534 1839 rum
1572 1788 1755 1841 salute.
1794 1790 1983 1861 Itaque
2024 1809 2177 1844 versu
2214 1810 2285 1862 97
2321 1792 2440 1866 lego

1403 1886 1575 1935 P⁶P⁶8¹
1587 1889 1609 1929 ὅ
1631 1879 1683 1920 et
1706 1886 1865 1923 versu
1892 1886 1961 1937 99
1994 1874 2087 1923 mli
2104 1870 2309 1943 explico
2327 1892 2439 1929 mo-

1413 1946 1542 1999 leste
1560 1946 1679 1999 tuli.
1704 1946 1871 2000 Aliter
1894 1958 2062 2002 totum
2094 1950 2199 2004 hoe
2218 1970 2327 2008 non
2349 1972 2442 2007 ex-

1412 2022 1594 2096 pedio.

1497 2122 1610 2157 102.
1624 2106 1953 2175 Miser-eamque
1958 2128 2086 2176 puer
2084 2111 2296 2177 fovebat
2309 2136 2447 2167 amo-

1420 2204 1537 2236 rem.
1591 2184 1671 2237 Ita
1725 2186 1781 2237 in
1827 2186 2035 2241 schedis
2078 2195 2445 2267 manuscriptis

1423 2274 1605 2317 contra
1626 2275 1881 2332 metrum,
1905 2279 1958 2320 et
1976 2268 2186 2340 ing-rato
2210 2273 2447 2347 ejusdem

1425 2344 1571 2397 vocis
1588 2362 1809 2398 recursu
1831 2361 1847 2398 τ
1876 2347 2011 2401 fone
2013 2349 2266 2416 fallebat,
2292 2366 2351 2405 ut
2371 2355 2449 2414 in?

1425 2434 1557 2475 nnat
1588 2420 1939 2495 Cupidinem,
1975 2428 2067 2499 qui
2098 2448 2197 2501 pro
2225 2434 2453 2487 Ascanio

1424 2499 1687 2555 Didonem
1740 2503 1913 2557 elusit.
1964 2507 2045 2559 Ita
2090 2511 2229 2561 enim
2266 2512 2450 2567 Venus

1425 2580 1573 2651 apud
1594 2580 1741 2652 Virg.
1761 2586 1885 2635 AEn.
1905 2584 1933 2635 1
1948 2622 1963 2649 ,
1984 2588 2085 2655 692
2104 2629 2120 2653 ,
2139 2588 2207 2643 ad
2232 2592 2453 2664 Cupidi-

1425 2676 1547 2712 nem
1570 2676 1581 2709 :
1607 2684 1629 2705 ιι
1647 2659 1793 2713 Faue
1808 2659 1935 2715 dolo
1955 2701 1972 2727 ,
2007 2677 2059 2718 et
2088 2681 2269 2736 notos,
2304 2690 2457 2743 puer,

1426 2738 1589 2793 indue
1628 2741 1905 2794 vultus....
1946 2744 2125 2809 Quum
2165 2748 2312 2803 dabit
2338 2764 2457 2805 ’am-

1426 2818 1614 2889 plexus
1637 2858 1653 2884 ,
1690 2832 1851 2889 atque
1881 2824 2063 2878 oscula
2094 2826 2277 2882 dulcia·
2300 2828 2457 2902 figet,

1429 2896 1713 2951 Occultum
1736 2898 1952 2971 inspires
1974 2902 2149 2974 ignem
2166 2947 2182 2972 ,
2203 2908 2459 2981 fallasque

1431 2994 1638 3029 veneno
1658 3002 1704 3029 ι.
1734 3008 1807 3017 -
1832 2978 1917 3033 sic
1922 2981 2116 3049 fallere
2132 2986 2277 3057 apud
2294 2988 2455 3043 Ovid.

1433 3054 1575 3109 Fast.
1588 3054 1667 3118 11,
1687 3056 1809 3127 397.
1825 3058 2114 3115 En.—Cel.
2127 3063 2375 3119 Oudend.
2386 3069 2461 3121 vi·

1435 3132 1659 3189 debatur
1700 3135 2095 3194 emendandum
2117 3146 2339 3213 figebat,
2380 3148 2463 3201 vel

1421 3213 1653 3279 faciebat
1676 3218 2026 3287 autfingebat.
2054 3221 2240 3276 Bonna.
2258 3258 2329 3267 —
2348 3232 2463 3280 rin-

1434 3294 1587 3385 gebat
1622 3294 1899 3364 probabile
1932 3308 2038 3361 est,
2070 3301 2221 3373 quod
2252 3324 2330 3359 vs.
2364 3309 2461 3361 105

1437 3384 1675 3441 sequitur
1696 3380 1910 3429 For-mat.

1518 3456 1632 3513 104.
1671 3458 1777 3504 Hoc
1811 3474 1983 3507 venem
2024 3466 2225 3513 mentito
2248 3468 2467 3533 pignore

1438 3546 1615 3581 nomen
1635 3537 1833 3584 tomas
1851 3542 2024 3590 Amor.
2054 3540 2219 3593 Amor
2242 3560 2336 3595 seu
2353 3544 2463 3596 Cu·

1437 3605 1567 3676 pido
1590 3610 1721 3663 mihi
1747 3630 1845 3683 pro
1870 3612 1985 3668 mio
2003 3621 2274 3690 appositus
2294 3660 2310 3684 ,
2337 3621 2467 3677 dum

1437 3689 1663 3743 mentito
1687 3692 1909 3765 pignore
1923 3732 1941 3759 ,
1961 3696 2229 3755 blanditiis
2254 3702 2468 3757 simula-

1443 3766 1511 3821 tis
1532 3808 1549 3833 ,
1574 3770 1939 3826 vehementem
1966 3792 2201 3830 amorem
2228 3780 2359 3833 mihi
2384 3782 2465 3834 in-

1443 3848 1610 3919 spirat
1622 3887 1641 3913 ,
1680 3850 1846 3904 efficit
1866 3890 1882 3915 ,
1934 3864 1994 3905 ut
2043 3872 2227 3909 verum
2270 3878 2465 3915 nomen

1443 3928 1650 3995 matris,
1666 3941 1715 3981 et
1730 3930 1983 3985 affectum
2004 3934 2213 4005 pietatis
2228 3937 2471 4008 induam,

1444 4008 1671 4078 gemitus
1687 4026 1873 4080 graves
1888 4010 2051 4064 edens
2064 4052 2081 4078 ‚
2102 4026 2154 4066 et
2175 4016 2264 4087 pia
2289 4021 2470 4076 oscula

1446 4084 1865 4157 Egeria—Amor
1876 4089 2039 4160 igitur
2056 4111 2155 4166 pro
2174 4096 2439 4169 Cupidine
2456 4144 2473 4169 ,

1449 4170 1647 4239 majore
1660 4168 1805 4222 litera
1818 4170 2153 4226 scribendum
2170 4178 2469 4247 putavifflln.

2042 4268 2131 4351 ²4
