2975 4684
973 338 1410 406 AUSPICII
1471 337 1595 405 ET
1660 337 2033 404 AELLAE.

2432 309 2568 428 3‘95

543 467 833 556 Iungere
869 485 1049 528 nunc
1075 458 1367 542 dextras,
1400 483 1583 527 nuuc
1616 456 1841 526 oscula
1878 479 2167 550 pangere
2198 455 2503 539 mandat,

543 574 900 666 Primaque
934 570 1274 666 perpetuis
1315 569 1625 662 mysteria
1666 566 1926 642 tradere
1964 565 2158 635 curiS.
2345 581 2353 588 ·

537 686 692 777 Ipsa
733 683 1148 776 pharetratos
1183 695 1378 774 urget
1415 679 1535 748 dea
1573 677 1885 747 Pronuba
1928 674 2163 744 fratres

542 797 786 864 Sancta
820 791 1049 879 Fides,
1076 790 1343 859 flectant
1371 789 1645 858 choreas
1681 787 1764 857 ad
1802 787 2043 854 moenia
2072 789 2337 869 Romen,

537 906 623 972 Et
657 903 908 996 patrios
944 899 1096 970 laeto
1135 912 1436 994 repetant
1473 922 1743 967 rumore
1783 912 2081 991 penates;
2517 933 2567 970 90

537 1013 734 1085 Unde
775 1029 927 1082 ante
964 1037 1078 1080 ora
1123 1035 1426 1098 suorum,
1463 1026 1529 1080 et
1564 1011 1755 1080 avitae
1793 1010 1861 1076 in
1900 1007 2167 1078 sedibus
2208 1007 2409 1094 aulae,

535 1128 886 1194 ‘l'oetentur
921 1122 1126 1192 fixum
1164 1121 1412 1208 foedus,
1457 1119 1951 1220 thalamumque
1989 1132 2331 1188 coronent.

470 1357 484 1365 ·
507 1345 590 1398 86.
611 1349 827 1411 Iungere
855 1363 986 1404 nunc
1018 1347 1245 1394 dextras.
1272 1343 1454 1414 Ipsum
1548 1341 1669 1395 nius
1691 1341 1757 1395 ad
1778 1342 1923 1412 Virg.
1946 1343 2063 1393 AEn.
2084 1339 2111 1390 1
2130 1378 2144 1402 ‚
2172 1329 2304 1402 655ss
2329 1340 2563 1406 displicent

437 1424 604 1478 soedus
631 1423 913 1496 conjugale
936 1422 1201 1493 extemplo
1227 1422 1458 1474 Concor·
1546 1443 1778 1475 coronam
1802 1420 2005 1475 Valerii
2025 1419 2202 1474 Flacci
2226 1418 2470 1490 intelligit
2496 1416 2563 1470 de

433 1501 526 1558 dia
544 1515 598 1557 et
614 1515 795 1556 sancta
817 1500 972 1555 Fides
992 1539 1008 1566 ,
1039 1513 1308 1574 tamquam
1334 1500 1456 1554 Pro-
1546 1502 1745 1574 duplici
1768 1502 1986 1555 materia
2001 1539 2016 1563 ,
2054 1519 2187 1552 auro
2221 1510 2271 1550 et
2304 1497 2525 1568 gemmis
2545 1539 2560 1563 ,

431 1583 572 1636 uuha
587 1621 604 1648 ,
644 1583 880 1636 sanciunt
922 1581 1195 1656 junctione
1239 1579 1449 1634 dextra-

429 1679 570 1728 rum,
581 1674 865 1734 mutuaque
880 1661 1163 1733 sponsione
1174 1671 1225 1712 et
1239 1658 1420 1712 osculo
1436 1677 1447 1710 :

421 1760 678 1814 «pompam
698 1742 964 1795 solennem
986 1751 1038 1793 et
1058 1739 1218 1792 ritum
1245 1739 1450 1810 nuptia-

429 1841 550 1876 rum
568 1859 584 1885 ,
603 1834 656 1876 et
675 1819 1014 1894 hymenaeum
1029 1817 1328 1892 canendum
1346 1816 1446 1869 dif-

426 1903 624 1966 ferunt,
641 1903 823 1955 Roma
843 1901 912 1955 ab
929 1899 1174 1954 universo
1193 1897 1446 1950 comitatu

423 1981 648 2034 Veneris
677 1978 996 2054 peragenda.
1016 1977 1214 2030 Pariter
1231 1975 1441 2041 Statius,

425 2059 658 2132 Epithal.
681 2057 852 2116 Stella
870 2097 887 2121 ‚
910 2059 1009 2126 239
1028 2097 1042 2121 ,
1073 2058 1130 2108 in
1162 2053 1442 2127 pangendo

422 2139 690 2193 connubio
727 2140 968 2192 nominat
1005 2138 1272 2190 Iunonem
1305 2134 1438 2188 Pro-

420 2220 646 2281 nubum,
669 2230 720 2272 et
741 2216 1120 2273 Concordiam:
1143 2241 1168 2262 α
1186 2213 1279 2268 dat
1297 2220 1439 2268 Juno

421 2286 654 2352 v'ereuda
669 2297 903 2350 Vincula·
918 2336 933 2360 ,
953 2308 1006 2350 et
1023 2296 1250 2367 insigues
1277 2294 1440 2366 gemi-

419 2391 512 2432 nat
533 2377 828 2432 Concordia
849 2375 1010 2430 taedas
1026 2401 1068 2426 n.
1097 2374 1283 2428 Obiter
1311 2387 1440 2427 noto

418 2457 488 2512 ad
525 2459 672 2511 hunc
721 2457 898 2510 locum
919 2497 937 2522 ,
979 2459 1236 2524 geminare
1277 2459 1436 2507 caedas

415 2537 560 2591 idem
595 2555 736 2602 esse,
782 2555 844 2588 ac
877 2533 1022 2607 quod
1058 2532 1334 2588 claudian.
1366 2532 1434 2586 de

415 2618 575 2689 Nupt.
601 2615 746 2670 Hou.
779 2616 876 2669 203
895 2652 910 2676 ,
938 2612 1088 2672 dicit,
1115 2613 1246 2665 «Tu
1271 2611 1432 2682 gemi-

413 2715 540 2762 nas,
575 2694 870 2750 Concordia
895 2735 909 2760 ,
953 2705 1104 2747 necte
1141 2711 1362 2746 coronas
1384 2717 1426 2745 ».

413 2777 617 2848 Nempe
661 2793 722 2829 ex
763 2773 974 2827 duabus
1009 2771 1261 2843 virgulis,
1300 2791 1432 2843 quas

413 2855 605 2911 statius
637 2853 798 2909 tedas
826 2852 1056 2926 appellat
1070 2889 1084 2914 ,
1116 2852 1324 2905 'coronat
1351 2864 1430 2903 te·

413 2936 671 2989 xebantur
695 2935 749 2986 in
779 2932 976 3005 nuptiis
992 2968 1009 2995 ,
1036 2941 1097 2986 ut
1131 2930 1430 3003 symbolum

411 3025 584 3069 essent
629 3013 880 3086 conjugii.
924 3016 1099 3064 Taedas
1152 3021 1328 3064 autem
1363 3008 1430 3062 de

410 3113 608 3148 corona
646 3093 831 3147 itidem
865 3090 1138 3164 usurpavit
1174 3089 1427 3160 Calpurn.

410 3173 496 3238 11,
522 3193 616 3243 29:
639 3200 664 3219 ‹-
683 3174 749 3224 Et
777 3189 886 3226 mea
917 3168 1190 3224 frondenti·
1209 3170 1430 3220 circum-

409 3251 502 3306 dat
525 3263 764 3325 tempora
793 3251 930 3305 taeda
948 3276 992 3303 n.
1023 3279 1092 3290 --·
1112 3246 1312 3301 Eadem
1338 3265 1425 3301 ra-

407 3331 554 3385 tione
587 3331 976 3404 interpretanda
1015 3339 1090 3384 est
1127 3333 1314 3397 duplex
1343 3349 1425 3380 eo-

404 3431 532 3463 rorm
565 3411 708 3484 apud
733 3411 910 3464 valer.
949 3410 1230 3472 Flaccum,
1247 3409 1383 3462 VIII
1407 3450 1422 3475 ,

409 3489 510 3544 235
532 3509 548 3544 :
575 3517 601 3537 α
619 3492 728 3562 ipsa
757 3507 906 3544 suam
935 3489 1199 3563 duplicem
1223 3489 1422 3561 Cythe-

399 3585 494 3622 rea
518 3587 770 3624 coronam
791 3571 964 3623 Donat
983 3595 1006 3614 a
1026 3587 1041 3634 ;
1059 3587 1220 3641 quem
1246 3570 1421 3622 locum

401 3648 578 3703 adhue
617 3651 805 3722 majori
845 3651 963 3703 luce
995 3647 1420 3720 perfundendum

401 3727 518 3781 aliis
543 3730 756 3802 reliquit
777 3731 1126 3783 Burmannus.
1155 3728 1256 3782 Sed
1283 3728 1420 3800 Hey-

1540 1601 1767 1655 eumque
1804 1581 1933 1635 dicit
1954 1579 2237 1651 Virgilium
2290 1577 2558 1629 imitatum

1537 1681 1650 1716 esse
1668 1703 1683 1728 ‚
1710 1663 1801 1734 qui
1828 1661 1973 1715 dicto
1996 1659 2116 1723 loco
2139 1653 2299 1710 habet
2318 1659 2557 1724 duplicem

1532 1747 1738 1810 gemmis
1764 1760 1983 1808 auroque
2006 1757 2255 1790 coronam.
2276 1737 2378 1789 En.

1606 1823 1692 1892 87.
1735 1823 1992 1888 Primaque
2030 1819 2273 1886 perpetuis
2319 1818 2550 1879 mysteria

1534 1905 1729 1954 trudere
1762 1903 1914 1959 curis,
1950 1898 2008 1950 h.
2042 1915 2089 1950 e.
2124 1894 2332 1948 initiare
2372 1893 2553 1946 futuro

1532 1980 1875 2033 matrimonio
1893 2017 1908 2041 ‚
1938 1991 1990 2031 et
2008 1976 2190 2048 primis
2213 1973 2391 2026 arcani
2409 1990 2549 2024 amo-

1530 2060 1603 2117 ris
1630 2059 1864 2112 sensibus
1890 2046 2129 2110 imbuere
2147 2095 2163 2121 ‚
2189 2066 2249 2106 ut
2272 2051 2399 2104 inde
2426 2069 2551 2104 con-

1524 2143 1674 2212 juges
1716 2149 1997 2211 perpetuas
2036 2135 2155 2189 vito
2200 2131 2550 2186 communiter

1530 2219 1743 2292 agendas
1772 2237 1923 2272 curas
1950 2212 2259 2286 suscipiant.

1600 2317 1687 2370 92.
1720 2301 2101 2363 Thalamumque
2126 2305 2381 2344 coronent.
2402 2291 2546 2342 Inter

1530 2379 1817 2451 precipuos
1848 2375 2155 2449 nuptiarum
2181 2371 2435 2424 ‘Veterum
2472 2371 2545 2422 ri·

1524 2468 1607 2512 tus
1636 2458 1845 2511 videtur
1869 2474 1980 2508 esse
2006 2451 2225 2507 thalami
2258 2449 2542 2506 exatmctio

1523 2549 1577 2590 et
1596 2537 1886 2591 exornatio.
1906 2536 2038 2600 Quas
2055 2531 2181 2604 quia
2200 2529 2544 2590 fiebatinstar

1521 2617 1737 2670 tentorii
1751 2655 1767 2681 ,
1787 2615 1915 2670 velis
1928 2613 2079 2686 pictis
2098 2623 2149 2664 et
2162 2609 2354 2662 florum
2368 2607 2540 2671 sertis,

1520 2709 1723 2750 tectum
1760 2693 1979 2749 thalami
2010 2705 2061 2744 et
2094 2691 2369 2744 columnas
2404 2687 2537 2742 iuud

1520 2776 1833 2829 sustinentes
1868 2771 2217 2827 ambientibus
2232 2809 2249 2833 ‚
2294 2765 2350 2819 id
2378 2771 2540 2820 thala-

1520 2875 1648 2906 mum
1688 2873 1925 2908 coronare
1958 2851 2249 2906 dicebatur.
2286 2847 2401 2899 Hoc
2448 2845 2539 2900 de·

1520 2935 1750 2988 scribere
1774 2933 2001 3005 amplius
2030 2931 2238 2983 videtur
2263 2925 2449 2979 Claud.
2469 2925 2538 2978 de

1519 3015 1680 3085 Nupt.
1696 3014 1836 3065 Hon.
1861 3029 1921 3063 21
1936 3031 1957 3063 1
1982 3025 2123 3081 seqq.
2154 3034 2176 3055 ι
2193 3009 2319 3060 Pars
2335 3006 2533 3059 infecta

1520 3111 1677 3146 croco
1710 3092 1971 3146 velamina
2010 3091 2151 3142 lutea
2174 3089 2361 3141 Serum
2394 3073 2535 3139 Pan'·

1518 3171 1627 3226 dite
1636 3209 1755 3224 .....
1790 3173 1882 3222 Ast
1918 3169 2008 3222 alii
2046 3167 2337 3220 thalamum
2376 3165 2535 3222 docto

1516 3251 1815 3322 componite
1836 3261 1993 3304 textu.
2018 3247 2247 3302 stamine
2270 3261 2533 3317 gemmato

1514 3331 1894 3404 picturatisque
1933 3329 2193 3384 columnis
2225 3327 2533 3382 AEdificetur

1512 3429 1643 3482 apex
1662 3437 1703 3464 a.
1726 3409 1875 3464 Idem
1910 3407 2096 3464 Claud.
2127 3403 2298 3460 Laud.
2330 3407 2529 3462 Stilich.

1510 3489 1539 3542 1
1553 3529 1570 3556 ,
1598 3491 1650 3556 5,
1671 3515 1696 3538 α
1714 3488 1884 3544 calida
1905 3489 2124 3543 thalami
2151 3501 2287 3542 serta
2308 3513 2333 3534 ι
2356 3488 2530 3542 nomi·

1510 3582 1620 3624 nat.
1642 3571 1796 3623 Plura
1816 3569 1883 3622 de
1902 3569 2135 3623 thalamo
2156 3587 2416 3622 uovorum
2440 3585 2531 3621 nu·

1510 3659 1719 3720 ptorum
1754 3650 1967 3721 collegit
2006 3649 2253 3702 Bar-thius
2293 3646 2358 3700 ad
2402 3647 2527 3700 Stat.

1485 3727 1768 3808 fI‘hebaid.
1791 3729 1929 3782 VIII
1947 3767 1963 3793 ,
1985 3731 2102 3798 607.

1202 3971 1747 4000 ---—--oe-—-—--·-
1836 3958 1843 3972 ¹
