2975 4684
495 338 637 409 350

1125 339 1462 409 VERBA
1511 340 1989 409 ACHILLIS

592 468 814 558 Atque
839 462 1064 533 hostes
1091 459 1315 557 gladio
1341 486 1545 556 quam
1576 459 1759 531 lanas
1784 462 2064 532 fundere
2092 465 2271 533 fuso:
2577 494 2625 530 ‚s

590 577 850 647 Tenuia
877 573 1104 643 loricae
1129 573 1372 643 cedant
1399 570 1702 641 multicia
1737 570 1897 643 forti
1914 624 1932 659 ,

595 684 962 782 Splendeat
990 698 1058 753 et
1087 698 1318 777 raptus
1343 684 1645 777 projecto
1670 684 1933 778 pectine
1958 706 2193 753 mucro
2214 708 2234 767 ;

589 796 1008 890 Contemptis
1035 794 1242 864 radiis
1267 809 1634 864 onerentur
1660 794 1931 869 brachia
1958 793 2147 890 pilis;

587 906 832 979 Clausa
863 906 980 975 diu
1011 904 1306 975 thalamo
1337 905 1695 975 reddamus
1724 920 1993 999 pectora
2022 930 2283 1001 campo,

585 1018 938 1088 Praesumit
963 1030 1213 1085 certam
1241 1016 1454 1085 virtus
1479 1016 1606 1085 sibi
1634 1018 1897 1087 conscia
1926 1014 2213 1111 palmam
2231 1073 2252 1104 ‚
2580 1044 2630 1082 ³0

587 1134 746 1199 Haec
773 1128 1012 1197 dubios
1041 1127 1288 1224 gaudet
1313 1127 1609 1221 perferre
1638 1128 1943 1198 interrita
1970 1152 2195 1199 casus:

489 1376 684 1419 xuntur
714 1382 742 1416 a
772 1362 986 1415 feminis
1007 1397 1024 1424 ,
1065 1370 1116 1413 et
1139 1364 1368 1423 telorum,
1398 1377 1516 1432 qun

483 1448 624 1501 viros
656 1443 802 1497 bello
829 1440 1032 1495 habiles
1059 1439 1267 1495 decent.

562 1524 643 1579 25.
671 1530 831 1593 Quam
857 1528 1003 1575 lanas
1020 1522 1240 1593 fundere
1253 1522 1403 1593 fuso.
1425 1521 1513 1575 Sic

490 1604 648 1659 codd.
669 1603 854 1675 Mspti,
881 1602 981 1655 nisi
1010 1601 1157 1673 quod
1183 1602 1370 1655 vitiose
1385 1604 1515 1672 fusa

485 1686 544 1738 in
571 1684 787 1738 Salmas.
803 1684 944 1735 Nota
963 1683 1134 1755 elh'psi
1159 1683 1246 1735 hic
1275 1682 1519 1755 iutelligi-

483 1778 572 1817 tur
592 1767 754 1833 magis
778 1763 866 1818 vel
886 1766 1072 1832 potuu-
1105 1762 1517 1835 Oudendorpius

485 1858 662 1898 tanen
684 1844 926 1915 legebat:
959 1868 986 1888 ιι
1009 1844 1184 1915 Atque
1207 1843 1388 1897 hostes
1403 1842 1517 1915 gla-

485 1924 576 1977 dio
595 1964 610 1990 ,
637 1942 747 1976 non
771 1922 952 1975 lanam
977 1919 1204 1975 fundere
1229 1922 1349 1976 fuso
1369 1948 1411 1975 υ.
1432 1923 1517 1976 si-

483 2003 596 2055 mili
640 2002 970 2075 oppositione
1003 2020 1182 2057 rerum
1211 2000 1280 2054 de
1311 2000 1515 2055 Achille

483 2082 649 2135 utitur
673 2080 904 2135 Ovidius
929 2081 985 2133 in
1008 2081 1124 2133 Art.
1155 2082 1275 2133 Am.
1297 2083 1326 2133 1
1341 2120 1356 2145 ,
1379 2084 1513 2150 691:

483 2188 509 2207 κ
523 2160 669 2227 Quid
693 2159 822 2213 facis
835 2198 852 2222 ,
870 2158 1126 2212 AEacida?
1147 2178 1257 2211 non
1277 2172 1403 2212 sunt
1421 2170 1515 2212 tua

487 2258 704 2293 munera
729 2239 866 2291 lanae
887 2279 902 2304 ,
932 2238 1019 2290 Tu
1042 2238 1223 2291 titulos
1256 2239 1360 2291 alia
1395 2239 1516 2291 Pal-

485 2318 622 2373 ladis
641 2330 753 2371 arte
776 2328 945 2389 petas.
988 2315 1134 2383 Quid
1155 2318 1252 2369 tibi
1273 2334 1398 2370 cum
1423 2334 1515 2369 ca-

483 2396 684 2451 lathis?
710 2397 900 2469 clypeo
921 2414 1118 2449 manus
1139 2408 1264 2469 apta
1281 2396 1515 2450 tenendo

487 2489 566 2532 est
585 2520 601 2544 ,
624 2488 726 2530 etc.
756 2500 778 2522 a·
820 2474 888 2525 Et
921 2474 978 2527 in
1019 2475 1332 2547 epigramm.
1369 2474 1515 2547 apud

485 2557 744 2610 Pithoeum
764 2595 780 2622 ‚
805 2552 902 2606 lib.
919 2554 1017 2618 IV,
1043 2572 1168 2627 pag.
1195 2552 1290 2607 151
1310 2571 1325 2607 t
1349 2555 1517 2608 «Tela

484 2636 610 2689 viris
645 2634 808 2688 decus
841 2645 919 2687 est
941 2672 958 2699 ,
991 2634 1316 2706 peplumque
1349 2634 1520 2689 colus·

484 2735 590 2790 que
617 2716 808 2789 puellm
827 2740 872 2771 n.
899 2714 1082 2769 Bunn.

561 2799 648 2849 26.
677 2798 860 2847 Tenuia
892 2798 1062 2848 loricae
1095 2798 1278 2847 cedant
1299 2799 1519 2849 multicia

470 2878 617 2945 forti.
649 2875 814 2948 Mspti
839 2874 976 2928 nihil
995 2877 1068 2929 ita
1087 2876 1290 2929 variant
1305 2913 1320 2938 ,
1357 2887 1416 2929 ut
1437 2876 1516 2929 le·

487 2956 594 3009 ctio
617 2954 780 3008 dubia
803 2952 954 3007 reddi
974 2955 1160 3027 possit.
1183 2956 1332 3020 Quas
1352 2954 1516 3026 igitur

487 3036 826 3089 Burmannus
853 3035 944 3088 hic
978 3034 1136 3089 affert
1152 3072 1170 3099 ,
1195 3032 1517 3089 mutationes

489 3133 827 3187 supervacue
866 3126 1008 3168 sunt.
1049 3119 1236 3167 ronuta
1277 3114 1515 3188 trisylla-

490 3196 608 3249 hice
627 3194 930 3267 legendum.
954 3193 1022 3249 Et
1038 3195 1264 3249 multum
1281 3194 1517 3248 variatur

489 3274 649 3347 hujus
669 3275 816 3327 vocis
839 3274 1202 3345 pronuntiatio
1227 3272 1370 3346 apud
1393 3292 1516 3345 poe-

487 3368 568 3406 tas
585 3394 600 3419 ,
618 3370 785 3425 quum
808 3353 1017 3405 literam
1043 3374 1074 3403 u
1099 3364 1153 3406 et
1172 3356 1206 3415 i,
1231 3372 1333 3426 pro
1359 3354 1514 3409 metri

488 3432 723 3498 ratione,
749 3436 908 3484 modo
945 3442 1005 3484 ut
1030 3450 1290 3487 consonas
1307 3472 1324 3498 ,
1350 3433 1513 3487 modo

491 3526 551 3565 ut
585 3512 790 3566 vocales
829 3512 1112 3583 accipiunt.
1139 3511 1265 3565 Vid.
1303 3513 1512 3567 Zinzer-

490 3592 618 3665 ling.
640 3591 905 3645 Promuls.
935 3592 1068 3644 crit.
1099 3608 1148 3643 c.
1177 3592 1260 3645 36.
1289 3594 1512 3644 multia-122

489 3672 794 3725 scholiastes
809 3672 997 3726 Juven.
1017 3670 1086 3725 ad
1109 3672 1212 3726 sat.
1225 3670 1303 3739 11,
1327 3674 1414 3739 66,
1431 3692 1513 3725 ex·

383 3775 395 3803 ι
491 3754 641 3823 ponit
653 3764 857 3806 «vestes
879 3751 1025 3805 molli
1047 3751 1269 3805 intextas
1288 3751 1516 3805 substra-

491 3831 634 3885 mine
653 3870 668 3895 ,
702 3831 894 3902 quibus
935 3830 1015 3885 uti
1049 3831 1218 3884 solent
1257 3830 1441 3902 puellm
1461 3856 1513 3900 ι,

493 3930 611 3984 quae
623 3924 765 3964 certe
778 3910 971 3963 Achilli
985 3912 1042 3963 in
1053 3910 1386 3965 Parthenone
1397 3930 1515 3964 con·

491 3990 875 4044 venientissima
920 4003 1040 4043 sunt
1059 4030 1074 4053 ‚
1126 4004 1186 4044 ut
1231 3992 1510 4065 pellucida.

491 4068 725 4135 Quando
767 4069 1027 4141 Vopiscus
1083 4070 1138 4122 in
1188 4070 1472 4124 Aureliano
1493 4113 1508 4138 ,

1603 1378 1653 1413 e.
1682 1377 1743 1413 12
1758 1402 1773 1427 ,
1792 1363 1983 1413 πυτίαις
2010 1364 2251 1413 multicias
2272 1365 2441 1416 viriles
2464 1366 2631 1417 nomi-

1602 1454 1726 1505 nat,
1754 1460 1843 1495 eas
1878 1441 2165 1495 Salmasius
2202 1461 2305 1515 pro
2340 1444 2523 1499 sericis
2546 1445 2630 1498 vel

1602 1520 1885 1575 suhsericis
1911 1521 2043 1593 poni
2068 1522 2335 1588 affirmat,
2358 1542 2477 1595 quae
2500 1536 2631 1579 tunc

1601 1613 1753 1654 erant
1792 1600 1861 1654 ad
1894 1620 2049 1656 usum
2078 1602 2320 1656 mollium
2351 1614 2403 1656 et
2428 1603 2632 1659 delica-

1602 1690 1799 1732 torum.
1848 1680 2060 1753 Proprie
2116 1693 2291 1735 tamen
2342 1683 2631 1737 mulierum

1602 1757 1767 1813 fuisse
1786 1758 1927 1815 idem
1946 1760 2348 1828 (invenditum,
2370 1764 2490 1827 185,
2506 1782 2633 1835 pro-

1602 1838 1697 1892 hat
1710 1856 1727 1891 τ
1752 1842 2101 1895 -ιιοο...εεοίῑο
2118 1840 2281 1895 bilem
2298 1842 2400 1895 tibi
2420 1854 2633 1897 contra-

1602 1918 1697 1972 hat
1706 1938 1864 1985 uxor,
1877 1919 2115 1974 Humida
2130 1922 2387 1993 suspectis
2394 1922 2633 1977 resa-em

1602 1998 1839 2055 multicia
1864 2001 2013 2073 rugis
2030 2026 2074 2055 n.
2096 2000 2245 2055 Dicta
2267 2014 2447 2055 autem
2464 2007 2633 2055 maed-

1603 2082 1685 2130 σία
1700 2079 1990 2135 Salmasius
2004 2080 2291 2134 arbitratur
2308 2100 2337 2134 a
2356 2086 2561 2135 mulam
2580 2094 2634 2137 et

1603 2161 1722 2220 e’ce’o,
1755 2160 1901 2231 quod
1945 2162 2086 2213 hene
2130 2158 2343 2214 densata
2388 2173 2441 2215 et
2474 2160 2634 2217 radio

1604 2238 1738 2291 bene
1770 2258 2044 2311 percussa,
2082 2238 2308 2312 ideoque
2352 2241 2537 2294 tenuia
2578 2254 2634 2295 et

1602 2316 1739 2369 levia
1753 2355 1770 2382 ,
1800 2332 1993 2373 essent.
2013 2323 2237 2373 Multicia
2256 2323 2516 2386 ξγηῡὶοείε,
2532 2321 2567 2374 i.
2582 2340 2630 2375 e.

1602 2397 1769 2525 ‘sierica
1784 2435 1801 2460 ,
1818 2400 2051 2453 occurrit
2071 2399 2215 2472 apud
2240 2399 2465 2452 Tei-tull.
2488 2399 2632 2453 libro

1640 2492 1671 2527 e
1692 2474 1819 2529 Pau.

1680 2572 1762 2624 27.
1792 2559 2011 2627 ijecto
2028 2561 2243 2627 pectine.
2271 2559 2519 2633 Intelligit
2548 2560 2634 2613 in-

1606 2646 1958 2689 strumentum
1977 2675 1994 2702 ,
2038 2656 2147 2709 quo
2186 2638 2271 2691 fila
2314 2639 2593 2711 implicant
2614 2680 2631 2707 ,

1607 2715 1703 2786 qui
1730 2716 1863 2769 telas
1882 2728 2166 2789 pertexunt
2183 2755 2201 2781 ‚
2228 2718 2339 2772 sive
2357 2730 2417 2771 ut
2438 2718 2635 2773 Gesne-

1606 2812 1698 2847 rus
1743 2794 1813 2849 ad
1858 2795 2133 2850 claudian.
2176 2798 2231 2850 in
2271 2798 2493 2871 Eutrop.
2537 2800 2595 2851 11
2613 2839 2633 2865 ,

1609 2874 1710 2927 382
1734 2914 1751 2943 ,
1784 2875 2013 2949 explicat
2027 2917 2043 2943 ,
2078 2876 2225 2949 quod
2265 2877 2408 2931 mille
2440 2896 2634 2949 parvos

1604 2970 1667 3006 ex
1712 2953 1927 3008 aciculis
1972 2974 2137 3009 uncos
2180 2957 2375 3010 tabula
2426 2956 2631 3011 adfixos

1602 3030 1763 3087 habet
1779 3075 1795 3101 ,
1826 3034 1965 3087 inter
1990 3052 2127 3108 quos
2161 3048 2340 3091 tractu
2373 3036 2511 3091 lane
2538 3056 2631 3090 ex·-

1600 3110 1881 3184 plicantur,
1902 3112 2393 3189 distribuuntur-que
2412 3116 2467 3168 in
2487 3117 2633 3191 pagi-

1601 3210 1694 3245 nas
1720 3193 2064 3265 aequabiliter.
2095 3194 2200 3248 Sed
2227 3194 2385 3249 simili
2409 3214 2631 3268 prorsus

1601 3272 1993 3345 comparatione
2007 3314 2024 3341 ,
2054 3292 2163 3347 qua
2186 3274 2277 3328 hic
2308 3276 2516 3342 Noster,
2536 3294 2631 3347 pe·

1601 3352 1797 3405 ctinem
1834 3362 1886 3405 et
1928 3352 2161 3424 gladium
2178 3394 2195 3419 ,
2237 3352 2532 3408 thalamum
2574 3366 2629 3407 et

1600 3450 1851 3504 campum
1881 3434 2101 3506 opponit
2129 3432 2411 3487 Claudian.
2437 3433 2535 3487 lib.
2556 3434 2631 3488 ci-

1599 3520 1736 3581 tato,
1758 3532 1810 3565 v.
1833 3514 1936 3575 456
1957 3530 1971 3565 :
2001 3514 2168 3581 «Quis
2197 3514 2294 3567 tihi
2318 3513 2630 3568 tractandos

1598 3610 1697 3663 pro
1730 3595 1960 3664 pecu'ne,
1998 3592 2251 3666 degener,
2286 3593 2470 3647 enses?
2496 3594 2629 3659 Quis

1600 3670 1735 3725 solio
1796 3690 2047 3747 campum
2104 3690 2411 3744 preponere
2464 3673 2631 3727 suasit

1599 3749 1780 3802 avito?
1800 3776 1829 3798 ι

1674 3829 1761 3883 31.
1782 3836 1901 3882 Παει-
1920 3834 2089 3883 dubios
2103 3834 2314 3900 gaudee.
2332 3832 2397 3883 In
2408 3830 2626 3884 Salmas.

1604 3920 1655 3963 et
1690 3908 1837 3963 Leid.
1868 3910 1990 3964 cod.
2019 3928 2296 3983 perperam
2322 3916 2431 3963 Hac
2456 3912 2627 3961 dubios

1602 3990 1853 4063 scriptum
1880 4003 1993 4045 erat
2012 4010 2030 4056 ;
2060 3990 2203 4045 unde
2226 3990 2471 4045 emendat
2492 3990 2626 4043 Bur-

1604 4090 1828 4125 mannus
1852 4080 1927 4123 Ac
1952 4076 2136 4124 Διώιόε.
