2975 4684
511 391 899 484 QUIBUS
951 389 1258 459 CARM.
1298 389 1438 457 AD
1487 389 1663 457 Pls.
1711 341 2037 458 FA'Lso
2085 391 2343 461 Tms.
2398 390 2493 477 45

365 524 519 606 fuit,
549 523 824 588 obscura
859 519 1061 586 domo
1080 566 1100 601 ‚
1137 517 1400 583 fortuna
1449 517 1670 582 tenui:
1702 533 1769 582 et
1808 516 2121 586 humilius
2164 521 2497 588 blanditur

367 629 626 712 Pisoni,
651 651 848 717 quam
881 643 960 690 ut
988 624 1278 691 decuerit
1311 625 1667 688 Lucanum.
1697 625 1809 690 Ait
1838 648 2029 692 ecce:

660 830 1493 850 ........................
1504 805 1562 846 tu
1594 793 1713 846 Piso
1748 794 1996 848 latentem

645 885 843 939 Exsere
862 904 877 938 :
917 903 1015 938 nos
1034 881 1250 936 humilis
1269 880 1458 935 domus
1475 921 1492 947 ,
1518 894 1569 935 et
1588 881 1791 936 sincera
1808 895 2087 954 parentum
2106 922 2122 947 ,
2150 892 2253 939 etc.

365 1063 450 1124 At
486 1061 786 1124 Lucanus
839 1074 1011 1123 certe
1064 1075 1260 1123 notus
1278 1107 1297 1141 ‚
1329 1057 1622 1140 celeber3
1650 1081 1766 1146 per
1797 1081 1896 1141 se,
1930 1082 2178 1148 perque
2229 1083 2497 1128 uxorem

367 1165 697 1254 praediveS.
730 1165 912 1229 Adde
943 1165 1254 1230 Senecam
1287 1181 1595 1253 patruum
1628 1165 1696 1229 in
1730 1166 1875 1230 aula
1893 1213 1912 1247 ‚
1937 1165 2049 1253 qui
2081 1165 2238 1231 huic
2270 1168 2503 1233 humili

368 1287 436 1336 et
462 1271 648 1336 tenui
679 1271 1068 1359 protendere
1095 1293 1363 1335 manum
1390 1272 1711 1359 potuisset
1727 1318 1746 1352 ,
1771 1293 1901 1358 prae
1929 1273 2167 1338 Pisone
2185 1305 2229 1338 υ.
2256 1275 2499 1339 Lucani

366 1377 605 1442 divitiae
649 1376 812 1442 adeo
860 1393 1030 1442 notae
1075 1393 1140 1441 et
1183 1378 1633 1466 praefulgentes
1682 1377 1951 1441 fuerunt
1967 1424 1986 1458 ‚
2025 1395 2115 1442 ut·
2144 1379 2179 1443 J
2184 1381 2499 1462 uvenalis,

367 1483 497 1548 Sat.
517 1483 652 1547 2V11
673 1531 692 1564 ,
722 1483 839 1567 80,
869 1505 1020 1547 eum
1057 1497 1348 1570 opponat
1381 1483 1516 1546 aliis
1553 1480 1841 1562 ejusdem
1876 1484 2075 1548 aetatis
2108 1485 2503 1573 pauperibus

367 1590 612 1675 poetis,
639 1587 913 1652 Serrano
960 1603 1025 1652 et
1065 1587 1294 1652 Saleio.
1323 1586 1488 1652 Vide
1524 1586 1913 1654 testimonia.
1948 1589 2033 1652 Et
2068 1606 2322 1656 constat
2366 1591 2499 1655 Lu·

369 1717 606 1758 canum
641 1695 892 1783 magnis
929 1695 1229 1758 functum
1265 1693 1627 1757 honoribus
1649 1741 1667 1773 ,
1702 1710 1779 1758 ut
1808 1716 1878 1757 se
1914 1695 2296 1760 submittere
2333 1697 2499 1763 adeo

367 1801 594 1866 Pisoni
625 1801 894 1864 minime
924 1801 1244 1889 potuerit3
1281 1800 1685 1881 Quaestorem
1719 1799 1917 1864 fuisse
1954 1817 2019 1864 et
2050 1795 2499 1890 gladiatorium

367 1929 614 1972 munus
663 1905 939 1972 edidisse
957 1954 975 1988 ,
1019 1923 1086 1970 et
1135 1907 1431 1995 sequenti
1475 1927 1651 1969 anno
1702 1907 2019 1994 accepisse
2069 1908 2499 1974 sacerdotium

366 2027 754 2104 auguratus,
789 2029 866 2076 ut
897 2014 964 2076 in
1002 2013 1140 2092 ejus
1167 2013 1298 2076 vita
1331 2029 1560 2076 auctor
1594 2012 1899 2099 antiquus
1936 2013 2163 2078 scribit
2197 2014 2312 2104 (1).
2346 2017 2499 2082 Non

363 2119 570 2182 levius
601 2134 1061 2207 argumentum
1093 2133 1226 2198 est,
1252 2115 1432 2204 quod
1464 2117 1842 2206 Panegyrici
1872 2117 1940 2180 in
1967 2118 2269 2184 Pisonem
2304 2144 2500 2186 nemo

365 2225 678 2290 Veterum
707 2228 878 2289 inter
899 2239 1198 2312 poemata
1219 2221 1463 2287 Lucani
1492 2223 1895 2286 mentionem
1929 2224 2111 2307 fecit,
2136 2249 2345 2314 quum
2372 2251 2505 2292 om-

367 2330 476 2394 nia
507 2329 775 2392 minima
805 2330 942 2409 ejus
967 2329 1203 2416 scripta
1228 2343 1605 2392 recenseant
1638 2343 1778 2390 tum
1810 2328 2051 2393 Statius
2082 2330 2233 2396 silv.
2261 2331 2374 2396 lib.
2404 2335 2466 2399 11
2484 2381 2503 2415 ‚

368 2459 432 2523 7,
463 2451 604 2499 tum
631 2451 816 2499 vetus
845 2435 1121 2522 scriptor
1141 2434 1287 2498 vitae
1313 2433 1451 2513 ejus
1469 2481 1487 2516 ,
1514 2455 1709 2520 quam
1743 2455 1779 2497 e
1807 2436 2244 2505 vetustissimo
2279 2437 2505 2505 codice

366 2543 402 2606 J
408 2565 479 2606 o.
517 2541 920 2606 Britannicus
957 2539 1177 2604 edidit.
1205 2539 1406 2622 Quod
1432 2540 1687 2628 Lipsius
1716 2539 1797 2603 ab
1838 2555 2021 2622 aetate
2059 2560 2265 2629 poetae
2308 2566 2503 2634 argu-

369 2663 668 2712 mentum
717 2647 914 2736 petit,
954 2647 1067 2734 qui
1111 2669 1180 2710 se
1222 2667 1402 2710 nono
1455 2662 1523 2710 et
1564 2645 1820 2710 decimo
1864 2667 2041 2710 anno
2073 2645 2203 2712 hoc
2241 2671 2503 2716 carmen

297 2747 302 2752 ’
369 2755 702 2842 scripsisse
725 2757 816 2817 ait
838 2777 896 2817 v.
929 2756 1055 2839 249
1077 2801 1094 2834 ,
1122 2751 1190 2816 id
1213 2737 1518 2840 equidem
1550 2751 1753 2815 nolim
1773 2750 1956 2816 valde
1981 2774 2231 2842 urgere.
2266 2755 2509 2837 Quam·

367 2861 466 2924 vis
513 2861 688 2923 enim
739 2859 1055 2946 scriptum
1099 2880 1238 2924 esse
1279 2879 1539 2920 carmen
1592 2855 1706 2920 diu
1749 2873 1900 2944 post
1939 2858 2361 2924 Consulatum
2398 2862 2507 2926 Pi·

367 2965 584 3046 sonis,
614 2981 682 3028 et
713 2964 931 3052 paullo
965 2980 1118 3028 ante
1151 2963 1471 3028 detectam
1509 2962 2024 3042 conjurationem
2044 3011 2061 3044 ,
2090 2962 2292 3048 dicat,
2322 2967 2503 3054 quod

369 3087 614 3135 temere
639 3070 944 3134 affirmari
975 3069 1232 3157 nequit,
1257 3084 1472 3132 tamen
1504 3083 1570 3132 et
1602 3067 1695 3132 sic
1732 3083 1882 3132 aetas
1914 3067 2245 3157 scriptoris
2274 3093 2507 3163 prope-

369 3175 646 3240 modum
679 3175 984 3240 convenit
1009 3197 1162 3240 cum
1191 3173 1593 3261 temporibus
1624 3173 1908 3254 Lucani,
1937 3173 2054 3260 qui
2086 3197 2263 3239 anno
2302 3181 2505 3244 aetatis

369 3281 663 3345 XXVIII
701 3279 1055 3343 exstinctus
1101 3276 1378 3342 dicitur:
1407 3292 1474 3341 et
1506 3275 1761 3340 Pisonis
1807 3277 2237 3344 Consulatum
2283 3281 2515 3351 decen-

373 3386 486 3449 nio
523 3386 763 3469 serius,
788 3407 984 3473 quam
1017 3406 1134 3473 par
1168 3398 1305 3448 erat
1345 3405 1382 3446 a
1424 3381 1640 3470 Lipsio
1683 3382 1879 3468 poni,
1904 3406 2101 3472 supra
2127 3385 2261 3465 jam
2296 3387 2505 3455 adno-

373 3491 672 3557 tavimus.
701 3490 900 3574 Quod
921 3505 1227 3579 praeterea
1248 3487 1468 3570 adjicit
1485 3486 1781 3552 Barthius
1803 3488 1847 3552 l.
1870 3509 1928 3553 c.
1953 3511 2159 3578 genus
2180 3493 2505 3559 scribendi

373 3600 442 3661 in
472 3621 553 3662 eo
578 3597 864 3661 >carmine
892 3595 1073 3660 nullo
1094 3593 1294 3658 modo
1321 3591 1667 3657 sublimem
1694 3609 2236 3682 arrogantemque
2260 3597 2506 3662 Lucani

371 3703 642 3793 genium
664 3702 902 3766 referre
917 3748 936 3782 ‚
958 3698 1030 3765 id
1052 3698 1238 3763 facile
1258 3697 1713 3784 unusquisque
1735 3697 2011 3787 legendo
2030 3699 2507 3788 deprehendet,

445 3953 524 4022 (1)
555 3951 730 4002 Immo
765 3949 1050 4002 Consulem
1092 3947 1429 4020 designatum
1465 3965 1589 4000 eum
1624 3946 1835 4000 Plautio
1875 3949 2139 4001 Laterano
2174 3967 2287 4003 esse
2321 3951 2510 4006 eodem

373 4059 520 4093 anno
537 4077 554 4105 ,
581 4055 692 4110 quo
719 4035 973 4103 decessit,
1003 4035 1186 4089 scribit
1201 4037 1288 4089 Jo.
1310 4035 1565 4107 sulpitius
1591 4035 1647 4086 in
1665 4035 1770 4088 vita
1795 4035 2029 4100 Lucani,
2057 4036 2150 4090 sed
2178 4036 2311 4091 falso
2327 4079 2344 4106 ,
2384 4041 2511 4112 quia

371 4129 552 4181 locum
570 4125 742 4178 Taciti
759 4165 774 4191 ,
795 4125 990 4180 Annal.
1012 4124 1136 4189 XV,
1178 4135 1246 4196 49
1261 4164 1277 4189 ,
1304 4140 1577 4196 perperam
1600 4121 1869 4176 intellexit.
