<?xml version="1.0" encoding="UTF-8"?>
<!DOCTYPE html PUBLIC "-//W3C//DTD XHTML 1.0 Transitional//EN"
    "http://www.w3.org/TR/xhtml1/DTD/xhtml1-transitional.dtd">
<html xmlns="http://www.w3.org/1999/xhtml" xml:lang="en" lang="en">
 <head>
  <title>
</title>
<meta http-equiv="Content-Type" content="text/html;charset=utf-8" />
  <meta name='ocr-system' content='tesseract 3.04.00' />
  <meta name='ocr-capabilities' content='ocr_page ocr_carea ocr_par ocr_line ocrx_word'/>
</head>
<body>
  <div class='ocr_page' id='page_1' title='image "./poetaelatinimin00unkngoog_0609.png"; bbox 0 0 2975 4684; ppageno 0'>
   <div class='ocr_carea' id='block_1_1' title="bbox 477 337 622 409">
    <p class='ocr_par' dir='ltr' id='par_1_1' title="bbox 477 337 622 409">
     <span class='ocr_line' id='line_1_1' title="bbox 477 337 622 409; baseline 0 -1"><span class='ocrx_word' id='word_1_1' title='bbox 477 337 622 409; x_wconf 89' lang='lat'><strong>600</strong></span> 
     </span>
    </p>
   </div>
   <div class='ocr_carea' id='block_1_2' title="bbox 1345 338 1763 439">
    <p class='ocr_par' dir='ltr' id='par_1_2' title="bbox 1345 338 1763 439">
     <span class='ocr_line' id='line_1_2' title="bbox 1345 338 1763 439; baseline -0.007 -32"><span class='ocrx_word' id='word_1_2' title='bbox 1345 338 1763 439; x_wconf 64' lang='grc' dir='ltr'>ΙΝΟΕΒΤΙ</span> 
     </span>
    </p>
   </div>
   <div class='ocr_carea' id='block_1_3' title="bbox 572 456 2408 664">
    <p class='ocr_par' dir='ltr' id='par_1_3' title="bbox 572 456 2408 664">
     <span class='ocr_line' id='line_1_3' title="bbox 572 456 2167 529; baseline -0.001 -2"><span class='ocrx_word' id='word_1_3' title='bbox 572 461 855 528; x_wconf 86' lang='lat' dir='ltr'>Horruit</span> <span class='ocrx_word' id='word_1_4' title='bbox 893 460 1252 527; x_wconf 78' lang='lat' dir='ltr'><strong>instantem</strong></span> <span class='ocrx_word' id='word_1_5' title='bbox 1289 456 1561 529; x_wconf 87' lang='lat' dir='ltr'><strong>defectis</strong></span> <span class='ocrx_word' id='word_1_6' title='bbox 1606 460 1859 528; x_wconf 85' lang='lat' dir='ltr'><strong>viribus</strong></span> <span class='ocrx_word' id='word_1_7' title='bbox 1897 462 2167 528; x_wconf 83' lang='lat' dir='ltr'><strong>Hector.</strong></span> 
     </span>
     <span class='ocr_line' id='line_1_4' title="bbox 573 567 2408 664; baseline -0.002 -25"><span class='ocrx_word' id='word_1_8' title='bbox 573 574 892 664; x_wconf 84' lang='lat' dir='ltr'><strong>Dumque</strong></span> <span class='ocrx_word' id='word_1_9' title='bbox 929 584 1110 637; x_wconf 87' lang='lat' dir='ltr'><strong>retro</strong></span> <span class='ocrx_word' id='word_1_10' title='bbox 1148 567 1357 657; x_wconf 87' lang='lat' dir='ltr'><strong>cedit,</strong></span> <span class='ocrx_word' id='word_1_11' title='bbox 1395 570 1822 664; x_wconf 84' lang='lat' dir='ltr'><strong>fraternaque</strong></span> <span class='ocrx_word' id='word_1_12' title='bbox 1857 569 2057 637; x_wconf 90' lang='lat' dir='ltr'><strong>rebus</strong></span> <span class='ocrx_word' id='word_1_13' title='bbox 2094 570 2166 636; x_wconf 87' lang='lat' dir='ltr'><strong>in</strong></span> <span class='ocrx_word' id='word_1_14' title='bbox 2206 569 2408 636; x_wconf 82' lang='lat' dir='ltr'><strong>arctis</strong></span> 
     </span>
    </p>
   </div>
   <div class='ocr_carea' id='block_1_4' title="bbox 573 682 2577 895">
    <p class='ocr_par' dir='ltr' id='par_1_4' title="bbox 573 682 2577 893">
     <span class='ocr_line' id='line_1_5' title="bbox 573 682 2318 779; baseline -0.002 -26"><span class='ocrx_word' id='word_1_15' title='bbox 573 686 871 779; x_wconf 87' lang='lat' dir='ltr'><strong>Respicit</strong></span> <span class='ocrx_word' id='word_1_16' title='bbox 903 682 1184 771; x_wconf 79' lang='lat' dir='ltr'><strong>auxilia,</strong></span> <span class='ocrx_word' id='word_1_17' title='bbox 1212 700 1279 753; x_wconf 91' lang='lat' dir='ltr'><strong>et</strong></span> <span class='ocrx_word' id='word_1_18' title='bbox 1313 683 1567 754; x_wconf 85' lang='lat' dir='ltr'><strong>nullam</strong></span> <span class='ocrx_word' id='word_1_19' title='bbox 1606 684 1785 753; x_wconf 89' lang='lat' dir='ltr'><strong>videt</strong></span> <span class='ocrx_word' id='word_1_20' title='bbox 1822 708 1961 753; x_wconf 89' lang='lat' dir='ltr'><strong>esse</strong></span> <span class='ocrx_word' id='word_1_21' title='bbox 1994 682 2278 752; x_wconf 86' lang='lat' dir='ltr'><strong>salutem</strong></span> <span class='ocrx_word' id='word_1_22' title='bbox 2299 736 2318 770; x_wconf 91' lang='lat'>‚</span> 
     </span>
     <span class='ocr_line' id='line_1_6' title="bbox 573 794 2577 895; baseline -0.003 -26"><span class='ocrx_word' id='word_1_23' title='bbox 573 800 798 878; x_wconf 81' lang='lat' dir='ltr'><strong>Sensit</strong></span> <span class='ocrx_word' id='word_1_24' title='bbox 832 798 1056 868; x_wconf 87' lang='lat' dir='ltr'><strong>adesse</strong></span> <span class='ocrx_word' id='word_1_25' title='bbox 1099 797 1336 895; x_wconf 85' lang='lat' dir='ltr'><strong>dolos:</strong></span> <span class='ocrx_word' id='word_1_26' title='bbox 1373 798 1540 893; x_wconf 93' lang='lat' dir='ltr'><strong>quid</strong></span> <span class='ocrx_word' id='word_1_27' title='bbox 1580 798 1779 893; x_wconf 81' lang='lat' dir='ltr'><strong>agat?</strong></span> <span class='ocrx_word' id='word_1_28' title='bbox 1802 824 1951 892; x_wconf 87' lang='lat' dir='ltr'><strong>quae</strong></span> <span class='ocrx_word' id='word_1_29' title='bbox 1982 798 2262 866; x_wconf 88' lang='lat' dir='ltr'><strong>numina</strong></span> <span class='ocrx_word' id='word_1_30' title='bbox 2294 794 2577 891; x_wconf 82' lang='lat' dir='ltr'><strong>supplex</strong></span> 
     </span>
    </p>
   </div>
   <div class='ocr_carea' id='block_1_5' title="bbox 573 908 2185 1004">
    <p class='ocr_par' dir='ltr' id='par_1_5' title="bbox 573 908 2185 1004">
     <span class='ocr_line' id='line_1_7' title="bbox 573 908 2185 1004; baseline -0.001 -28"><span class='ocrx_word' id='word_1_31' title='bbox 573 908 888 979; x_wconf 79' lang='lat' dir='ltr'><strong>Invocet?</strong></span> <span class='ocrx_word' id='word_1_32' title='bbox 925 924 994 977; x_wconf 89' lang='lat' dir='ltr'><strong>et</strong></span> <span class='ocrx_word' id='word_1_33' title='bbox 1029 923 1173 978; x_wconf 90' lang='lat' dir='ltr'><strong>toto</strong></span> <span class='ocrx_word' id='word_1_34' title='bbox 1205 908 1649 1004; x_wconf 86' lang='lat' dir='ltr'><strong>languescunt</strong></span> <span class='ocrx_word' id='word_1_35' title='bbox 1684 933 1971 1003; x_wconf 86' lang='lat' dir='ltr'><strong>corpore</strong></span> <span class='ocrx_word' id='word_1_36' title='bbox 2006 908 2185 977; x_wconf 83' lang='lat' dir='ltr'><strong>vires</strong></span> 
     </span>
    </p>
   </div>
   <div class='ocr_carea' id='block_1_6' title="bbox 2542 932 2632 984">
    <p class='ocr_par' dir='ltr' id='par_1_6' title="bbox 2542 932 2632 984">
     <span class='ocr_line' id='line_1_8' title="bbox 2542 932 2632 984; baseline 0 -15"><span class='ocrx_word' id='word_1_37' title='bbox 2542 932 2632 984; x_wconf 72' lang='grc'><strong>976</strong></span> 
     </span>
    </p>
   </div>
   <div class='ocr_carea' id='block_1_7' title="bbox 575 1017 2428 1225">
    <p class='ocr_par' dir='ltr' id='par_1_7' title="bbox 575 1017 2428 1225">
     <span class='ocr_line' id='line_1_9' title="bbox 575 1017 2428 1114; baseline -0.003 -24"><span class='ocrx_word' id='word_1_38' title='bbox 575 1018 1052 1114; x_wconf 83' lang='lat' dir='ltr'><strong>Auxiliumque</strong></span> <span class='ocrx_word' id='word_1_39' title='bbox 1094 1035 1379 1114; x_wconf 82' lang='lat' dir='ltr'><strong>negant3</strong></span> <span class='ocrx_word' id='word_1_40' title='bbox 1417 1020 1659 1089; x_wconf 84' lang='lat' dir='ltr'><strong>retinet</strong></span> <span class='ocrx_word' id='word_1_41' title='bbox 1692 1020 1805 1088; x_wconf 81' lang='lat' dir='ltr'><strong>vix</strong></span> <span class='ocrx_word' id='word_1_42' title='bbox 1839 1019 2105 1088; x_wconf 83' lang='lat' dir='ltr'><strong>dextera</strong></span> <span class='ocrx_word' id='word_1_43' title='bbox 2140 1017 2428 1103; x_wconf 87' lang='lat' dir='ltr'><strong>ferrum,</strong></span> 
     </span>
     <span class='ocr_line' id='line_1_10' title="bbox 575 1128 2309 1225; baseline -0.002 -24"><span class='ocrx_word' id='word_1_44' title='bbox 575 1133 730 1201; x_wconf 86' lang='lat' dir='ltr'><strong>Nox</strong></span> <span class='ocrx_word' id='word_1_45' title='bbox 769 1130 1052 1200; x_wconf 90' lang='lat' dir='ltr'><strong>oculos</strong></span> <span class='ocrx_word' id='word_1_46' title='bbox 1033 1131 1304 1199; x_wconf 88' lang='lat' dir='ltr'><strong>mimica</strong></span> <span class='ocrx_word' id='word_1_47' title='bbox 1340 1132 1541 1225; x_wconf 86' lang='lat' dir='ltr'><strong>tegit,</strong></span> <span class='ocrx_word' id='word_1_48' title='bbox 1580 1156 1705 1200; x_wconf 89' lang='lat' dir='ltr'><strong>nec</strong></span> <span class='ocrx_word' id='word_1_49' title='bbox 1749 1131 2057 1200; x_wconf 83' lang='lat' dir='ltr'><strong>subvenit</strong></span> <span class='ocrx_word' id='word_1_50' title='bbox 2096 1128 2309 1198; x_wconf 86' lang='lat' dir='ltr'><strong>ullum</strong></span> 
     </span>
    </p>
   </div>
   <div class='ocr_carea' id='block_1_8' title="bbox 572 1242 2265 1339">
    <p class='ocr_par' dir='ltr' id='par_1_8' title="bbox 572 1242 2265 1339">
     <span class='ocr_line' id='line_1_11' title="bbox 572 1242 2265 1339; baseline -0.002 -25"><span class='ocrx_word' id='word_1_51' title='bbox 572 1244 847 1314; x_wconf 83' lang='lat' dir='ltr'><strong>Defesso</strong></span> <span class='ocrx_word' id='word_1_52' title='bbox 881 1242 1248 1314; x_wconf 83' lang='lat' dir='ltr'><strong>auxilium:</strong></span> <span class='ocrx_word' id='word_1_53' title='bbox 1288 1258 1549 1339; x_wconf 83' lang='lat' dir='ltr'><strong>pugnat</strong></span> <span class='ocrx_word' id='word_1_54' title='bbox 1586 1244 1953 1314; x_wconf 86' lang='lat' dir='ltr'><strong>moriturus</strong></span> <span class='ocrx_word' id='word_1_55' title='bbox 1988 1258 2058 1313; x_wconf 92' lang='lat' dir='ltr'><strong>et</strong></span> <span class='ocrx_word' id='word_1_56' title='bbox 2094 1242 2265 1313; x_wconf 83' lang='lat' dir='ltr'><strong>altos</strong></span> 
     </span>
    </p>
   </div>
   <div class='ocr_carea' id='block_1_9' title="bbox 467 1459 1507 4155">
    <p class='ocr_par' dir='ltr' id='par_1_9' title="bbox 467 1459 1504 2313">
     <span class='ocr_line' id='line_1_12' title="bbox 473 1459 1499 1536; baseline -0.002 -21"><span class='ocrx_word' id='word_1_57' title='bbox 473 1474 632 1536; x_wconf 70' lang='lat' dir='ltr'><strong>gere:</strong></span> <span class='ocrx_word' id='word_1_58' title='bbox 693 1487 715 1508; x_wconf 78' lang='grc' dir='ltr'>ι</span> <span class='ocrx_word' id='word_1_59' title='bbox 740 1462 908 1531; x_wconf 85' lang='lat' dir='ltr'><strong>Inque</strong></span> <span class='ocrx_word' id='word_1_60' title='bbox 939 1461 1107 1514; x_wconf 81' lang='lat' dir='ltr'><strong>vicem</strong></span> <span class='ocrx_word' id='word_1_61' title='bbox 1149 1459 1313 1514; x_wconf 81' lang='lat' dir='ltr'><strong>duros</strong></span> <span class='ocrx_word' id='word_1_62' title='bbox 1353 1480 1499 1514; x_wconf 82' lang='lat' dir='ltr'><strong>com-</strong></span> 
     </span>
     <span class='ocr_line' id='line_1_13' title="bbox 471 1540 1502 1603; baseline -0.003 -8"><span class='ocrx_word' id='word_1_63' title='bbox 471 1552 682 1596; x_wconf 79' lang='lat' dir='ltr'><strong>mutant</strong></span> <span class='ocrx_word' id='word_1_64' title='bbox 703 1540 944 1593; x_wconf 76' lang='lat' dir='ltr'><strong>cominus</strong></span> <span class='ocrx_word' id='word_1_65' title='bbox 968 1541 1104 1603; x_wconf 75' lang='lat' dir='ltr'><strong>ictus</strong></span> <span class='ocrx_word' id='word_1_66' title='bbox 1134 1566 1175 1593; x_wconf 65' lang='lat' dir='ltr'><strong>a.</strong></span> <span class='ocrx_word' id='word_1_67' title='bbox 1206 1571 1276 1581; x_wconf 95' lang='lat'><em>-</em></span> <span class='ocrx_word' id='word_1_68' title='bbox 1305 1546 1502 1592; x_wconf 77' lang='lat' dir='ltr'><strong>Mutare</strong></span> 
     </span>
     <span class='ocr_line' id='line_1_14' title="bbox 471 1618 1502 1674; baseline -0.001 0"><span class='ocrx_word' id='word_1_69' title='bbox 471 1626 596 1674; x_wconf 78' lang='lat' dir='ltr'><strong>ictus</strong></span> <span class='ocrx_word' id='word_1_70' title='bbox 615 1620 697 1673; x_wconf 85' lang='lat' dir='ltr'><strong>vel</strong></span> <span class='ocrx_word' id='word_1_71' title='bbox 716 1635 1014 1673; x_wconf 79' lang='lat' dir='ltr'><strong>commutare</strong></span> <span class='ocrx_word' id='word_1_72' title='bbox 1039 1641 1181 1673; x_wconf 80' lang='lat' dir='ltr'><strong>enses</strong></span> <span class='ocrx_word' id='word_1_73' title='bbox 1213 1618 1398 1673; x_wconf 79' lang='lat' dir='ltr'><strong>eadem</strong></span> <span class='ocrx_word' id='word_1_74' title='bbox 1421 1640 1502 1673; x_wconf 80' lang='lat' dir='ltr'><strong>ra-</strong></span> 
     </span>
     <span class='ocr_line' id='line_1_15' title="bbox 472 1696 1502 1771; baseline -0.004 -16"><span class='ocrx_word' id='word_1_75' title='bbox 472 1702 615 1757; x_wconf 88' lang='lat' dir='ltr'><strong>tione</strong></span> <span class='ocrx_word' id='word_1_76' title='bbox 638 1700 744 1753; x_wconf 89' lang='lat' dir='ltr'><strong>dici</strong></span> <span class='ocrx_word' id='word_1_77' title='bbox 763 1698 1007 1765; x_wconf 81' lang='lat' dir='ltr'><strong>videtur,</strong></span> <span class='ocrx_word' id='word_1_78' title='bbox 1038 1719 1142 1771; x_wconf 83' lang='lat' dir='ltr'><strong>qua</strong></span> <span class='ocrx_word' id='word_1_79' title='bbox 1170 1696 1314 1771; x_wconf 80' lang='lat' dir='ltr'><strong>apud</strong></span> <span class='ocrx_word' id='word_1_80' title='bbox 1342 1699 1502 1752; x_wconf 79' lang='lat' dir='ltr'><strong>Clau-</strong></span> 
     </span>
     <span class='ocr_line' id='line_1_16' title="bbox 471 1778 1499 1851; baseline -0.006 -16"><span class='ocrx_word' id='word_1_81' title='bbox 471 1782 614 1835; x_wconf 80' lang='lat' dir='ltr'><strong>dian.</strong></span> <span class='ocrx_word' id='word_1_82' title='bbox 643 1780 710 1833; x_wconf 86' lang='lat' dir='ltr'><strong>de</strong></span> <span class='ocrx_word' id='word_1_83' title='bbox 737 1778 899 1851; x_wconf 88' lang='lat' dir='ltr'><strong>Nupt.</strong></span> <span class='ocrx_word' id='word_1_84' title='bbox 924 1779 1062 1832; x_wconf 88' lang='lat' dir='ltr'><strong>Hon.</strong></span> <span class='ocrx_word' id='word_1_85' title='bbox 1086 1790 1139 1831; x_wconf 89' lang='lat' dir='ltr'><strong>et</strong></span> <span class='ocrx_word' id='word_1_86' title='bbox 1161 1778 1297 1831; x_wconf 80' lang='lat' dir='ltr'><strong>Mar.</strong></span> <span class='ocrx_word' id='word_1_87' title='bbox 1322 1798 1373 1832; x_wconf 82' lang='lat' dir='ltr'><strong>v.</strong></span> <span class='ocrx_word' id='word_1_88' title='bbox 1394 1780 1462 1831; x_wconf 86' lang='grc'><strong>86</strong></span> <span class='ocrx_word' id='word_1_89' title='bbox 1483 1818 1499 1846; x_wconf 83' lang='grc'><strong><em>,</em></strong></span> 
     </span>
     <span class='ocr_line' id='line_1_17' title="bbox 471 1857 1500 1934; baseline -0.005 -21"><span class='ocrx_word' id='word_1_90' title='bbox 471 1888 497 1907; x_wconf 72' lang='grc' dir='ltr'>κ</span> <span class='ocrx_word' id='word_1_91' title='bbox 519 1871 824 1934; x_wconf 77' lang='lat' dir='ltr'><strong>permutare</strong></span> <span class='ocrx_word' id='word_1_92' title='bbox 865 1857 1044 1911; x_wconf 82' lang='lat' dir='ltr'><strong>radios</strong></span> <span class='ocrx_word' id='word_1_93' title='bbox 1063 1884 1088 1903; x_wconf 68' lang='lat' dir='ltr'>a</span> <span class='ocrx_word' id='word_1_94' title='bbox 1105 1896 1120 1920; x_wconf 91' lang='lat'><strong>,</strong></span> <span class='ocrx_word' id='word_1_95' title='bbox 1155 1874 1349 1929; x_wconf 88' lang='lat' dir='ltr'><strong>nempe</strong></span> <span class='ocrx_word' id='word_1_96' title='bbox 1383 1875 1500 1909; x_wconf 89' lang='lat' dir='ltr'><strong>mu-</strong></span> 
     </span>
     <span class='ocr_line' id='line_1_18' title="bbox 469 1937 1503 1995; baseline -0.005 -1"><span class='ocrx_word' id='word_1_97' title='bbox 469 1955 590 1995; x_wconf 84' lang='lat' dir='ltr'><strong>tuos</strong></span> <span class='ocrx_word' id='word_1_98' title='bbox 617 1953 669 1993; x_wconf 88' lang='lat' dir='ltr'><strong>et</strong></span> <span class='ocrx_word' id='word_1_99' title='bbox 698 1953 1025 1994; x_wconf 78' lang='lat' dir='ltr'><strong>transversos</strong></span> <span class='ocrx_word' id='word_1_100' title='bbox 1048 1937 1184 1991; x_wconf 72' lang='lat' dir='ltr'><strong>ictus</strong></span> <span class='ocrx_word' id='word_1_101' title='bbox 1209 1937 1423 1991; x_wconf 78' lang='lat' dir='ltr'><strong>vibrare</strong></span> <span class='ocrx_word' id='word_1_102' title='bbox 1450 1950 1503 1989; x_wconf 83' lang='lat' dir='ltr'><strong>et</strong></span> 
     </span>
     <span class='ocr_line' id='line_1_19' title="bbox 467 2016 1501 2088; baseline -0.008 -14"><span class='ocrx_word' id='word_1_103' title='bbox 467 2019 713 2074; x_wconf 83' lang='lat' dir='ltr'><strong>reddere.</strong></span> <span class='ocrx_word' id='word_1_104' title='bbox 736 2018 901 2071; x_wconf 76' lang='lat' dir='ltr'><strong>Enses</strong></span> <span class='ocrx_word' id='word_1_105' title='bbox 926 2029 978 2071; x_wconf 91' lang='lat' dir='ltr'><strong>et</strong></span> <span class='ocrx_word' id='word_1_106' title='bbox 1003 2016 1142 2070; x_wconf 82' lang='lat' dir='ltr'><strong>radii</strong></span> <span class='ocrx_word' id='word_1_107' title='bbox 1173 2034 1320 2088; x_wconf 73' lang='lat' dir='ltr'><strong>aeque</strong></span> <span class='ocrx_word' id='word_1_108' title='bbox 1345 2017 1501 2068; x_wconf 82' lang='lat' dir='ltr'><strong>strin-</strong></span> 
     </span>
     <span class='ocr_line' id='line_1_20' title="bbox 471 2094 1503 2173; baseline -0.008 -20"><span class='ocrx_word' id='word_1_109' title='bbox 471 2111 607 2173; x_wconf 82' lang='lat' dir='ltr'><strong>gunt</strong></span> <span class='ocrx_word' id='word_1_110' title='bbox 625 2118 682 2152; x_wconf 86' lang='lat' dir='ltr'><strong>se</strong></span> <span class='ocrx_word' id='word_1_111' title='bbox 711 2110 766 2152; x_wconf 86' lang='lat' dir='ltr'><strong>et</strong></span> <span class='ocrx_word' id='word_1_112' title='bbox 789 2099 1118 2168; x_wconf 84' lang='lat' dir='ltr'><strong>stringuntur</strong></span> <span class='ocrx_word' id='word_1_113' title='bbox 1144 2096 1402 2162; x_wconf 83' lang='lat' dir='ltr'><strong>invicem,</strong></span> <span class='ocrx_word' id='word_1_114' title='bbox 1425 2094 1503 2149; x_wconf 78' lang='lat' dir='ltr'><strong>vi-</strong></span> 
     </span>
     <span class='ocr_line' id='line_1_21' title="bbox 469 2173 1504 2249; baseline -0.007 -16"><span class='ocrx_word' id='word_1_115' title='bbox 469 2182 628 2233; x_wconf 80' lang='lat' dir='ltr'><strong>brant</strong></span> <span class='ocrx_word' id='word_1_116' title='bbox 647 2190 698 2233; x_wconf 88' lang='lat' dir='ltr'><strong>et</strong></span> <span class='ocrx_word' id='word_1_117' title='bbox 719 2178 1079 2249; x_wconf 86' lang='lat' dir='ltr'><strong>repercutiunt</strong></span> <span class='ocrx_word' id='word_1_118' title='bbox 1092 2215 1109 2241; x_wconf 88' lang='lat'><strong>,</strong></span> <span class='ocrx_word' id='word_1_119' title='bbox 1135 2173 1374 2247; x_wconf 80' lang='lat' dir='ltr'><strong>adeoque</strong></span> <span class='ocrx_word' id='word_1_120' title='bbox 1393 2194 1504 2247; x_wconf 88' lang='lat' dir='ltr'><strong>per-</strong></span> 
     </span>
     <span class='ocr_line' id='line_1_22' title="bbox 473 2258 885 2313; baseline -0.012 0"><span class='ocrx_word' id='word_1_121' title='bbox 473 2269 761 2313; x_wconf 86' lang='lat' dir='ltr'><strong>mutantur.</strong></span> <span class='ocrx_word' id='word_1_122' title='bbox 781 2258 885 2309; x_wconf 87' lang='lat' dir='ltr'><strong>En.</strong></span> 
     </span>
    </p>

    <p class='ocr_par' dir='ltr' id='par_1_10' title="bbox 470 2335 1507 3206">
     <span class='ocr_line' id='line_1_23' title="bbox 543 2335 1498 2409; baseline -0.005 -16"><span class='ocrx_word' id='word_1_123' title='bbox 543 2358 613 2409; x_wconf 82' lang='grc'><strong>97</strong></span> <span class='ocrx_word' id='word_1_124' title='bbox 621 2359 666 2393; x_wconf 77' lang='lat'><strong>2.</strong></span> <span class='ocrx_word' id='word_1_125' title='bbox 685 2341 885 2391; x_wconf 78' lang='lat' dir='ltr'><strong>Horruit</strong></span> <span class='ocrx_word' id='word_1_126' title='bbox 896 2342 1160 2389; x_wconf 77' lang='lat' dir='ltr'><strong>instantem</strong></span> <span class='ocrx_word' id='word_1_127' title='bbox 1174 2335 1358 2406; x_wconf 74' lang='lat' dir='ltr'><strong>legunt</strong></span> <span class='ocrx_word' id='word_1_128' title='bbox 1368 2336 1498 2388; x_wconf 87' lang='lat' dir='ltr'><strong>Tor.</strong></span> 
     </span>
     <span class='ocr_line' id='line_1_24' title="bbox 473 2414 1500 2491; baseline -0.006 -18"><span class='ocrx_word' id='word_1_129' title='bbox 473 2432 526 2474; x_wconf 85' lang='lat' dir='ltr'><strong>et</strong></span> <span class='ocrx_word' id='word_1_130' title='bbox 551 2418 640 2491; x_wconf 90' lang='lat' dir='ltr'><strong>Sp.</strong></span> <span class='ocrx_word' id='word_1_131' title='bbox 674 2430 726 2471; x_wconf 88' lang='lat' dir='ltr'><strong>et</strong></span> <span class='ocrx_word' id='word_1_132' title='bbox 761 2416 855 2469; x_wconf 82' lang='lat' dir='ltr'><strong>MS</strong></span> <span class='ocrx_word' id='word_1_133' title='bbox 891 2416 956 2470; x_wconf 92' lang='lat' dir='ltr'><strong>G.</strong></span> <span class='ocrx_word' id='word_1_134' title='bbox 995 2433 1060 2479; x_wconf 80' lang='lat'><strong>²3</strong></span> <span class='ocrx_word' id='word_1_135' title='bbox 1107 2414 1199 2468; x_wconf 79' lang='lat' dir='ltr'><strong>sed</strong></span> <span class='ocrx_word' id='word_1_136' title='bbox 1225 2420 1500 2467; x_wconf 66' lang='lat' dir='ltr'><strong>Ins-tamem</strong></span> 
     </span>
     <span class='ocr_line' id='line_1_25' title="bbox 470 2494 1499 2560; baseline -0.006 -8"><span class='ocrx_word' id='word_1_137' title='bbox 470 2500 713 2552; x_wconf 80' lang='lat' dir='ltr'><strong>AEaciden</strong></span> <span class='ocrx_word' id='word_1_138' title='bbox 735 2495 804 2548; x_wconf 92' lang='lat' dir='ltr'><strong>G.</strong></span> <span class='ocrx_word' id='word_1_139' title='bbox 841 2513 862 2547; x_wconf 83' lang='lat'>1</span> <span class='ocrx_word' id='word_1_140' title='bbox 879 2534 895 2560; x_wconf 95' lang='lat'><strong>,</strong></span> <span class='ocrx_word' id='word_1_141' title='bbox 933 2495 998 2546; x_wconf 81' lang='grc' dir='ltr'><strong>Α.</strong></span> <span class='ocrx_word' id='word_1_142' title='bbox 1028 2505 1081 2546; x_wconf 88' lang='lat' dir='ltr'><strong>et</strong></span> <span class='ocrx_word' id='word_1_143' title='bbox 1106 2494 1170 2547; x_wconf 92' lang='lat' dir='ltr'><strong>L.</strong></span> <span class='ocrx_word' id='word_1_144' title='bbox 1198 2500 1499 2547; x_wconf 58' lang='lat' dir='ltr'><strong>lustrantem-</strong></span> 
     </span>
     <span class='ocr_line' id='line_1_26' title="bbox 475 2572 1502 2647; baseline -0.004 -18"><span class='ocrx_word' id='word_1_145' title='bbox 475 2598 572 2647; x_wconf 86' lang='lat' dir='ltr'><strong>que</strong></span> <span class='ocrx_word' id='word_1_146' title='bbox 599 2577 858 2627; x_wconf 78' lang='lat' dir='ltr'><strong>AEaee&#39;dem</strong></span> <span class='ocrx_word' id='word_1_147' title='bbox 889 2573 959 2625; x_wconf 80' lang='lat' dir='ltr'><strong>H.</strong></span> <span class='ocrx_word' id='word_1_148' title='bbox 991 2572 1109 2625; x_wconf 88' lang='lat' dir='ltr'><strong>Hoc</strong></span> <span class='ocrx_word' id='word_1_149' title='bbox 1132 2591 1202 2625; x_wconf 85' lang='lat' dir='ltr'><strong>ex</strong></span> <span class='ocrx_word' id='word_1_150' title='bbox 1227 2574 1402 2644; x_wconf 83' lang='lat' dir='ltr'><strong>glossa</strong></span> <span class='ocrx_word' id='word_1_151' title='bbox 1434 2574 1502 2625; x_wconf 83' lang='lat' dir='ltr'><strong>ir-</strong></span> 
     </span>
     <span class='ocr_line' id='line_1_27' title="bbox 471 2652 1501 2730; baseline -0.006 -19"><span class='ocrx_word' id='word_1_152' title='bbox 471 2656 696 2730; x_wconf 80' lang='lat' dir='ltr'><strong>repsisse</strong></span> <span class='ocrx_word' id='word_1_153' title='bbox 719 2652 951 2717; x_wconf 83' lang='lat' dir='ltr'><strong>videtur,</strong></span> <span class='ocrx_word' id='word_1_154' title='bbox 969 2671 1290 2727; x_wconf 83' lang='lat' dir='ltr'><strong>quamquam</strong></span> <span class='ocrx_word' id='word_1_155' title='bbox 1317 2672 1416 2707; x_wconf 90' lang='lat' dir='ltr'><strong>nec</strong></span> <span class='ocrx_word' id='word_1_156' title='bbox 1434 2654 1501 2705; x_wconf 87' lang='lat' dir='ltr'><strong>il-</strong></span> 
     </span>
     <span class='ocr_line' id='line_1_28' title="bbox 473 2733 1503 2805; baseline -0.006 -14"><span class='ocrx_word' id='word_1_157' title='bbox 473 2736 567 2791; x_wconf 92' lang='lat' dir='ltr'><strong>lud</strong></span> <span class='ocrx_word' id='word_1_158' title='bbox 608 2736 808 2787; x_wconf 77' lang='lat' dir='ltr'><strong>Hor-mit</strong></span> <span class='ocrx_word' id='word_1_159' title='bbox 847 2734 974 2787; x_wconf 78' lang='lat' dir='ltr'><strong>satis</strong></span> <span class='ocrx_word' id='word_1_160' title='bbox 1025 2733 1208 2805; x_wconf 84' lang='lat' dir='ltr'><strong>placet.</strong></span> <span class='ocrx_word' id='word_1_161' title='bbox 1259 2733 1503 2787; x_wconf 79' lang='lat' dir='ltr'><strong>Fortasse</strong></span> 
     </span>
     <span class='ocr_line' id='line_1_29' title="bbox 474 2812 1501 2887; baseline -0.003 -17"><span class='ocrx_word' id='word_1_162' title='bbox 474 2829 756 2887; x_wconf 81' lang='lat' dir='ltr'><strong>utramque</strong></span> <span class='ocrx_word' id='word_1_163' title='bbox 782 2812 1062 2867; x_wconf 84' lang='lat' dir='ltr'><strong>lectionem</strong></span> <span class='ocrx_word' id='word_1_164' title='bbox 1102 2812 1177 2866; x_wconf 84' lang='lat' dir='ltr'><strong>sic</strong></span> <span class='ocrx_word' id='word_1_165' title='bbox 1211 2813 1501 2867; x_wconf 73' lang='lat' dir='ltr'><strong>concilies:</strong></span> 
     </span>
     <span class='ocr_line' id='line_1_30' title="bbox 473 2893 1505 2966; baseline -0.004 -17"><span class='ocrx_word' id='word_1_166' title='bbox 473 2923 500 2943; x_wconf 73' lang='grc' dir='ltr'><strong>α</strong></span> <span class='ocrx_word' id='word_1_167' title='bbox 521 2907 822 2966; x_wconf 80' lang='lat' dir='ltr'><strong>sortemque</strong></span> <span class='ocrx_word' id='word_1_168' title='bbox 863 2910 1166 2964; x_wconf 80' lang='lat' dir='ltr'><strong>supremam</strong></span> <span class='ocrx_word' id='word_1_169' title='bbox 1214 2893 1406 2945; x_wconf 83' lang='lat' dir='ltr'><strong>Horret</strong></span> <span class='ocrx_word' id='word_1_170' title='bbox 1445 2894 1505 2945; x_wconf 84' lang='lat' dir='ltr'><strong>in</strong></span> 
     </span>
     <span class='ocr_line' id='line_1_31' title="bbox 473 2972 1507 3045; baseline -0.008 -15"><span class='ocrx_word' id='word_1_171' title='bbox 473 2975 696 3030; x_wconf 82' lang='lat' dir='ltr'><strong>AEacide</strong></span> <span class='ocrx_word' id='word_1_172' title='bbox 718 3000 764 3026; x_wconf 67' lang='lat' dir='ltr'><strong>a.</strong></span> <span class='ocrx_word' id='word_1_173' title='bbox 797 2972 1002 3027; x_wconf 86' lang='lat' dir='ltr'><strong>Deinde</strong></span> <span class='ocrx_word' id='word_1_174' title='bbox 1029 2992 1130 3045; x_wconf 88' lang='lat' dir='ltr'><strong>pro</strong></span> <span class='ocrx_word' id='word_1_175' title='bbox 1154 2974 1360 3044; x_wconf 77' lang='lat' dir='ltr'><strong>defectis</strong></span> <span class='ocrx_word' id='word_1_176' title='bbox 1387 2975 1507 3024; x_wconf 80' lang='lat' dir='ltr'><strong>viri-</strong></span> 
     </span>
     <span class='ocr_line' id='line_1_32' title="bbox 472 3050 1505 3116; baseline -0.004 -9"><span class='ocrx_word' id='word_1_177' title='bbox 472 3060 560 3107; x_wconf 83' lang='lat' dir='ltr'><strong>bus</strong></span> <span class='ocrx_word' id='word_1_178' title='bbox 584 3054 922 3107; x_wconf 81' lang='lat' dir='ltr'><strong>Burmannus</strong></span> <span class='ocrx_word' id='word_1_179' title='bbox 945 3050 1014 3105; x_wconf 84' lang='lat' dir='ltr'><strong>ad</strong></span> <span class='ocrx_word' id='word_1_180' title='bbox 1044 3050 1260 3105; x_wconf 83' lang='lat' dir='ltr'><strong>Anthol.</strong></span> <span class='ocrx_word' id='word_1_181' title='bbox 1296 3053 1412 3104; x_wconf 80' lang='lat' dir='ltr'><strong>Lat.</strong></span> <span class='ocrx_word' id='word_1_182' title='bbox 1449 3053 1505 3116; x_wconf 91' lang='grc' dir='ltr'><strong>Ι,</strong></span> 
     </span>
     <span class='ocr_line' id='line_1_33' title="bbox 473 3131 1150 3206; baseline -0.009 -19"><span class='ocrx_word' id='word_1_183' title='bbox 473 3152 528 3206; x_wconf 83' lang='lat' dir='ltr'><strong>p.</strong></span> <span class='ocrx_word' id='word_1_184' title='bbox 549 3136 618 3201; x_wconf 85' lang='lat'><strong>89</strong></span> <span class='ocrx_word' id='word_1_185' title='bbox 632 3172 647 3199; x_wconf 92' lang='lat'><strong>,</strong></span> <span class='ocrx_word' id='word_1_186' title='bbox 669 3131 886 3203; x_wconf 82' lang='lat' dir='ltr'><strong>corrigit</strong></span> <span class='ocrx_word' id='word_1_187' title='bbox 914 3133 1150 3199; x_wconf 77' lang='lat' dir='ltr'><strong>defectus.</strong></span> 
     </span>
    </p>

    <p class='ocr_par' dir='ltr' id='par_1_11' title="bbox 467 3213 1507 4155">
     <span class='ocr_line' id='line_1_34' title="bbox 548 3213 1503 3282; baseline -0.004 -16"><span class='ocrx_word' id='word_1_188' title='bbox 548 3214 673 3282; x_wconf 83' lang='grc'><strong>973.</strong></span> <span class='ocrx_word' id='word_1_189' title='bbox 701 3213 1224 3279; x_wconf 80' lang='lat' dir='ltr'><strong>Fraternaquesessus</strong></span> <span class='ocrx_word' id='word_1_190' title='bbox 1254 3214 1305 3261; x_wconf 75' lang='lat' dir='ltr'><strong>in</strong></span> <span class='ocrx_word' id='word_1_191' title='bbox 1331 3214 1503 3263; x_wconf 80' lang='lat' dir='ltr'><strong>armis.</strong></span> 
     </span>
     <span class='ocr_line' id='line_1_35' title="bbox 475 3288 1505 3361; baseline -0.002 -18"><span class='ocrx_word' id='word_1_192' title='bbox 475 3292 600 3345; x_wconf 73' lang='lat' dir='ltr'><strong>Hoec</strong></span> <span class='ocrx_word' id='word_1_193' title='bbox 652 3291 807 3344; x_wconf 90' lang='lat' dir='ltr'><strong>lectio</strong></span> <span class='ocrx_word' id='word_1_194' title='bbox 855 3288 1150 3343; x_wconf 88' lang='lat' dir='ltr'><strong>editionum</strong></span> <span class='ocrx_word' id='word_1_195' title='bbox 1205 3290 1505 3361; x_wconf 80' lang='lat' dir='ltr'><strong>vulgarium</strong></span> 
     </span>
     <span class='ocr_line' id='line_1_36' title="bbox 475 3367 1505 3439; baseline -0.006 -13"><span class='ocrx_word' id='word_1_196' title='bbox 475 3371 798 3426; x_wconf 80' lang='lat' dir='ltr'><strong>Dussenium</strong></span> <span class='ocrx_word' id='word_1_197' title='bbox 822 3367 1020 3439; x_wconf 83' lang='lat' dir='ltr'><strong>pariter</strong></span> <span class='ocrx_word' id='word_1_198' title='bbox 1044 3380 1096 3420; x_wconf 87' lang='lat' dir='ltr'><strong>et</strong></span> <span class='ocrx_word' id='word_1_199' title='bbox 1128 3368 1384 3439; x_wconf 74' lang='lat' dir='ltr'><strong>Dor-pium</strong></span> <span class='ocrx_word' id='word_1_200' title='bbox 1419 3369 1505 3420; x_wconf 85' lang='lat' dir='ltr'><strong>of·</strong></span> 
     </span>
     <span class='ocr_line' id='line_1_37' title="bbox 480 3446 1507 3517; baseline -0.005 -13"><span class='ocrx_word' id='word_1_201' title='bbox 480 3450 666 3504; x_wconf 82' lang='lat' dir='ltr'><strong>sendit.</strong></span> <span class='ocrx_word' id='word_1_202' title='bbox 691 3448 786 3501; x_wconf 88' lang='lat' dir='ltr'><strong>Ille</strong></span> <span class='ocrx_word' id='word_1_203' title='bbox 793 3467 994 3517; x_wconf 82' lang='lat' dir='ltr'><strong>pressus</strong></span> <span class='ocrx_word' id='word_1_204' title='bbox 1014 3450 1065 3497; x_wconf 79' lang='lat' dir='ltr'><strong>in</strong></span> <span class='ocrx_word' id='word_1_205' title='bbox 1091 3450 1243 3498; x_wconf 78' lang='lat' dir='ltr'><strong>armis</strong></span> <span class='ocrx_word' id='word_1_206' title='bbox 1269 3446 1384 3500; x_wconf 81' lang='lat' dir='ltr'><strong>&#39;vult</strong></span> <span class='ocrx_word' id='word_1_207' title='bbox 1399 3488 1414 3513; x_wconf 86' lang='lat'><strong>,</strong></span> <span class='ocrx_word' id='word_1_208' title='bbox 1446 3458 1507 3499; x_wconf 87' lang='lat' dir='ltr'><strong>ut</strong></span> 
     </span>
     <span class='ocr_line' id='line_1_38' title="bbox 467 3524 1507 3600; baseline -0.003 -18"><span class='ocrx_word' id='word_1_209' title='bbox 467 3550 670 3600; x_wconf 82' lang='lat' dir='ltr'><strong>pressus</strong></span> <span class='ocrx_word' id='word_1_210' title='bbox 689 3528 778 3581; x_wconf 90' lang='lat' dir='ltr'><strong>hic</strong></span> <span class='ocrx_word' id='word_1_211' title='bbox 805 3525 961 3579; x_wconf 83' lang='lat' dir='ltr'><strong>talem</strong></span> <span class='ocrx_word' id='word_1_212' title='bbox 989 3524 1236 3590; x_wconf 85' lang='lat' dir='ltr'><strong>denotet,</strong></span> <span class='ocrx_word' id='word_1_213' title='bbox 1261 3545 1422 3597; x_wconf 88' lang='lat' dir='ltr'><strong>quem</strong></span> <span class='ocrx_word' id='word_1_214' title='bbox 1449 3526 1507 3579; x_wconf 87' lang='lat' dir='ltr'><strong>in</strong></span> 
     </span>
     <span class='ocr_line' id='line_1_39' title="bbox 479 3606 1507 3683; baseline -0.004 -20"><span class='ocrx_word' id='word_1_215' title='bbox 479 3609 746 3683; x_wconf 82' lang='lat' dir='ltr'><strong>angustias</strong></span> <span class='ocrx_word' id='word_1_216' title='bbox 777 3607 1110 3677; x_wconf 82' lang='lat' dir='ltr'><strong>compulsum</strong></span> <span class='ocrx_word' id='word_1_217' title='bbox 1143 3606 1310 3660; x_wconf 82' lang='lat' dir='ltr'><strong>hostis</strong></span> <span class='ocrx_word' id='word_1_218' title='bbox 1350 3606 1507 3661; x_wconf 86' lang='lat' dir='ltr'><strong>celeri</strong></span> 
     </span>
     <span class='ocr_line' id='line_1_40' title="bbox 478 3684 1505 3762; baseline -0.006 -20"><span class='ocrx_word' id='word_1_219' title='bbox 478 3708 659 3762; x_wconf 79' lang='lat' dir='ltr'><strong>gressu</strong></span> <span class='ocrx_word' id='word_1_220' title='bbox 689 3687 1040 3759; x_wconf 85' lang='lat' dir='ltr'><strong>persequitur,</strong></span> <span class='ocrx_word' id='word_1_221' title='bbox 1077 3697 1130 3739; x_wconf 87' lang='lat' dir='ltr'><strong>et</strong></span> <span class='ocrx_word' id='word_1_222' title='bbox 1167 3684 1235 3739; x_wconf 86' lang='lat' dir='ltr'><strong>ad</strong></span> <span class='ocrx_word' id='word_1_223' title='bbox 1273 3705 1505 3757; x_wconf 83' lang='lat' dir='ltr'><strong>pugnam</strong></span> 
     </span>
     <span class='ocr_line' id='line_1_41' title="bbox 477 3765 1505 3840; baseline -0.002 -20"><span class='ocrx_word' id='word_1_224' title='bbox 477 3782 635 3840; x_wconf 81' lang='lat' dir='ltr'><strong>urget</strong></span> <span class='ocrx_word' id='word_1_225' title='bbox 653 3787 668 3832; x_wconf 70' lang='grc' dir='ltr'><strong><em>ς</em></strong></span> <span class='ocrx_word' id='word_1_226' title='bbox 689 3767 981 3839; x_wconf 85' lang='lat' dir='ltr'><strong>probatque</strong></span> <span class='ocrx_word' id='word_1_227' title='bbox 1001 3770 1120 3819; x_wconf 89' lang='lat' dir='ltr'><strong>loco</strong></span> <span class='ocrx_word' id='word_1_228' title='bbox 1133 3765 1369 3837; x_wconf 86' lang='lat' dir='ltr'><strong>Virgilii,</strong></span> <span class='ocrx_word' id='word_1_229' title='bbox 1385 3768 1505 3819; x_wconf 85' lang='lat' dir='ltr'><strong>AEn.</strong></span> 
     </span>
     <span class='ocr_line' id='line_1_42' title="bbox 477 3844 1502 3918; baseline -0.003 -18"><span class='ocrx_word' id='word_1_230' title='bbox 477 3848 536 3913; x_wconf 90' lang='lat'><strong>1,</strong></span> <span class='ocrx_word' id='word_1_231' title='bbox 572 3854 695 3918; x_wconf 74' lang='lat'><strong>⁴7¹·</strong></span> <span class='ocrx_word' id='word_1_232' title='bbox 726 3844 832 3899; x_wconf 86' lang='lat' dir='ltr'><strong>Sed</strong></span> <span class='ocrx_word' id='word_1_233' title='bbox 873 3844 1020 3918; x_wconf 89' lang='lat' dir='ltr'><strong>quod</strong></span> <span class='ocrx_word' id='word_1_234' title='bbox 1059 3846 1146 3899; x_wconf 78' lang='lat' dir='ltr'><strong>hic</strong></span> <span class='ocrx_word' id='word_1_235' title='bbox 1184 3844 1332 3898; x_wconf 77' lang='lat' dir='ltr'><strong>illata</strong></span> <span class='ocrx_word' id='word_1_236' title='bbox 1371 3863 1502 3897; x_wconf 81' lang='lat' dir='ltr'><strong>voce</strong></span> 
     </span>
     <span class='ocr_line' id='line_1_43' title="bbox 468 3922 1500 3995; baseline -0.002 -18"><span class='ocrx_word' id='word_1_237' title='bbox 468 3946 667 3995; x_wconf 83' lang='lat' dir='ltr'><strong>pressus</strong></span> <span class='ocrx_word' id='word_1_238' title='bbox 711 3924 931 3995; x_wconf 84' lang='lat' dir='ltr'><strong>exprimi</strong></span> <span class='ocrx_word' id='word_1_239' title='bbox 975 3924 1175 3991; x_wconf 83' lang='lat' dir='ltr'><strong>voluit,</strong></span> <span class='ocrx_word' id='word_1_240' title='bbox 1219 3923 1275 3976; x_wconf 89' lang='lat' dir='ltr'><strong>id</strong></span> <span class='ocrx_word' id='word_1_241' title='bbox 1329 3922 1500 3975; x_wconf 82' lang='lat' dir='ltr'><strong>multo</strong></span> 
     </span>
     <span class='ocr_line' id='line_1_44' title="bbox 477 4001 1499 4057; baseline -0.005 0"><span class='ocrx_word' id='word_1_242' title='bbox 477 4004 664 4057; x_wconf 85' lang='lat' dir='ltr'><strong>melius</strong></span> <span class='ocrx_word' id='word_1_243' title='bbox 690 4002 826 4057; x_wconf 89' lang='lat' dir='ltr'><strong>duce</strong></span> <span class='ocrx_word' id='word_1_244' title='bbox 861 4002 1042 4056; x_wconf 80' lang='lat' dir='ltr'><strong>codice</strong></span> <span class='ocrx_word' id='word_1_245' title='bbox 1070 4002 1214 4055; x_wconf 86' lang='lat' dir='ltr'><strong>Leid.</strong></span> <span class='ocrx_word' id='word_1_246' title='bbox 1251 4001 1397 4055; x_wconf 89' lang='lat' dir='ltr'><strong>dedit</strong></span> <span class='ocrx_word' id='word_1_247' title='bbox 1433 4002 1499 4054; x_wconf 90' lang='lat' dir='ltr'><strong>cl.</strong></span> 
     </span>
     <span class='ocr_line' id='line_1_45' title="bbox 480 4082 1494 4155; baseline 0 -21"><span class='ocrx_word' id='word_1_248' title='bbox 480 4084 733 4155; x_wconf 75' lang='lat' dir='ltr'><strong>Dorpius,</strong></span> <span class='ocrx_word' id='word_1_249' title='bbox 763 4082 903 4145; x_wconf 61' lang='lat' dir='ltr'><strong>rebus</strong></span> <span class='ocrx_word' id='word_1_250' title='bbox 935 4086 986 4135; x_wconf 77' lang='lat' dir='ltr'><strong>in</strong></span> <span class='ocrx_word' id='word_1_251' title='bbox 1032 4086 1178 4135; x_wconf 78' lang='lat' dir='ltr'><strong>arceis</strong></span> <span class='ocrx_word' id='word_1_252' title='bbox 1221 4082 1456 4137; x_wconf 71' lang='lat' dir='ltr'><strong>scribens</strong></span> <span class='ocrx_word' id='word_1_253' title='bbox 1481 4098 1494 4134; x_wconf 88' lang='lat'><strong>:</strong></span> 
     </span>
    </p>
   </div>
   <div class='ocr_carea' id='block_1_10' title="bbox 1572 1461 2630 4157">
    <p class='ocr_par' dir='ltr' id='par_1_12' title="bbox 1572 1461 2629 2091">
     <span class='ocr_line' id='line_1_46' title="bbox 1584 1461 2629 1535; baseline 0 -20"><span class='ocrx_word' id='word_1_254' title='bbox 1584 1482 1703 1534; x_wconf 79' lang='lat' dir='ltr'><strong>quoe</strong></span> <span class='ocrx_word' id='word_1_255' title='bbox 1740 1463 1969 1517; x_wconf 80' lang='lat' dir='ltr'><strong>formula</strong></span> <span class='ocrx_word' id='word_1_256' title='bbox 2008 1480 2134 1517; x_wconf 84' lang='lat' dir='ltr'><strong>sane</strong></span> <span class='ocrx_word' id='word_1_257' title='bbox 2175 1464 2424 1535; x_wconf 68' lang='lat' dir='ltr'><strong>frequens</strong></span> <span class='ocrx_word' id='word_1_258' title='bbox 2454 1461 2526 1514; x_wconf 80' lang='lat' dir='ltr'><strong>ab</strong></span> <span class='ocrx_word' id='word_1_259' title='bbox 2558 1482 2629 1515; x_wconf 84' lang='lat' dir='ltr'><strong>eo</strong></span> 
     </span>
     <span class='ocr_line' id='line_1_47' title="bbox 1585 1541 2625 1607; baseline 0 -14"><span class='ocrx_word' id='word_1_260' title='bbox 1585 1542 1717 1597; x_wconf 83' lang='lat' dir='ltr'><strong>locis</strong></span> <span class='ocrx_word' id='word_1_261' title='bbox 1737 1542 2040 1607; x_wconf 74' lang='lat' dir='ltr'><strong>Claudiani,</strong></span> <span class='ocrx_word' id='word_1_262' title='bbox 2066 1541 2135 1596; x_wconf 91' lang='lat' dir='ltr'><strong>de</strong></span> <span class='ocrx_word' id='word_1_263' title='bbox 2166 1542 2248 1594; x_wconf 84' lang='lat' dir='ltr'><strong>lv</strong></span> <span class='ocrx_word' id='word_1_264' title='bbox 2285 1542 2445 1595; x_wconf 84' lang='lat' dir='ltr'><strong>Cous.</strong></span> <span class='ocrx_word' id='word_1_265' title='bbox 2478 1541 2625 1594; x_wconf 84' lang='lat' dir='ltr'><strong>Hon.</strong></span> 
     </span>
     <span class='ocr_line' id='line_1_48' title="bbox 1588 1619 2627 1693; baseline -0.004 -18"><span class='ocrx_word' id='word_1_266' title='bbox 1588 1628 1711 1693; x_wconf 82' lang='grc'><strong>407,</strong></span> <span class='ocrx_word' id='word_1_267' title='bbox 1739 1623 1869 1676; x_wconf 87' lang='lat' dir='ltr'><strong>etin</strong></span> <span class='ocrx_word' id='word_1_268' title='bbox 1890 1623 2109 1693; x_wconf 84' lang='lat' dir='ltr'><strong>Eutrop.</strong></span> <span class='ocrx_word' id='word_1_269' title='bbox 2133 1622 2188 1673; x_wconf 91' lang='lat'><strong>11</strong></span> <span class='ocrx_word' id='word_1_270' title='bbox 2204 1659 2221 1684; x_wconf 89' lang='lat'><strong>,</strong></span> <span class='ocrx_word' id='word_1_271' title='bbox 2242 1620 2346 1683; x_wconf 76' lang='lat'><strong>354</strong></span> <span class='ocrx_word' id='word_1_272' title='bbox 2366 1658 2383 1685; x_wconf 89' lang='lat'><strong>,</strong></span> <span class='ocrx_word' id='word_1_273' title='bbox 2422 1619 2627 1692; x_wconf 80' lang='lat' dir='ltr'><strong>proba-</strong></span> 
     </span>
     <span class='ocr_line' id='line_1_49' title="bbox 1584 1699 2627 1773; baseline -0.003 -20"><span class='ocrx_word' id='word_1_274' title='bbox 1584 1716 1689 1755; x_wconf 87' lang='lat' dir='ltr'><strong>tur.</strong></span> <span class='ocrx_word' id='word_1_275' title='bbox 1710 1701 1984 1755; x_wconf 81' lang='lat' dir='ltr'><strong>Accedunt</strong></span> <span class='ocrx_word' id='word_1_276' title='bbox 2012 1714 2117 1755; x_wconf 82' lang='lat' dir='ltr'><strong>tres</strong></span> <span class='ocrx_word' id='word_1_277' title='bbox 2150 1700 2329 1773; x_wconf 84' lang='lat' dir='ltr'><strong>scripti</strong></span> <span class='ocrx_word' id='word_1_278' title='bbox 2358 1700 2493 1763; x_wconf 84' lang='lat' dir='ltr'><strong>mei,</strong></span> <span class='ocrx_word' id='word_1_279' title='bbox 2528 1699 2627 1771; x_wconf 84' lang='lat' dir='ltr'><strong>qui</strong></span> 
     </span>
     <span class='ocr_line' id='line_1_50' title="bbox 1587 1778 2624 1853; baseline -0.005 -19"><span class='ocrx_word' id='word_1_280' title='bbox 1587 1781 1781 1853; x_wconf 77' lang='lat' dir='ltr'><strong>singuli</strong></span> <span class='ocrx_word' id='word_1_281' title='bbox 1807 1782 2057 1835; x_wconf 81' lang='lat' dir='ltr'><strong>exhibent</strong></span> <span class='ocrx_word' id='word_1_282' title='bbox 2086 1784 2229 1833; x_wconf 79' lang='lat' dir='ltr'><strong>rebus</strong></span> <span class='ocrx_word' id='word_1_283' title='bbox 2265 1783 2315 1831; x_wconf 76' lang='lat' dir='ltr'><strong>in</strong></span> <span class='ocrx_word' id='word_1_284' title='bbox 2355 1783 2511 1840; x_wconf 75' lang='lat' dir='ltr'><strong>anis,</strong></span> <span class='ocrx_word' id='word_1_285' title='bbox 2558 1778 2624 1829; x_wconf 77' lang='lat' dir='ltr'><strong>A.</strong></span> 
     </span>
     <span class='ocr_line' id='line_1_51' title="bbox 1572 1859 2628 1931; baseline -0.004 -18"><span class='ocrx_word' id='word_1_286' title='bbox 1572 1863 1913 1931; x_wconf 76' lang='lat' dir='ltr'><strong>fraternaque</strong></span> <span class='ocrx_word' id='word_1_287' title='bbox 1930 1866 1981 1913; x_wconf 81' lang='lat' dir='ltr'><strong>in</strong></span> <span class='ocrx_word' id='word_1_288' title='bbox 2006 1864 2153 1923; x_wconf 82' lang='lat' dir='ltr'><strong>artis,</strong></span> <span class='ocrx_word' id='word_1_289' title='bbox 2194 1859 2393 1913; x_wconf 83' lang='lat' dir='ltr'><strong>omisso</strong></span> <span class='ocrx_word' id='word_1_290' title='bbox 2412 1878 2514 1931; x_wconf 87' lang='lat' dir='ltr'><strong>per</strong></span> <span class='ocrx_word' id='word_1_291' title='bbox 2541 1876 2628 1910; x_wconf 89' lang='lat' dir='ltr'><strong>er-</strong></span> 
     </span>
     <span class='ocr_line' id='line_1_52' title="bbox 1587 1938 2624 2013; baseline -0.008 -18"><span class='ocrx_word' id='word_1_292' title='bbox 1587 1960 1765 1995; x_wconf 88' lang='lat' dir='ltr'><strong>rorem</strong></span> <span class='ocrx_word' id='word_1_293' title='bbox 1791 1946 1958 2005; x_wconf 83' lang='lat' dir='ltr'><strong>rebus,</strong></span> <span class='ocrx_word' id='word_1_294' title='bbox 1998 1953 2052 1993; x_wconf 87' lang='lat' dir='ltr'><strong>et</strong></span> <span class='ocrx_word' id='word_1_295' title='bbox 2084 1940 2231 2013; x_wconf 78' lang='lat' dir='ltr'><strong>Lips.</strong></span> <span class='ocrx_word' id='word_1_296' title='bbox 2265 1938 2453 1993; x_wconf 76' lang='lat' dir='ltr'><strong>vitiose</strong></span> <span class='ocrx_word' id='word_1_297' title='bbox 2480 1941 2624 1990; x_wconf 73' lang='lat' dir='ltr'><strong>rebus</strong></span> 
     </span>
     <span class='ocr_line' id='line_1_53' title="bbox 1592 2042 2118 2091; baseline 0.008 -19"><span class='ocrx_word' id='word_1_298' title='bbox 1592 2043 1644 2073; x_wconf 86' lang='lat' dir='ltr'><strong>m</strong></span> <span class='ocrx_word' id='word_1_299' title='bbox 1672 2042 1843 2074; x_wconf 69' lang='lat' dir='ltr'><strong>annas.</strong></span> <span class='ocrx_word' id='word_1_300' title='bbox 2107 2080 2118 2091; x_wconf 53' lang='grc'>,</span> 
     </span>
    </p>

    <p class='ocr_par' dir='ltr' id='par_1_13' title="bbox 1578 2096 2630 2649">
     <span class='ocr_line' id='line_1_54' title="bbox 1658 2096 2630 2171; baseline -0.007 -16"><span class='ocrx_word' id='word_1_301' title='bbox 1658 2101 1780 2171; x_wconf 85' lang='grc'><strong>975.</strong></span> <span class='ocrx_word' id='word_1_302' title='bbox 1797 2101 1951 2151; x_wconf 79' lang='lat' dir='ltr'><strong>Sentit</strong></span> <span class='ocrx_word' id='word_1_303' title='bbox 1966 2104 2145 2151; x_wconf 79' lang='lat' dir='ltr'><strong>adesse</strong></span> <span class='ocrx_word' id='word_1_304' title='bbox 2166 2098 2233 2151; x_wconf 89' lang='lat' dir='ltr'><strong>G.</strong></span> <span class='ocrx_word' id='word_1_305' title='bbox 2258 2117 2309 2149; x_wconf 70' lang='grc' dir='ltr'><strong>ι.</strong></span> <span class='ocrx_word' id='word_1_306' title='bbox 2330 2128 2402 2137; x_wconf 89' lang='grc'>-</span> <span class='ocrx_word' id='word_1_307' title='bbox 2416 2102 2494 2149; x_wconf 88' lang='lat' dir='ltr'><strong>De</strong></span> <span class='ocrx_word' id='word_1_308' title='bbox 2514 2096 2630 2148; x_wconf 83' lang='lat' dir='ltr'><strong>for-</strong></span> 
     </span>
     <span class='ocr_line' id='line_1_55' title="bbox 1590 2175 2625 2247; baseline -0.005 -16"><span class='ocrx_word' id='word_1_309' title='bbox 1590 2180 1737 2232; x_wconf 85' lang='lat' dir='ltr'><strong>mula</strong></span> <span class='ocrx_word' id='word_1_310' title='bbox 1773 2181 1896 2247; x_wconf 81' lang='lat' dir='ltr'><strong>quid</strong></span> <span class='ocrx_word' id='word_1_311' title='bbox 1932 2188 2099 2247; x_wconf 70' lang='lat' dir='ltr'><strong>agae?</strong></span> <span class='ocrx_word' id='word_1_312' title='bbox 2129 2175 2459 2231; x_wconf 83' lang='lat' dir='ltr'><strong>conferenda</strong></span> <span class='ocrx_word' id='word_1_313' title='bbox 2496 2188 2625 2227; x_wconf 79' lang='lat' dir='ltr'><strong>sunt</strong></span> 
     </span>
     <span class='ocr_line' id='line_1_56' title="bbox 1590 2254 2627 2331; baseline -0.006 -19"><span class='ocrx_word' id='word_1_314' title='bbox 1590 2278 1708 2331; x_wconf 78' lang='lat' dir='ltr'><strong>quae</strong></span> <span class='ocrx_word' id='word_1_315' title='bbox 1747 2270 1930 2312; x_wconf 85' lang='lat' dir='ltr'><strong>notata</strong></span> <span class='ocrx_word' id='word_1_316' title='bbox 1968 2271 2092 2311; x_wconf 72' lang='lat' dir='ltr'><strong>sunt</strong></span> <span class='ocrx_word' id='word_1_317' title='bbox 2129 2258 2292 2330; x_wconf 81' lang='lat' dir='ltr'><strong>hujus</strong></span> <span class='ocrx_word' id='word_1_318' title='bbox 2319 2276 2411 2329; x_wconf 89' lang='lat' dir='ltr'><strong>op.</strong></span> <span class='ocrx_word' id='word_1_319' title='bbox 2455 2265 2493 2307; x_wconf 89' lang='lat' dir='ltr'><strong>t.</strong></span> <span class='ocrx_word' id='word_1_320' title='bbox 2532 2254 2627 2316; x_wconf 89' lang='lat'><strong>11,</strong></span> 
     </span>
     <span class='ocr_line' id='line_1_57' title="bbox 1591 2332 2625 2409; baseline -0.006 -18"><span class='ocrx_word' id='word_1_321' title='bbox 1591 2339 1673 2391; x_wconf 90' lang='grc' dir='ltr'><strong>ΕΙ.</strong></span> <span class='ocrx_word' id='word_1_322' title='bbox 1696 2338 1801 2390; x_wconf 85' lang='lat' dir='ltr'><strong>xn</strong></span> <span class='ocrx_word' id='word_1_323' title='bbox 1820 2376 1835 2402; x_wconf 88' lang='lat'><strong>,</strong></span> <span class='ocrx_word' id='word_1_324' title='bbox 1854 2357 1910 2390; x_wconf 80' lang='lat' dir='ltr'><strong>v.</strong></span> <span class='ocrx_word' id='word_1_325' title='bbox 1935 2337 2025 2406; x_wconf 85' lang='lat'><strong>37,</strong></span> <span class='ocrx_word' id='word_1_326' title='bbox 2044 2356 2100 2409; x_wconf 88' lang='lat' dir='ltr'><strong>p.</strong></span> <span class='ocrx_word' id='word_1_327' title='bbox 2121 2338 2239 2390; x_wconf 85' lang='lat'><strong>301.</strong></span> <span class='ocrx_word' id='word_1_328' title='bbox 2277 2336 2345 2388; x_wconf 87' lang='lat' dir='ltr'><strong>Et</strong></span> <span class='ocrx_word' id='word_1_329' title='bbox 2368 2332 2625 2407; x_wconf 78' lang='lat' dir='ltr'><strong>quemad·</strong></span> 
     </span>
     <span class='ocr_line' id='line_1_58' title="bbox 1590 2414 2627 2485; baseline -0.008 -14"><span class='ocrx_word' id='word_1_330' title='bbox 1590 2418 1810 2471; x_wconf 87' lang='lat' dir='ltr'><strong>modum</strong></span> <span class='ocrx_word' id='word_1_331' title='bbox 1831 2418 1922 2470; x_wconf 90' lang='lat' dir='ltr'><strong>hic</strong></span> <span class='ocrx_word' id='word_1_332' title='bbox 1938 2414 2133 2471; x_wconf 87' lang='lat' dir='ltr'><strong>dicitur</strong></span> <span class='ocrx_word' id='word_1_333' title='bbox 2152 2436 2266 2485; x_wconf 78' lang='lat' dir='ltr'><strong>qua·</strong></span> <span class='ocrx_word' id='word_1_334' title='bbox 2284 2418 2491 2469; x_wconf 78' lang='lat' dir='ltr'><strong>numina</strong></span> <span class='ocrx_word' id='word_1_335' title='bbox 2510 2434 2627 2482; x_wconf 75' lang='lat' dir='ltr'><strong>sup-</strong></span> 
     </span>
     <span class='ocr_line' id='line_1_59' title="bbox 1578 2494 2625 2568; baseline -0.005 -17"><span class='ocrx_word' id='word_1_336' title='bbox 1578 2504 1706 2568; x_wconf 77' lang='lat' dir='ltr'><strong>plex</strong></span> <span class='ocrx_word' id='word_1_337' title='bbox 1726 2504 1963 2549; x_wconf 69' lang='lat' dir='ltr'><strong>Inooeecae’</strong></span> <span class='ocrx_word' id='word_1_338' title='bbox 1984 2496 2071 2551; x_wconf 90' lang='lat' dir='ltr'><strong>Sic</strong></span> <span class='ocrx_word' id='word_1_339' title='bbox 2091 2516 2253 2568; x_wconf 84' lang='lat' dir='ltr'><strong>supra</strong></span> <span class='ocrx_word' id='word_1_340' title='bbox 2269 2494 2625 2568; x_wconf 83' lang='lat' dir='ltr'><strong>Reposianus‚</strong></span> 
     </span>
     <span class='ocr_line' id='line_1_60' title="bbox 1589 2574 2623 2649; baseline -0.008 -17"><span class='ocrx_word' id='word_1_341' title='bbox 1589 2600 1641 2632; x_wconf 83' lang='lat' dir='ltr'><strong>v.</strong></span> <span class='ocrx_word' id='word_1_342' title='bbox 1659 2578 1785 2643; x_wconf 71' lang='lat'><strong>145:</strong></span> <span class='ocrx_word' id='word_1_343' title='bbox 1806 2576 2001 2643; x_wconf 71' lang='lat' dir='ltr'><strong>«Quod</strong></span> <span class='ocrx_word' id='word_1_344' title='bbox 2023 2595 2225 2629; x_wconf 86' lang='lat' dir='ltr'><strong>numen</strong></span> <span class='ocrx_word' id='word_1_345' title='bbox 2244 2574 2462 2649; x_wconf 79' lang='lat' dir='ltr'><strong>poscat?</strong></span> <span class='ocrx_word' id='word_1_346' title='bbox 2478 2600 2502 2621; x_wconf 75' lang='grc' dir='ltr'>ι</span> <span class='ocrx_word' id='word_1_347' title='bbox 2522 2574 2623 2625; x_wconf 82' lang='lat' dir='ltr'><strong>En.</strong></span> 
     </span>
    </p>

    <p class='ocr_par' dir='ltr' id='par_1_14' title="bbox 1590 2654 2627 3045">
     <span class='ocr_line' id='line_1_61' title="bbox 1661 2654 2627 2727; baseline -0.004 -18"><span class='ocrx_word' id='word_1_348' title='bbox 1661 2662 1787 2727; x_wconf 85' lang='lat'><strong>976.</strong></span> <span class='ocrx_word' id='word_1_349' title='bbox 1806 2663 1865 2709; x_wconf 84' lang='lat' dir='ltr'><strong>In</strong></span> <span class='ocrx_word' id='word_1_350' title='bbox 1894 2671 1994 2708; x_wconf 81' lang='lat' dir='ltr'><strong>toto</strong></span> <span class='ocrx_word' id='word_1_351' title='bbox 2021 2661 2354 2725; x_wconf 77' lang='lat' dir='ltr'><strong>languescunt</strong></span> <span class='ocrx_word' id='word_1_352' title='bbox 2379 2654 2627 2708; x_wconf 76' lang='lat' dir='ltr'><strong>scribunt</strong></span> 
     </span>
     <span class='ocr_line' id='line_1_62' title="bbox 1591 2732 2623 2809; baseline -0.004 -19"><span class='ocrx_word' id='word_1_353' title='bbox 1591 2735 1715 2790; x_wconf 89' lang='lat' dir='ltr'><strong>edd.</strong></span> <span class='ocrx_word' id='word_1_354' title='bbox 1740 2738 1865 2789; x_wconf 89' lang='lat' dir='ltr'><strong>Tor.</strong></span> <span class='ocrx_word' id='word_1_355' title='bbox 1900 2748 1953 2789; x_wconf 87' lang='lat' dir='ltr'><strong>et</strong></span> <span class='ocrx_word' id='word_1_356' title='bbox 1996 2736 2086 2809; x_wconf 87' lang='lat' dir='ltr'><strong>Sp.</strong></span> <span class='ocrx_word' id='word_1_357' title='bbox 2130 2754 2252 2787; x_wconf 89' lang='lat' dir='ltr'><strong>cum</strong></span> <span class='ocrx_word' id='word_1_358' title='bbox 2283 2734 2353 2787; x_wconf 88' lang='lat' dir='ltr'><strong>G.</strong></span> <span class='ocrx_word' id='word_1_359' title='bbox 2388 2752 2449 2799; x_wconf 64' lang='grc' dir='ltr'><strong>ας</strong></span> <span class='ocrx_word' id='word_1_360' title='bbox 2485 2732 2580 2787; x_wconf 77' lang='lat' dir='ltr'><strong>sed</strong></span> <span class='ocrx_word' id='word_1_361' title='bbox 2606 2772 2623 2796; x_wconf 88' lang='lat'><strong>,</strong></span> 
     </span>
     <span class='ocr_line' id='line_1_63' title="bbox 1590 2812 2623 2888; baseline -0.005 -19"><span class='ocrx_word' id='word_1_362' title='bbox 1590 2815 1738 2888; x_wconf 86' lang='lat' dir='ltr'><strong>quod</strong></span> <span class='ocrx_word' id='word_1_363' title='bbox 1764 2816 1941 2870; x_wconf 68' lang='lat' dir='ltr'><strong>canteri</strong></span> <span class='ocrx_word' id='word_1_364' title='bbox 1970 2814 2093 2867; x_wconf 86' lang='lat' dir='ltr'><strong>libri</strong></span> <span class='ocrx_word' id='word_1_365' title='bbox 2118 2828 2318 2868; x_wconf 82' lang='lat' dir='ltr'><strong>veteres</strong></span> <span class='ocrx_word' id='word_1_366' title='bbox 2346 2826 2529 2867; x_wconf 86' lang='lat' dir='ltr'><strong>tenent</strong></span> <span class='ocrx_word' id='word_1_367' title='bbox 2552 2812 2623 2865; x_wconf 81' lang='lat' dir='ltr'><strong>H.</strong></span> 
     </span>
     <span class='ocr_line' id='line_1_64' title="bbox 1591 2892 2626 2966; baseline -0.004 -18"><span class='ocrx_word' id='word_1_368' title='bbox 1591 2895 1657 2948; x_wconf 91' lang='lat' dir='ltr'><strong>G.</strong></span> <span class='ocrx_word' id='word_1_369' title='bbox 1681 2914 1725 2956; x_wconf 90' lang='lat'><strong>1,</strong></span> <span class='ocrx_word' id='word_1_370' title='bbox 1750 2897 1812 2947; x_wconf 77' lang='lat' dir='ltr'><strong>A.</strong></span> <span class='ocrx_word' id='word_1_371' title='bbox 1831 2910 1887 2948; x_wconf 88' lang='lat' dir='ltr'><strong>et</strong></span> <span class='ocrx_word' id='word_1_372' title='bbox 1907 2897 1969 2948; x_wconf 92' lang='lat' dir='ltr'><strong>L.</strong></span> <span class='ocrx_word' id='word_1_373' title='bbox 2004 2909 2053 2947; x_wconf 79' lang='lat' dir='ltr'><strong>et</strong></span> <span class='ocrx_word' id='word_1_374' title='bbox 2086 2908 2211 2957; x_wconf 76' lang='lat' dir='ltr'><strong>toto,</strong></span> <span class='ocrx_word' id='word_1_375' title='bbox 2251 2893 2310 2946; x_wconf 91' lang='lat' dir='ltr'><strong>id</strong></span> <span class='ocrx_word' id='word_1_376' title='bbox 2338 2892 2626 2966; x_wconf 76' lang='lat' dir='ltr'><strong>praeferen-</strong></span> 
     </span>
     <span class='ocr_line' id='line_1_65' title="bbox 1592 2972 1955 3045; baseline -0.003 -19"><span class='ocrx_word' id='word_1_377' title='bbox 1592 2972 1721 3029; x_wconf 88' lang='lat' dir='ltr'><strong>dum</strong></span> <span class='ocrx_word' id='word_1_378' title='bbox 1750 2975 1955 3045; x_wconf 79' lang='lat' dir='ltr'><strong>putavi.</strong></span> 
     </span>
    </p>

    <p class='ocr_par' dir='ltr' id='par_1_15' title="bbox 1588 3051 2629 4157">
     <span class='ocr_line' id='line_1_66' title="bbox 1662 3051 2625 3126; baseline -0.004 -20"><span class='ocrx_word' id='word_1_379' title='bbox 1662 3072 1787 3126; x_wconf 85' lang='lat'><strong>979.</strong></span> <span class='ocrx_word' id='word_1_380' title='bbox 1819 3055 2037 3125; x_wconf 67' lang='lat' dir='ltr'><strong>Defensa</strong></span> <span class='ocrx_word' id='word_1_381' title='bbox 2062 3055 2305 3105; x_wconf 75' lang='lat' dir='ltr'><strong>auxilium</strong></span> <span class='ocrx_word' id='word_1_382' title='bbox 2333 3051 2625 3123; x_wconf 65' lang='lat' dir='ltr'><strong>preferant</strong></span> 
     </span>
     <span class='ocr_line' id='line_1_67' title="bbox 1594 3130 2625 3206; baseline -0.003 -20"><span class='ocrx_word' id='word_1_383' title='bbox 1594 3131 1717 3186; x_wconf 83' lang='lat' dir='ltr'><strong>edd.</strong></span> <span class='ocrx_word' id='word_1_384' title='bbox 1736 3134 1861 3185; x_wconf 90' lang='lat' dir='ltr'><strong>Tor.</strong></span> <span class='ocrx_word' id='word_1_385' title='bbox 1896 3145 1948 3185; x_wconf 87' lang='lat' dir='ltr'><strong>et</strong></span> <span class='ocrx_word' id='word_1_386' title='bbox 1980 3134 2071 3206; x_wconf 88' lang='lat' dir='ltr'><strong>Sp.</strong></span> <span class='ocrx_word' id='word_1_387' title='bbox 2107 3131 2203 3186; x_wconf 77' lang='lat' dir='ltr'><strong>sed</strong></span> <span class='ocrx_word' id='word_1_388' title='bbox 2237 3132 2423 3184; x_wconf 77' lang='lat' dir='ltr'><strong>vitium</strong></span> <span class='ocrx_word' id='word_1_389' title='bbox 2464 3130 2520 3182; x_wconf 88' lang='lat' dir='ltr'><strong>in</strong></span> <span class='ocrx_word' id='word_1_390' title='bbox 2562 3150 2625 3183; x_wconf 84' lang='lat' dir='ltr'><strong>ea</strong></span> 
     </span>
     <span class='ocr_line' id='line_1_68' title="bbox 1592 3209 2623 3266; baseline -0.004 0"><span class='ocrx_word' id='word_1_391' title='bbox 1592 3212 1817 3266; x_wconf 86' lang='lat' dir='ltr'><strong>lectione</strong></span> <span class='ocrx_word' id='word_1_392' title='bbox 1865 3212 2019 3265; x_wconf 79' lang='lat' dir='ltr'><strong>facile</strong></span> <span class='ocrx_word' id='word_1_393' title='bbox 2066 3211 2271 3265; x_wconf 81' lang='lat' dir='ltr'><strong>odorati</strong></span> <span class='ocrx_word' id='word_1_394' title='bbox 2320 3225 2444 3264; x_wconf 81' lang='lat' dir='ltr'><strong>sunt</strong></span> <span class='ocrx_word' id='word_1_395' title='bbox 2481 3209 2623 3263; x_wconf 88' lang='lat' dir='ltr'><strong>docti</strong></span> 
     </span>
     <span class='ocr_line' id='line_1_69' title="bbox 1592 3292 2624 3363; baseline -0.007 -16"><span class='ocrx_word' id='word_1_396' title='bbox 1592 3292 1713 3347; x_wconf 77' lang='lat' dir='ltr'><strong>viri.</strong></span> <span class='ocrx_word' id='word_1_397' title='bbox 1744 3292 2035 3345; x_wconf 76' lang='lat' dir='ltr'><strong>Dussenius</strong></span> <span class='ocrx_word' id='word_1_398' title='bbox 2052 3333 2067 3357; x_wconf 95' lang='lat'><strong>,</strong></span> <span class='ocrx_word' id='word_1_399' title='bbox 2103 3309 2224 3363; x_wconf 84' lang='lat' dir='ltr'><strong>pag.</strong></span> <span class='ocrx_word' id='word_1_400' title='bbox 2249 3298 2314 3355; x_wconf 69' lang='lat'><strong>42</strong></span> <span class='ocrx_word' id='word_1_401' title='bbox 2336 3328 2351 3355; x_wconf 84' lang='lat'><strong>,</strong></span> <span class='ocrx_word' id='word_1_402' title='bbox 2382 3294 2624 3358; x_wconf 76' lang='lat' dir='ltr'><strong>deprenso</strong></span> 
     </span>
     <span class='ocr_line' id='line_1_70' title="bbox 1594 3368 2625 3443; baseline -0.003 -19"><span class='ocrx_word' id='word_1_403' title='bbox 1594 3370 1863 3437; x_wconf 82' lang='lat' dir='ltr'><strong>emendat,</strong></span> <span class='ocrx_word' id='word_1_404' title='bbox 1907 3383 1961 3423; x_wconf 87' lang='lat' dir='ltr'><strong>et</strong></span> <span class='ocrx_word' id='word_1_405' title='bbox 1998 3372 2321 3443; x_wconf 80' lang='lat' dir='ltr'><strong>deprensum</strong></span> <span class='ocrx_word' id='word_1_406' title='bbox 2364 3368 2471 3421; x_wconf 82' lang='lat' dir='ltr'><strong>dici</strong></span> <span class='ocrx_word' id='word_1_407' title='bbox 2510 3368 2587 3421; x_wconf 86' lang='lat' dir='ltr'><strong>ait</strong></span> <span class='ocrx_word' id='word_1_408' title='bbox 2609 3405 2625 3430; x_wconf 89' lang='lat'><strong>,</strong></span> 
     </span>
     <span class='ocr_line' id='line_1_71' title="bbox 1594 3450 2625 3522; baseline -0.003 -19"><span class='ocrx_word' id='word_1_409' title='bbox 1594 3450 1685 3522; x_wconf 88' lang='lat' dir='ltr'><strong>qui</strong></span> <span class='ocrx_word' id='word_1_410' title='bbox 1713 3450 1786 3505; x_wconf 84' lang='lat' dir='ltr'><strong>ita</strong></span> <span class='ocrx_word' id='word_1_411' title='bbox 1816 3450 2049 3504; x_wconf 77' lang='lat' dir='ltr'><strong>inclusus</strong></span> <span class='ocrx_word' id='word_1_412' title='bbox 2085 3461 2294 3502; x_wconf 84' lang='lat' dir='ltr'><strong>tenetur</strong></span> <span class='ocrx_word' id='word_1_413' title='bbox 2323 3460 2375 3500; x_wconf 88' lang='lat' dir='ltr'><strong>et</strong></span> <span class='ocrx_word' id='word_1_414' title='bbox 2408 3466 2625 3519; x_wconf 71' lang='lat' dir='ltr'><strong>oppres-</strong></span> 
     </span>
     <span class='ocr_line' id='line_1_72' title="bbox 1593 3526 2625 3597; baseline -0.004 -14"><span class='ocrx_word' id='word_1_415' title='bbox 1593 3548 1713 3595; x_wconf 82' lang='lat' dir='ltr'><strong>sus,</strong></span> <span class='ocrx_word' id='word_1_416' title='bbox 1760 3540 1822 3581; x_wconf 89' lang='lat' dir='ltr'><strong>ut</strong></span> <span class='ocrx_word' id='word_1_417' title='bbox 1864 3531 2039 3583; x_wconf 78' lang='lat' dir='ltr'><strong>omnis</strong></span> <span class='ocrx_word' id='word_1_418' title='bbox 2077 3526 2319 3581; x_wconf 88' lang='lat' dir='ltr'><strong>elabendi</strong></span> <span class='ocrx_word' id='word_1_419' title='bbox 2366 3528 2445 3580; x_wconf 79' lang='lat' dir='ltr'><strong>via</strong></span> <span class='ocrx_word' id='word_1_420' title='bbox 2490 3546 2625 3597; x_wconf 75' lang='lat' dir='ltr'><strong>prae-</strong></span> 
     </span>
     <span class='ocr_line' id='line_1_73' title="bbox 1596 3606 2622 3681; baseline -0.006 -18"><span class='ocrx_word' id='word_1_421' title='bbox 1596 3611 1737 3663; x_wconf 83' lang='lat' dir='ltr'><strong>clusa</strong></span> <span class='ocrx_word' id='word_1_422' title='bbox 1768 3608 1834 3661; x_wconf 89' lang='lat' dir='ltr'><strong>sit</strong></span> <span class='ocrx_word' id='word_1_423' title='bbox 1847 3647 1862 3673; x_wconf 85' lang='lat'><strong>,</strong></span> <span class='ocrx_word' id='word_1_424' title='bbox 1892 3608 2145 3681; x_wconf 85' lang='lat' dir='ltr'><strong>additque</strong></span> <span class='ocrx_word' id='word_1_425' title='bbox 2165 3608 2312 3659; x_wconf 80' lang='lat' dir='ltr'><strong>locos</strong></span> <span class='ocrx_word' id='word_1_426' title='bbox 2329 3606 2483 3677; x_wconf 83' lang='lat' dir='ltr'><strong>Virg.</strong></span> <span class='ocrx_word' id='word_1_427' title='bbox 2502 3610 2622 3659; x_wconf 68' lang='grc' dir='ltr'><strong>Ευ-</strong></span> 
     </span>
     <span class='ocr_line' id='line_1_74' title="bbox 1594 3683 2627 3758; baseline -0.002 -18"><span class='ocrx_word' id='word_1_428' title='bbox 1594 3688 1761 3751; x_wconf 85' lang='lat' dir='ltr'><strong>VIII,</strong></span> <span class='ocrx_word' id='word_1_429' title='bbox 1794 3696 1928 3758; x_wconf 71' lang='lat'><strong>2473</strong></span> <span class='ocrx_word' id='word_1_430' title='bbox 1956 3687 2151 3742; x_wconf 77' lang='lat' dir='ltr'><strong>Catuli.</strong></span> <span class='ocrx_word' id='word_1_431' title='bbox 2168 3686 2350 3749; x_wconf 80' lang='lat' dir='ltr'><strong>XXV,</strong></span> <span class='ocrx_word' id='word_1_432' title='bbox 2378 3683 2472 3749; x_wconf 84' lang='lat'><strong>15;</strong></span> <span class='ocrx_word' id='word_1_433' title='bbox 2502 3686 2627 3739; x_wconf 90' lang='lat' dir='ltr'><strong>Pro-</strong></span> 
     </span>
     <span class='ocr_line' id='line_1_75' title="bbox 1594 3764 2629 3840; baseline -0.002 -20"><span class='ocrx_word' id='word_1_434' title='bbox 1594 3780 1728 3840; x_wconf 88' lang='lat' dir='ltr'><strong>pert.</strong></span> <span class='ocrx_word' id='word_1_435' title='bbox 1748 3768 1803 3819; x_wconf 89' lang='lat' dir='ltr'><strong>II</strong></span> <span class='ocrx_word' id='word_1_436' title='bbox 1822 3806 1838 3831; x_wconf 89' lang='lat'><strong>,</strong></span> <span class='ocrx_word' id='word_1_437' title='bbox 1870 3768 1955 3821; x_wconf 79' lang='lat'><strong>25.</strong></span> <span class='ocrx_word' id='word_1_438' title='bbox 1983 3768 2278 3819; x_wconf 86' lang='lat' dir='ltr'><strong>Certiorem</strong></span> <span class='ocrx_word' id='word_1_439' title='bbox 2306 3764 2629 3819; x_wconf 81' lang='lat' dir='ltr'><strong>emendatio-</strong></span> 
     </span>
     <span class='ocr_line' id='line_1_76' title="bbox 1590 3844 2627 3913; baseline -0.001 -14"><span class='ocrx_word' id='word_1_440' title='bbox 1590 3866 1715 3901; x_wconf 89' lang='lat' dir='ltr'><strong>nem</strong></span> <span class='ocrx_word' id='word_1_441' title='bbox 1734 3888 1749 3913; x_wconf 93' lang='lat'><strong>,</strong></span> <span class='ocrx_word' id='word_1_442' title='bbox 1793 3858 1845 3898; x_wconf 86' lang='lat' dir='ltr'><strong>et</strong></span> <span class='ocrx_word' id='word_1_443' title='bbox 1884 3866 1949 3899; x_wconf 86' lang='lat' dir='ltr'><strong>ex</strong></span> <span class='ocrx_word' id='word_1_444' title='bbox 1986 3858 2161 3901; x_wconf 83' lang='lat' dir='ltr'><strong>mente</strong></span> <span class='ocrx_word' id='word_1_445' title='bbox 2190 3844 2423 3898; x_wconf 84' lang='lat' dir='ltr'><strong>auctoris</strong></span> <span class='ocrx_word' id='word_1_446' title='bbox 2447 3862 2627 3898; x_wconf 81' lang='lat' dir='ltr'><strong>neces·</strong></span> 
     </span>
     <span class='ocr_line' id='line_1_77' title="bbox 1589 3923 2625 3998; baseline -0.003 -19"><span class='ocrx_word' id='word_1_447' title='bbox 1589 3927 1783 3979; x_wconf 81' lang='lat' dir='ltr'><strong>sariam</strong></span> <span class='ocrx_word' id='word_1_448' title='bbox 1805 3965 1820 3990; x_wconf 91' lang='lat'><strong>,</strong></span> <span class='ocrx_word' id='word_1_449' title='bbox 1846 3926 2073 3997; x_wconf 86' lang='lat' dir='ltr'><strong>Dorpius</strong></span> <span class='ocrx_word' id='word_1_450' title='bbox 2093 3965 2108 3990; x_wconf 89' lang='lat'><strong>,</strong></span> <span class='ocrx_word' id='word_1_451' title='bbox 2132 3945 2255 3998; x_wconf 84' lang='lat' dir='ltr'><strong>pag.</strong></span> <span class='ocrx_word' id='word_1_452' title='bbox 2279 3926 2373 3977; x_wconf 79' lang='lat'><strong>131</strong></span> <span class='ocrx_word' id='word_1_453' title='bbox 2396 3962 2411 3987; x_wconf 87' lang='lat'>‚</span> <span class='ocrx_word' id='word_1_454' title='bbox 2449 3923 2625 3989; x_wconf 83' lang='lat' dir='ltr'><strong>dedit,</strong></span> 
     </span>
     <span class='ocr_line' id='line_1_78' title="bbox 1590 4002 2623 4073; baseline -0.003 -17"><span class='ocrx_word' id='word_1_455' title='bbox 1590 4006 1797 4073; x_wconf 77' lang='lat' dir='ltr'><strong>Defessa</strong></span> <span class='ocrx_word' id='word_1_456' title='bbox 1829 4008 2105 4065; x_wconf 69' lang='lat' dir='ltr'><strong>auxilinm,</strong></span> <span class='ocrx_word' id='word_1_457' title='bbox 2143 4004 2329 4058; x_wconf 86' lang='lat' dir='ltr'><strong>codice</strong></span> <span class='ocrx_word' id='word_1_458' title='bbox 2376 4002 2623 4056; x_wconf 78' lang='lat' dir='ltr'><strong>Leidensi</strong></span> 
     </span>
     <span class='ocr_line' id='line_1_79' title="bbox 1588 4082 2623 4157; baseline -0.002 -20"><span class='ocrx_word' id='word_1_459' title='bbox 1588 4082 1853 4137; x_wconf 79' lang='lat' dir='ltr'><strong>firmatam</strong></span> <span class='ocrx_word' id='word_1_460' title='bbox 1874 4124 1891 4153; x_wconf 90' lang='lat'><strong>,</strong></span> <span class='ocrx_word' id='word_1_461' title='bbox 1915 4096 2003 4150; x_wconf 86' lang='lat' dir='ltr'><strong>et,</strong></span> <span class='ocrx_word' id='word_1_462' title='bbox 2024 4082 2172 4157; x_wconf 86' lang='lat' dir='ltr'><strong>quod</strong></span> <span class='ocrx_word' id='word_1_463' title='bbox 2189 4082 2332 4137; x_wconf 81' lang='lat' dir='ltr'><strong>addo</strong></span> <span class='ocrx_word' id='word_1_464' title='bbox 2350 4118 2367 4147; x_wconf 88' lang='lat'><strong>,</strong></span> <span class='ocrx_word' id='word_1_465' title='bbox 2396 4094 2623 4155; x_wconf 78' lang='lat' dir='ltr'><strong>quatuor</strong></span> 
     </span>
    </p>
   </div>
  </div>
 </body>
</html>
