2975 4684
1238 350 1550 422 AETNA.

2369 351 2460 424 85

424 476 627 548 Sedes
656 499 795 546 esse
820 475 991 562 Dei,
1022 471 1427 566 tumidisque
1457 497 1496 542 e
1531 470 1836 544 faucibus
1871 473 2092 568 ignem
2417 495 2464 534 ³0

426 586 713 660 Vulcani
748 609 980 672 ruere,
1020 599 1089 654 et
1122 581 1363 656 clausis
1404 607 1714 654 resonare
1751 585 2054 656 cavernis

426 697 827 768 Festinantis
864 720 1073 792 opus3
1106 719 1245 764 non
1282 709 1385 768 est
1421 709 1560 765 tam
1598 692 1866 764 sordida
1905 693 2096 764 Divis

427 813 645 896 Cura,
672 833 891 903 neque
922 821 1253 878 extremas
1283 806 1394 899 jus
1430 819 1533 877 est
1573 805 2026 886 demittet-ein
2065 822 2240 878 artes

428 920 699 1008 Sidera3
726 918 1001 988 seducto
1032 931 1319 1011 regnant
1356 915 1668 988 sublimia
1706 914 1867 988 caelo

424 1028 581 1116 Illa,
602 1054 821 1124 neque
858 1027 1193 1098 artificum
1235 1019 1479 1098 cui-adt
1517 1041 1804 1098 tractare
1841 1026 2154 1098 laborem.
2253 1011 2260 1016 ⁵
2418 1053 2467 1092 ³⁵

383 1151 389 1155 '
522 1141 879 1235 Discrepat
910 1161 950 1208 a
986 1139 1205 1234 prima
1238 1137 1439 1208 facies
1484 1137 1628 1234 haec
1662 1135 1870 1208 altera
1906 1153 2152 1212 vatum.

425 1249 569 1323 Illis
610 1248 943 1346 Cyclopas
977 1241 1360 1322 'memorant
1398 1247 1779 1322 fornacibus
1809 1273 2000 1337 usoS‚

400 1479 491 1532 3ο.
516 1481 661 1530 Sedes
686 1498 788 1532 esso
810 1480 921 1530 Dei.
950 1475 1257 1532 Vulcanum
1278 1476 1357 1528 in·

327 1557 497 1629 telligi
515 1596 535 1624 ,
575 1576 701 1612 mox
740 1556 981 1630 sequitur
998 1593 1017 1620 ,
1061 1575 1223 1628 quem
1268 1554 1359 1609 hic

324 1637 573 1693 habitare
604 1649 659 1692 et
692 1637 970 1691 officinam
996 1635 1193 1690 habero
1219 1633 1361 1688 dice-

326 1718 463 1772 bant
481 1754 499 1778 ,
529 1717 653 1770 licet
688 1717 829 1770 hanc
861 1714 951 1768 alii
986 1733 1111 1768 cum
1135 1713 1363 1786 Virgilio

328 1799 461 1852 AEn.
477 1797 617 1848 VIII
630 1835 647 1862 ,
668 1801 795 1862 416,
806 1796 865 1848 in
877 1793 1145 1850 Vulcania
1157 1793 1330 1849 imula
1342 1831 1359 1859 ,

326 1877 470 1932 inter
508 1876 739 1932 Siciliam
774 1889 827 1932 et
860 1875 1111 1948 Liparam
1129 1911 1145 1940 ,
1191 1873 1356 1928 collo-

327 1968 473 2010 cent.
495 1959 713 2010 AEtnam
729 1955 977 2008 Vulcano
998 1971 1203 2008 sacram
1228 1953 1359 2006 dicit

328 2035 543 2092 solinus
558 2071 575 2100 ,
594 2053 715 2107 cap.
750 2034 856 2099 xl,
878 2031 1099 2088 domum
1126 2032 1357 2087 Vulcani

328 2115 581 2180 Gratius,
622 2133 673 2167 v.
719 2115 857 2179 4333
892 2125 943 2166 et
982 2119 1114 2166 Deus
1135 2117 1357 2166 AEmaeus

326 2195 605 2250 Vulcanus
638 2204 859 2248 vocatur
899 2212 933 2248 a
959 2193 1085 2246 val.
1132 2192 1324 2246 Flacco
1340 2227 1356 2256 ,

328 2277 417 2342 11,
440 2283 564 2342 4²0·

404 2357 495 2410 31.
540 2360 784 2406 Bes-onam
840 2355 1077 2404 cavernis.
1123 2349 1360 2424 Explicat

330 2435 527 2506 Virgil.
545 2437 667 2486 AEn.
684 2432 851 2497 vlu,
872 2436 976 2494 420
994 2450 1007 2484 ε
1027 2457 1052 2476 α
1067 2432 1231 2486 Antra
1252 2432 1362 2482 AEt·

332 2533 451 2568 nau
486 2526 711 2576 sonant,
759 2509 1025 2582 validique
1076 2509 1365 2563 incudibus

330 2595 472 2648 ictus
522 2591 705 2644 Auditi
770 2591 1010 2654 referunt
1068 2588 1325 2660 gemitum
1345 2626 1361 2655 ,

330 2671 671 2742 striduntque
692 2668 931 2725 cavernis
948 2693 991 2721 n.

406 2750 495 2804 32.
524 2751 817 2804 festinantis
844 2768 995 2818 opus,
1025 2747 1215 2804 fabrile
1242 2765 1319 2802 sc.
1340 2787 1357 2814 ,

332 2831 563 2887 fulmina
589 2831 737 2898 Jovi,
760 2848 907 2884 arma
930 2829 1180 2882 heroibus
1200 2826 1363 2882 fabri·

331 2930 459 2968 care
484 2910 861 2984 .properantis.
922 2908 1009 2962 Sic
1062 2907 1363 2960 Vulcanum

332 2989 575 3048 σπεύδειν
602 2990 732 3044 dicit
762 2989 1025 3042 Homerus
1051 2987 1116 3042 ll.
1144 2985 1329 3038 XVIII
1348 3025 1364 3052 ,

336 3077 480 3143 472,
522 3081 575 3122 et
612 3067 758 3142 apud
790 3066 983 3140 virgil.
1031 3069 1153 3119 AEn.
1194 3064 1369 3128 vlu,

335 3152 475 3222 439,
500 3150 615 3222 ipse
633 3148 905 3202 Vulcanus
928 3145 1181 3200 festinans
1213 3144 1375 3198 «Tol-

332 3223 428 3284 lite
460 3241 645 3282 cuncta
664 3265 679 3291 ‚
714 3225 909 3298 inquit.
926 3263 939 3277 .
958 3244 1123 3278 amne
1166 3223 1364 3278 viribus

337 3329 491 3373 usus,
512 3311 669 3364 Nunc
681 3307 923 3360 manibus
935 3304 1134 3378 rapidis
1144 3343 1159 3358 .
1174 3346 1187 3358 .
1204 3344 1217 3357 .
1226 3306 1363 3359 1³1-ae-

331 3389 549 3463 cipitate
585 3405 766 3442 moras
793 3411 835 3440 ι.
875 3416 949 3426 -
992 3391 1116 3438 Tam
1160 3389 1365 3440 sordida

336 3475 473 3526 Divis
490 3489 629 3530 cura,
647 3467 983 3541 opificiorum
1004 3484 1195 3538 nempe
1208 3503 1225 3528 ‚
1245 3483 1366 3538 quae

332 3549 557 3606 sordida
588 3548 875 3602 habentur.
910 3547 1023 3600 Cic.
1058 3545 1127 3598 de
1164 3545 1280 3599 Off.
1302 3547 1363 3608 1,

337 3640 407 3698 42
428 3649 442 3684 τ
469 3655 493 3678 ι
514 3627 730 3702 opifices
744 3644 929 3681 omnes
944 3627 1000 3680 in
1018 3615 1235 3680 sordida
1254 3635 1369 3679 ane

336 3721 621 3766 versantur
636 3734 683 3761 υ.
710 3709 948 3761 Lactant.
975 3708 1109 3760 lust.
1145 3706 1265 3758 Div.
1297 3706 1326 3757 1
1348 3743 1363 3768 ,

343 3791 411 3844 18
430 3830 447 3856 ,
470 3791 535 3855 23
554 3807 568 3841 ε
588 3815 614 3835 α
636 3788 883 3840 Minerva
906 3797 983 3838 est
1003 3823 1019 3849 ,
1044 3803 1163 3856 qun
1180 3803 1367 3838 omnes

338 3882 482 3924 artes
514 3866 738 3940 reperit;
778 3865 1005 3938 ideoque
1042 3865 1121 3917 illi
1153 3863 1371 3936 opifices

336 3947 664 4022 supplicant.
708 3945 851 4016 Ergo
890 3946 958 3997 ab
994 3945 1077 3996 his
1126 3942 1373 3997 sordibus

336 4027 585 4084 Minerva
604 4023 841 4080 ascendit
865 4024 919 4078 in
948 4025 1132 4078 celum
1152 4049 1194 4076 a.

416 4109 509 4163 33.
538 4111 804 4158 Extremas
829 4109 878 4156 in
901 4119 1031 4160 artes
1050 4143 1067 4166 ,
1101 4102 1171 4160 ad
1192 4102 1377 4164 vilissi-

1446 1492 1536 1530 ma
1557 1473 1797 1546 opificia,
1823 1493 1942 1548 quae
1967 1475 2040 1528 ab
2064 1474 2370 1530 hominibus
2393 1479 2476 1530 ul·
2543 1515 2553 1525 -

1446 1556 1564 1610 timi
1591 1557 1700 1612 loci
1728 1569 2053 1612 exercentur.
2079 1589 2150 1598 —
2177 1562 2440 1612 Demitur-e
2453 1600 2472 1622 ,

1446 1636 1600 1707 quasi
1637 1636 1708 1692 de
1742 1635 1974 1690 culmine
2006 1649 2070 1696 et.
2101 1637 2314 1710 fastigio
2346 1657 2443 1692 suo
2453 1659 2472 1712 Ξ

1446 1719 1692 1770 dimittere
1715 1716 1918 1770 Helms.
1935 1747 2006 1758 --
2019 1715 2328 1770 Notandum
2349 1737 2478 1772 usus

1448 1811 1536 1860 τοῦ
1548 1802 1636 1868 jus
1660 1812 1737 1849 ese
1749 1815 1850 1869 pro
1865 1799 1960 1866 fas
1985 1811 2084 1858 est,
2115 1816 2226 1850 non
2256 1795 2476 1870 quidem

1441 1901 1542 1958 per
1576 1879 1778 1949 legem,
1817 1874 2046 1947 sed-per
2087 1888 2284 1930 rectam
2321 1877 2478 1930 ratio-

1424 2003 1431 2009 .
1442 1979 1570 2016 nem
1593 1975 1710 2030 qum
1730 1955 1928 2010 fabulis
1945 1953 2274 2009 adversatur.
2299 1955 2402 2011 En.

1515 2041 1600 2105 34.
1617 2039 1792 2090 Sidera
1815 2045 1968 2088 vocat
1995 2034 2160 2098 Deos,
2211 2045 2271 2087 ut
2300 2033 2471 2102 infra,

1443 2142 1498 2174 v.
1523 2123 1592 2184 44
1616 2129 1670 2172 et
1696 2116 1798 2178 513
1828 2124 1880 2166 ct
1905 2113 2160 2184 Calpurn.
2190 2114 2275 2178 X,
2297 2135 2380 2168 αι.
2403 2145 2474 2157 -

1444 2201 1678 2258 Seduceo,
1701 2195 1736 2248 i.
1757 2213 1804 2248 e.
1827 2203 2031 2248 semoto
2049 2204 2102 2246 et
2113 2194 2217 2246 alte
2235 2193 2476 2249 sublato:

1446 2277 1524 2334 sic
1553 2288 1698 2332 recte
1726 2272 1849 2328 cod.
1890 2272 2113 2326 Helmst.
2151 2271 2236 2327 ed.
2273 2272 2395 2328 Ald.
2427 2286 2482 2328 et

1446 2355 1622 2428 Lugd.
1655 2355 1742 2410 Sic
1769 2364 1823 2408 et
1861 2351 2005 2424 apud
2031 2351 2191 2406 ovid.
2226 2354 2352 2407 Met.
2375 2349 2488 2419 1v,'

1450 2441 1554 2492 622
1581 2473 1599 2500 ,
1613 2435 1836 2488 Perseus
1857 2451 1952 2504 per
1968 2451 2094 2486 aera
2108 2431 2296 2487 volans
2313 2453 2380 2485 ea·
2402 2439 2482 2486 al-

1452 2534 1504 2570 εο
1539 2519 1766 2570 seductas
1805 2516 1984 2568 «ethere
2033 2516 2180 2581 longe
2219 2519 2484 2581 Despectae

1452 2613 1632 2650 cerras.
1661 2625 1734 2634 -
1758 2591 2004 2646 Similiter
2043 2609 2076 2644 a
2101 2592 2352 2646 Lucretio
2371 2629 2387 2656 ,
2415 2593 2444 2646 I
2463 2635 2478 2660 ,

1446 2675 1764 2730 describitur
1785 2684 1978 2726 natura
2001 2673 2204 2724 Deum:
2227 2697 2252 2717 κ
2269 2671 2482 2726 semota

1448 2775 1479 2810 a
1497 2755 1688 2812 nostris
1714 2754 1871 2806 rebus
1898 2754 2244 2823 sejunctaque
2261 2751 2419 2823 longe
2437 2777 2482 2804 a.

1450 2835 1552 2888 En.
1599 2865 1672 2874 —
1719 2833 2006 2904 Perperam
2047 2829 2327 2898 Ascensius
2377 2831 2487 2884 huc

1449 2913 1614 2966 trahit
1645 2929 1860 2965 versum
1899 2909 2064 2964 Persii
2098 2911 2152 2962 11
2172 2950 2188 2976 ,
2212 2917 2274 2972 4;
2306 2935 2328 2956 ι
2353 2911 2488 2975 Qun

1453 2993 1560 3047 nisi
1605 2990 1836 3044 seductis
1883 3007 2120 3060 nequeas
2159 2988 2487 3042 committere

1456 3071 1606 3124 Divis
1625 3097 1672 3124 a.
1693 3069 1835 3123 Male
1854 3067 1986 3140 flag.
2005 3066 2166 3120 Basil.
2185 3067 2329 3120 Pith.
2349 3067 2485 3121 Scal.

1460 3149 1548 3204 ed.
1589 3152 1858 3210 subducto,
1890 3143 2038 3218 quod
2075 3157 2153 3200 est
2183 3145 2402 3218 dempto
2438 3158 2488 3199 et

1460 3232 1652 3284 ablato.

1527 3311 1610 3364 36.
1631 3309 1892 3374 Discrepae
1907 3307 2131 3374 ...facies
2170 3307 2278 3356 Ιιιεο
2323 3309 2486 3358 altera

1455 3405 1566 3442 vat.
1580 3387 1870 3442 Minimum
1884 3385 2188 3457 discrepare
2201 3385 2314 3440 haec
2329 3387 2488 3440 altera

1452 3468 1654 3541 species
1701 3477 1882 3520 vatum
1927 3485 1958 3518 a
2013 3465 2186 3536 prima
2237 3464 2446 3518 videtur
2468 3505 2484 3530 ,

1454 3567 1621 3620 quum
1641 3584 1658 3608 ‚
1684 3545 1776 3618 qui
1813 3547 2026 3598 AEtnam
2053 3543 2284 3597 Vulcani
2314 3544 2490 3596 offici—

1454 3647 1582 3681 nam
1601 3625 1832 3691 l'aciunt,
1853 3624 1932 3676 illi
1953 3636 2009 3677 et
2030 3623 2275 3678 Vulcano
2297 3624 2490 3695 Cyclo-

1454 3726 1552 3780 pas
1603 3705 1871 3758 ministros
1907 3702 2224 3776 plerumque
2261 3701 2493 3765 addant,

1456 3787 1640 3844 Ausim
1667 3785 1827 3857 igitur
1861 3784 2034 3853 legere
2044 3783 2209 3849 facies
2245 3785 2386 3832 haud
2406 3787 2483 3835 al-

1460 3883 1585 3918 tera.
1609 3867 1809 3918 Omnes
1829 3875 2006 3916 tamen
2027 3859 2146 3912 libri
2167 3863 2292 3912 hece.

1535 3947 1621 4016 37.
1643 3948 1752 3998 Illis
1785 3943 1984 3996 habent
2022 3958 2226 3992 omnes.
2262 3939 2496 4011 Scaliger

1464 4037 1640 4078 tamen
1669 4023 1778 4078 vult
1813 4025 1924 4083 1111,
1957 4021 1990 4072 i.
2017 4039 2065 4073 e.
2097 4019 2258 4074 altera
2301 4021 2500 4093 species

1468 4115 1669 4166 vatum.
