2975 4684
1097 372 1428 443 TROJAE
1494 369 1885 439 HALosl.
2405 366 2541 461 507

424 504 554 567 Jos.
583 502 891 591 Scaliger,
925 504 1092 568 inter
1119 506 1474 593 fragmenta
1496 518 1837 589 poetarum
1866 500 2263 587 Stephanus,
2292 520 2356 585 p.
2382 496 2509 575 405
2528 546 2545 577 ,
2632 552 2642 561 .

425 622 492 671 et
521 622 856 696 poetarum
899 608 1249 671 latinorum
1284 608 1660 671 collectores
1706 606 1875 669 inter
1926 619 2222 690 excerpta
2259 603 2549 667 Petronii

425 712 706 775 carmina
727 728 794 776 et
817 712 1172 801 fragmenta
1193 728 1559 801 posuerunt
1574 758 1593 791 ,
1616 726 1693 774 ut
1708 709 1910 775 Mich.
1925 708 2285 797 Maittarius
2302 756 2321 789 ,
2348 709 2543 795 Oper.

423 834 491 882 et
523 818 685 907 frag.
723 816 866 881 Vet.
903 819 1083 882 Poet.
1116 818 1243 882 vol.
1282 818 1346 881 ΙΙ
1368 865 1386 898 ,
1423 839 1487 904 p.
1535 813 1728 897 1568,
1770 830 1835 879 et
1868 813 2281 878 Collectionis
2314 812 2545 880 Pisana

425 925 629 989 rensis
681 922 925 1005 editor,
984 924 1305 988 Paschalis
1339 927 1610 986 Amatus
1629 970 1647 1003 ,
1686 936 1867 984 tomo
1899 920 2013 1001 IV,
2048 943 2111 1007 p.
2160 920 2263 1007 87.
2310 918 2549 981 Praeter

428 1044 624 1093 notos
657 1028 948 1091 Petronii
983 1028 1363 1115 interpretes
1383 1046 1677 1090 seorsum
1700 1025 1908 1105 Trojae
1939 1024 2203 1087 Halosin
2233 1022 2547 1111 perstrin-

428 1134 518 1197 xit
558 1133 686 1198 Jac.
721 1133 970 1197 Tollius
1001 1133 1070 1196 in
1095 1132 1442 1213 Fortuitis,
1479 1154 1617 1219 cap.
1664 1129 1738 1213 3,
1775 1152 1837 1216 p.
1880 1128 1957 1193 18
1990 1152 2168 1217 seqq.
2214 1144 2279 1191 et
2311 1126 2547 1191 deinde

427 1239 496 1301 in
520 1235 1173 1302 Animadversionum
1199 1236 1563 1301 criticamm
1588 1234 1670 1299 ad
1688 1234 2059 1321 Longinum
2079 1234 2555 1299 Gustus-acces-

427 1341 641 1423 sione,
705 1341 822 1405 ubi
867 1341 994 1405 hoc
1043 1362 1278 1429 poema
1316 1339 1402 1403 ad
1449 1338 1826 1403 acerrimam
1868 1360 2207 1401 censuram
2236 1352 2453 1417 vocat,
2483 1352 2548 1399 et

427 1470 580 1510 cum
602 1446 872 1535 Virgilio
929 1468 1343 1533 comparans,
1398 1445 1599 1507 multa
1648 1444 1715 1505 in
1774 1464 1853 1505 eo
1894 1442 2143 1507 tumida
2176 1458 2241 1505 et
2274 1440 2437 1505 dura
2482 1458 2549 1504 et

427 1552 643 1639 inepta
673 1574 810 1615 esse
846 1550 1148 1615 ostendit.
1183 1549 1310 1615 Sed
1345 1552 1413 1614 in
1459 1550 1783 1637 plerisque
1834 1570 2115 1637 praeceps
2137 1546 2330 1611 Tollii
2370 1545 2547 1627 judi-

427 1658 600 1720 cium
629 1679 766 1721 esse
789 1658 1086 1723 observat
1117 1660 1529 1721 Burmannus
1556 1657 1623 1720 in
1658 1659 1861 1739 notis,
1898 1656 2013 1743 qui
2045 1653 2126 1717 de
2152 1670 2385 1717 caetero
2413 1674 2547 1715 non

427 1762 676 1849 optimo
697 1764 914 1827 colore
941 1784 1198 1827 carmen
1218 1786 1354 1827 esse
1371 1764 1640 1843 fatetur3
1662 1761 1777 1825 sed
1804 1762 1871 1825 in
1890 1760 2269 1826 Petronium
2295 1758 2549 1846 culpam

429 1866 565 1945 ejus
601 1866 1062 1932 conferendam
1095 1890 1234 1932 esse
1273 1884 1493 1957 negat,
1529 1868 1642 1955 qui
1676 1866 1757 1930 de
1792 1866 2105 1931 industria
2148 1866 2548 1952 Eumolpum

427 1972 754 2060 aliquanto
781 1970 1064 2036 inflatius
1093 1994 1372 2054 carmen,
1396 1994 1517 2035 nec
1544 1971 1860 2037 sanissimi
1886 1971 2142 2051 coloris,
2160 1986 2549 2058 pangentem

427 2078 782 2161 induxerit,
819 2094 885 2142 et
914 2080 1051 2165 ipse
1098 2079 1282 2141 initio
1325 2079 1595 2167 Satyrici
1626 2080 1728 2142 sui
1760 2068 2149 2159 ostenderit,
2187 2098 2255 2140 se
2284 2091 2549 2141 natura-

428 2185 552 2247 lem
585 2184 892 2247 0rationis
927 2199 994 2247 et
1012 2184 1310 2247 carminis
1339 2184 1895 2271 pulchritudinem
1924 2199 2098 2246 recte
2126 2203 2337 2245 nosse.
2363 2180 2551 2244 Simi-

428 2289 572 2353 liter
613 2288 691 2353 G.
737 2290 812 2353 E.
849 2289 1216 2378 Lessingius
1261 2289 1328 2351 in
1363 2289 1579 2353 libello
1616 2311 1812 2377 quem
1847 2288 2173 2376 inscripsit
2212 2286 2549 2365 Laocoon,

428 2395 560 2459 sive
595 2393 680 2459 de
709 2392 949 2459 finibus
981 2396 1133 2458 artis
1167 2394 1454 2481 pictoriae
1487 2412 1553 2458 et
1590 2396 1887 2483 poeticae,
1922 2416 2054 2485 cap.
2098 2394 2133 2457 5
2152 2442 2169 2475 ,
2207 2415 2272 2482 p.
2306 2391 2387 2469 54
2416 2412 2547 2478 seq.

430 2520 582 2562 eum
615 2500 834 2563 locum
862 2500 1056 2580 hujus
1091 2500 1434 2587 poematiS,
1470 2524 1605 2589 quo
1634 2499 2018 2565 Laocoontis
2050 2515 2114 2564 et
2139 2496 2418 2563 filiorum
2455 2518 2553 2560 ca-

427 2602 680 2667 lamitas
723 2605 1037 2693 pingitur,
1092 2627 1242 2668 cum
1258 2604 1607 2693 virgiliana
1653 2604 2089 2693 descriptione
2140 2602 2549 2691 comparavit.

427 2707 796 2773 Nonnullos
825 2708 960 2790 ejus
985 2731 1207 2774 versus
1235 2710 1505 2774 tentavit
1524 2712 1577 2775 J.
1606 2712 1660 2774 J.
1696 2707 1993 2773 Reiskius
2023 2709 2092 2772 in
2108 2706 2551 2773 Animadvers.

429 2812 511 2877 ad
547 2813 812 2877 Petron.
852 2838 996 2902 quae
1041 2814 1110 2877 in
1155 2816 1422 2879 Miscell.
1459 2816 1631 2903 Lips.
1668 2815 1885 2896 novis,
1919 2815 2041 2878 vol.
2062 2814 2185 2893 VI,
2223 2814 2551 2903 leguntur.

426 2917 561 2982 Nos
593 2940 820 2981 eorum
851 2919 1138 2983 virorum
1183 2920 1743 2985 observationibus
1776 2936 1841 2985 et
1871 2918 2160 2985 censuris
2196 2934 2460 2983 utemur
2480 2916 2548 2979 in

427 3039 715 3105 tantum,
748 3034 1068 3111 quantum
1101 3025 1184 3089 ad
1212 3025 1711 3091 illustrationem
1742 3026 2057 3113 poematis
2088 3024 2237 3089 satis
2272 3022 2427 3103 erit,
2468 3021 2550 3085 de

429 3129 534 3210 iis,
553 3153 698 3217 quae
721 3129 804 3194 ad
821 3147 1026 3195 artem
1045 3180 1063 3213 ,
1100 3133 1433 3220 ingenium
1453 3181 1471 3214 ,
1492 3125 1935 3197 inventionem
1964 3147 2171 3219 poetae
2192 3130 2549 3218 pertinent,

425 3234 644 3299 minus
688 3236 969 3319 solliciti,
1029 3238 1142 3324 qui
1185 3258 1321 3303 non
1370 3236 1627 3302 artificis
1664 3236 2028 3302 instruendi
2066 3237 2355 3301 laborem
2379 3283 2396 3317 ,
2439 3234 2553 3298 sed
2648 3228 2655 3235 ’

425 3339 619 3402 verba
653 3356 858 3427 poetae
889 3340 1354 3429 interpretandi
1390 3344 1810 3431 suscepimus.
1848 3341 1926 3409 In
1955 3358 2133 3409 texto
2158 3339 2557 3407 recensendo

425 3446 870 3511 Burmannum
902 3468 1275 3533 sequemur.
