2975 4684
517 419 651 490 262

1239 419 1578 490 SALEII
1649 417 1920 487 BASSI

610 541 1036 611 Carminibus
1072 553 1327 609 certare
1365 543 1558 628 meis3
1589 538 1938 610 sublimior
1979 537 2127 623 ibo,

608 651 681 721 Si
720 649 912 720 famae
948 649 1116 718 mihi
1148 651 1387 745 pandis
1426 654 1575 736 iter,
1613 652 1666 719 si
1697 647 1989 719 detrahis
2021 647 2350 717 umbram.

607 759 854 830 Abdita
899 760 1060 856 quid
1103 762 1373 856 prodest
1410 755 1713 857 generosi
1759 785 1916 832 vena
1963 757 2259 845 metalli,

608 871 678 940 Si
722 871 981 941 cultore
1018 871 1243 942 earet?
1282 872 1443 966 quid
1493 873 1694 942 inerti
1742 870 2008 941 condita
2055 883 2290 964 portu,

605 983 675 1051 Si
714 981 1011 1052 ductoris
1052 997 1237 1077 eget,
1276 983 1437 1054 ratis
1472 983 1720 1068 efficit,
1755 982 1984 1052 omnia
2015 981 2317 1074 quamvis
2569 1003 2648 1041 21⁵

608 1096 1033 1162 Armamenta
1069 1093 1279 1181 ferat,
1320 1095 1647 1189 teretique
1689 1093 1968 1163 fluentia
2005 1090 2183 1160 malo

602 1206 853 1290 Possit,
896 1222 962 1276 et
1008 1231 1289 1276 excusso
1337 1207 1676 1277 dimittere
1720 1203 1861 1274 vela
1908 1203 2238 1273 rudente?

506 1483 531 1502 ιι
548 1455 703 1508 Nulla
737 1457 870 1509 mihi
905 1467 1133 1510 statuent
1155 1457 1319 1511 finem
1352 1467 1403 1511 te
1426 1458 1533 1512 fata

510 1533 741 1588 canendi
762 1561 804 1585 ι.

583 1634 641 1668 21
656 1633 676 1667 t
690 1655 702 1667 .
725 1618 987 1668 Sublimior
1001 1618 1079 1666 ibo
1094 1655 1109 1676 ,
1141 1616 1307 1685 magis
1324 1616 1535 1686 conspi-

506 1713 639 1747 cuus
669 1709 722 1747 et
752 1693 972 1748 illustris
1005 1715 1127 1758 ero,
1206 1695 1321 1748 uasi
1365 1693 1536 1767 capite

506 1775 741 1828 eminens
753 1775 891 1828 inter
904 1786 1138 1828 caeteros.
1206 1787 1341 1828 orat.
1361 1773 1536 1828 Carm.

508 1855 564 1918 I,
606 1872 629 1907 ῐ
668 1865 795 1908 extr.
833 1854 1099 1909 «Sublimi
1140 1853 1329 1908 feriam
1365 1851 1533 1915 sidera

506 1933 702 1986 vertice
714 1959 757 1986 -.
1262 2001 1271 2008 .

584 2035 609 2066 α
622 2033 700 2067 12.
714 2017 787 2066 ‘Si
804 2017 971 2084 famae
1005 2017 1127 2066 mihi
1146 2013 1331 2084 paridis
1365 2016 1467 2088 iter,¹
1495 2017 1541 2066 si

509 2097 723 2145 detrahis
743 2099 983 2148 umbram.
1002 2093 1089 2146 Sic
1110 2088 1266 2166 plane
1280 2094 1534 2165 Calpurn.

508 2174 643 2224 VIII
666 2211 681 2236 ,
718 2171 785 2236 84
815 2194 828 2226 :
870 2201 895 2219 u
918 2173 1151 2228 Praesens
1169 2164 1262 2225 {ibi
1284 2175 1421 2226 sama
1442 2171 1536 2224 be-

508 2253 724 2324 nignum
749 2253 943 2306 Stravit
967 2251 1089 2317 iter,
1128 2271 1379 2324 rumpens
1402 2252 1536 2304 livo-

508 2331 581 2384 ris
609 2331 785 2383 nubila
816 2332 969 2403 plena
988 2359 1030 2386 n.
1054 2325 1398 2384 ¹—-¹Decralu's
1430 2353 1533 2382 um-

504 2417 667 2472 bram,
691 2411 723 2464 ἰ.
743 2431 793 2464 e.
814 2414 1093 2474 obscuram
1112 2410 1497 2484 ignobilitatem
1517 2449 1532 2474 ‚

507 2509 625 2561 quae
644 2501 696 2542 et
713 2491 1049 2543 tenebrarum
1070 2502 1121 2542 et
1138 2489 1306 2544 noctis
1321 2490 1535 2542 nomine

509 2570 671 2622 venit.
715 2568 987 2634 Horatius,
1008 2569 1185 2622 Carm.
1208 2569 1309 2636 lv,
1338 2589 1370 2638 9
1387 2607 1401 2632 ,
1434 2571 1527 2621 26:

509 2677 531 2694 «ι
550 2667 737 2701 omnes
788 2647 1190 2720 illacrymabiles
1245 2657 1530 2720 urgentur,

510 2727 777 2800 ignotique
803 2725 963 2798 longa
985 2728 1152 2781 Nocte
1171 2766 1188 2791 ,
1210 2741 1391 2782 carent
1407 2727 1534 2801 quia

508 2819 628 2860 vate
650 2825 855 2859 sacro».
887 2805 1049 2858 Ovid.
1072 2807 1231 2862 Trist.
1253 2809 1277 2858 1
1295 2847 1310 2871 ‚
1334 2807 1367 2860 8
1386 2844 1401 2868 ‚
1428 2807 1493 2860 55
1517 2825 1530 2859 ε

512 2915 533 2932 ι-
556 2889 623 2939 At
671 2899 911 2942 nostrum
949 2885 1179 2940 tenebris
1218 2887 1419 2939 utinam
1462 2887 1535 2940 la-

510 2967 689 3019 tuisset
716 2967 772 3017 in
798 2960 947 3030 imis,
970 2965 1213 3038 Expediit
1246 2963 1418 3017 studio
1450 2965 1533 3018 lu·

512 3067 632 3098 men
669 3047 848 3099 abesse
886 3065 1064 3099 meon.
1102 3045 1241 3098 Hinc
1277 3057 1329 3098 et
1366 3049 1539 3096 doctor

509 3129 756 3176 umbratus
776 3123 921 3195 apud
953 3124 1259 3176 Petronium
1280 3161 1297 3187 ‚
1325 3142 1439 3196 cap.
1470 3142 1498 3175 2
1519 3164 1534 3189 ,

509 3203 601 3276 qui
623 3205 849 3256 obscure
868 3203 1002 3278 yivit
1020 3203 1073 3254 in
1103 3203 1285 3258 schola
1306 3245 1323 3270 ‚
1359 3204 1536 3257 forum

512 3295 563 3336 et
605 3281 965 3336 celebritatem
1010 3301 1121 3335 non
1163 3294 1442 3356 expes-tun
1488 3294 1541 3335 et

510 3366 751 3414 rhetorica
787 3362 957 3412 umbra
990 3362 1301 3417 scholastica
1320 3403 1336 3427 ‚
1359 3379 1540 3435 expers

507 3445 661 3498 samoe
688 3453 739 3494 et
766 3441 1087 3496 celebritatis
1110 3442 1251 3516 apud
1279 3441 1531 3502 Juvenal.

510 3521 651 3588 vn,
690 3521 806 3592 ¹73·
844 3521 1069 3584 Noster,
1105 3522 1271 3585 infra,
1316 3543 1369 3576 v.
1399 3529 1539 3588 244:

514 3631 537 3652 «ι
567 3603 845 3655 Possumus
874 3601 1127 3674 impositis
1159 3610 1318 3676 caput
1341 3621 1534 3655 exone·

511 3702 629 3736 rare
652 3677 881 3734 tenebris
905 3706 949 3734 n.

582 3781 610 3814 α
621 3780 641 3812 1
652 3758 703 3815 3.
719 3763 904 3813 Abdita
924 3763 1047 3828 quid
1052 3765 1269 3829 prodest.
1282 3759 1366 3814 sic
1383 3787 1404 3808 ι
1422 3781 1536 3814 ava-

513 3842 587 3894 ris
633 3839 808 3894 abdita
857 3841 1008 3894 terris
1052 3839 1243 3894 lamina
1278 3865 1303 3886 n
1350 3839 1534 3894 Horat.

512 3921 688 3973 Carum
708 3921 764 3971 11
785 3959 800 3985 ,
832 3940 859 3973 2
877 3958 894 3983 ‚
924 3941 969 3972 2.

586 4020 613 4051 a
626 4008 703 4065 14.
725 4003 777 4052 Si
800 4003 983 4052 cultore
1010 4013 1149 4050 caree
1163 4037 1179 4058 ‚
1211 3997 1247 4050 i.
1268 4018 1317 4052 e.
1338 4000 1538 4054 fossore

516 4079 806 4133 metallario
825 4117 843 4142 ‚
888 4079 970 4131 vel
1000 4084 1289 4132 scrutatore
1306 4115 1323 4142 ,
1362 4088 1422 4130 ut
1440 4097 1534 4131 vo·

509 4170 595 4210 cat
608 4157 881 4222 Lucanus,
900 4157 1004 4220 Iv,
1030 4160 1149 4227 298.
1172 4161 1340 4228 Campi
1354 4161 1538 4211 cultore

1623 1471 1846 1509 carentes
1872 1455 2014 1528 apud
2038 1453 2202 1509 ovid.
2222 1454 2378 1507 Pont.
2403 1453 2461 1518 1,
2483 1457 2538 1522 3,
2565 1455 2654 1508 55.

1620 1539 1830 1604 -Qaeid
1845 1539 1988 1588 inerti
2003 1549 2174 1604 portu,
2193 1532 2518 1605 navigationi
2537 1553 2656 1588 nou

1625 1627 1749 1686 apto
1769 1653 1786 1678 ‚
1824 1616 1880 1668 iu
1897 1633 2006 1686 quo
2024 1633 2054 1668 a
2079 1612 2420 1685 navigatione
2438 1631 2654 1666 cessan-

1621 1693 1771 1748 dum.
1797 1694 1885 1748 Sic
1919 1713 2124 1762 aequora
2163 1695 2343 1744 ther-tia
2373 1691 2518 1763 apud
2546 1693 2654 1744 Lu-

1625 1791 1745 1826 can.
1767 1775 1849 1825 vl
1872 1814 1888 1840 ,
1934 1791 2057 1844 ²⁰72
2105 1791 2223 1846 quae
2255 1771 2654 1842 navigationem

1619 1852 1931 1924 impediunt.
1955 1883 2026 1892 —-
2046 1855 2252 1904 condita
2273 1866 2450 1920 parm,
2480 1852 2657 1905 otiose

1621 1931 1790 1985 latens
1805 1972 1820 1998 ,
1861 1943 1918 1984 ut
1951 1927 2140 1985 Horat.
2179 1929 2348 2005 Epist.
2389 1931 2416 1984 Ι
2431 1972 2446 1998 ,
2486 1949 2538 1996 1,
2574 1931 2608 1985 5
2635 1949 2653 1983 ε

1627 2037 1650 2061 ι
1677 2012 1802 2066 latet
1821 2011 2034 2065 abditus
2053 2012 2413 2084 agro-.Virg.
2441 2011 2655 2065 AEneid.

1619 2091 1694 2158 V,
1725 2091 1826 2154 243
1841 2129 1858 2156 ‚
1877 2089 1946 2144 de
1962 2091 2084 2145 navi
2104 2111 2118 2144 :
2157 2120 2182 2138 «-
2201 2103 2356 2164 portu
2379 2111 2438 2144 se
2461 2090 2654 2145 condi-

1620 2170 1698 2224 dit
1721 2173 1828 2224 alto
1857 2195 1903 2224 ².

1693 2253 1809 2304 216.
1831 2255 2155 2302 Armamenea
2179 2251 2340 2320 [ει-αι.
2373 2249 2478 2303 Alii
2501 2268 2516 2302 ε
2553 2255 2656 2302 Ar-

1619 2345 1869 2382 mamenta
1887 2343 2050 2400 geme.
2070 2329 2129 2382 C.
2146 2340 2199 2382 et
2216 2326 2286 2383 ita
2308 2331 2431 2384 Mic.
2452 2331 2654 2384 Bersm.

1619 2407 1804 2462 Colon.
1825 2440 1893 2448 —
1913 2415 2236 2461 Armamenta
2256 2410 2429 2479 ferat,
2468 2411 2654 2463 omnia

1619 2485 1960 2542 instrumenta
1989 2487 2198 2541 nautica
2218 2527 2235 2550 ,
2255 2507 2372 2560 quae
2402 2502 2454 2542 et
2487 2511 2656 2542 anna.

1619 2568 1767 2640 Virg.
1787 2570 1909 2620 AEn.
1932 2569 2005 2634 V,
2031 2569 2090 2620 15
2117 2585 2130 2619 τ
2169 2594 2194 2614 α
2221 2569 2481 2642 Colligere
2501 2589 2651 2622 arma

1613 2645 1784 2720 jubet,
1807 2643 2097 2718 validisque
2114 2647 2424 2700 incumbere
2437 2650 2594 2701 remis
2611 2677 2654 2700 u.

1617 2725 1816 2779 Statius
1837 2768 1852 2792 ‚
1878 2727 1932 2779 in
1951 2728 2129 2782 Theb.
2159 2727 2239 2780 VI
2256 2770 2270 2794 ,
2295 2747 2354 2781 αι
2383 2749 2394 2782 ;
2431 2755 2452 2775 ι
2472 2729 2652 2782 Tran-

1618 2806 1782 2878 quillo
1803 2805 1950 2880 prius
1971 2825 2114 2860 arma
2141 2809 2260 2862 lacu
2282 2825 2298 2871 ς
2337 2810 2656 2880 clavumque

1617 2885 1862 2957 levesque
1877 2885 2173 2958 Explorant
2191 2894 2363 2942 remos
2383 2915 2424 2941 n.
2448 2889 2512 2940 Et
2529 2906 2656 2940 con·

1621 2967 1822 3020 feratur
1851 2967 2083 3020 Petronii
2113 2987 2330 3021 carmen
2357 2969 2424 3021 de
2456 2969 2651 3021 Mutat.

1619 3045 1765 3116 Reip.
1803 3047 1949 3096 Rom.
1989 3065 2069 3099 vs.
2113 3047 2211 3112 234
2229 3085 2244 3110 ,
2291 3047 2452 3122 hujus
2477 3047 2656 3120 operis

1622 3137 1659 3177 t.
1686 3123 1771 3189 11,
1793 3143 1923 3198 pag.
1953 3145 2068 3179 110.
2091 3125 2188 3178 En.

1697 3223 1817 3276 217.
1865 3209 1930 3256 Ec
1970 3226 2196 3258 excusso.
2255 3205 2458 3279 Copula
2481 3245 2498 3270 ,
2545 3200 2673 3260 nisi.

1623 3285 1776 3356 plane
1801 3283 2038 3338 abundat
2055 3321 2072 3348 ,
2100 3287 2374 3359 conjungit
2391 3289 2655 3338 ter-etima-

1624 3367 1672 3414 lo
1693 3374 1744 3416 et
1764 3383 1975 3415 excusso
2008 3368 2212 3416 rudente
2229 3405 2243 3426 ,
2282 3376 2336 3418 et
2361 3378 2654 3438 utrumque

1625 3441 1786 3494 refert
1811 3439 2130 3513 adfluentia,
2157 3455 2216 3494 ut
2233 3443 2492 3516 intelligas
2508 3447 2650 3507 vela,

1627 3538 1743 3591 quse
1766 3521 1914 3574 tereti
1936 3522 2078 3575 malo
2113 3535 2162 3576 et
2187 3542 2406 3578 excusso
2426 3521 2654 3578 rudente

1621 3597 1810 3653 fluunt.
1831 3605 2087 3664 Excusso,
2123 3600 2176 3653 id
2210 3613 2322 3666 est,
2353 3603 2568 3656 evoluto
2601 3615 2654 3657 et

1623 3680 1816 3733 laxam.
1839 3679 1987 3752 virg.
2007 3683 2128 3736 AEn.
2151 3681 2232 3733 111
2247 3723 2264 3749 ‚
2288 3685 2421 3737 266:
2465 3706 2487 3729 ι
2509 3683 2651 3737 Tum

1625 3759 1776 3814 litore
1795 3759 1976 3816 funem
1997 3761 2248 3834 Deripere
2261 3799 2278 3826 ,
2299 3781 2655 3836 excussosque

1619 3838 1771 3913 jubet
1809 3840 1987 3894 laxare
2021 3839 2269 3894 rudentes
2291 3869 2333 3892 ··.
2373 3873 2444 3882 --
2482 3846 2656 3894 Dimit-

1626 3934 1728 3971 τεν-ο
1754 3923 1900 3982 vela,
1925 3921 2061 3974 forte
2087 3923 2350 3972 danioeere.
2375 3921 2654 3974 Lac-on.—

1627 3997 1702 4050 De
1727 3999 1887 4052 verbo
1911 4001 2158 4052 denu‘ttere
2184 4000 2236 4052 in
2265 4003 2502 4052 dbniuere
2531 4019 2653 4054 mu-

1625 4090 1735 4131 tato
1760 4078 1882 4132 vide
1917 4098 2034 4150 quae
2061 4079 2397 4134 Burmannus
2427 4077 2653 4133 adnota-

1625 4160 1702 4210 vit
1723 4157 1792 4212 ad
1817 4159 2031 4213 Anthol.
2053 4159 2172 4213 Lat.
2203 4159 2286 4213 111
2307 4197 2324 4224 ,
2363 4163 2482 4214 125.
