<?xml version="1.0" encoding="UTF-8"?>
<!DOCTYPE html PUBLIC "-//W3C//DTD XHTML 1.0 Transitional//EN"
    "http://www.w3.org/TR/xhtml1/DTD/xhtml1-transitional.dtd">
<html xmlns="http://www.w3.org/1999/xhtml" xml:lang="en" lang="en">
 <head>
  <title>
</title>
<meta http-equiv="Content-Type" content="text/html;charset=utf-8" />
  <meta name='ocr-system' content='tesseract 3.04.00' />
  <meta name='ocr-capabilities' content='ocr_page ocr_carea ocr_par ocr_line ocrx_word'/>
</head>
<body>
  <div class='ocr_page' id='page_1' title='image "./poetaelatinimin00unkngoog_0267.png"; bbox 0 0 2975 4684; ppageno 0'>
   <div class='ocr_carea' id='block_1_1' title="bbox 535 386 673 460">
    <p class='ocr_par' dir='ltr' id='par_1_1' title="bbox 535 386 673 460">
     <span class='ocr_line' id='line_1_1' title="bbox 535 386 673 460; baseline 0.014 -2"><span class='ocrx_word' id='word_1_1' title='bbox 535 386 673 460; x_wconf 82' lang='lat'><strong>258</strong></span> 
     </span>
    </p>
   </div>
   <div class='ocr_carea' id='block_1_2' title="bbox 1258 383 1942 486">
    <p class='ocr_par' dir='ltr' id='par_1_2' title="bbox 1258 383 1942 486">
     <span class='ocr_line' id='line_1_2' title="bbox 1258 383 1942 486; baseline -0.007 -32"><span class='ocrx_word' id='word_1_2' title='bbox 1258 385 1594 454; x_wconf 78' lang='lat' dir='ltr'>sALEH</span> <span class='ocrx_word' id='word_1_3' title='bbox 1661 383 1942 486; x_wconf 75' lang='lat' dir='ltr'>BAssI</span> 
     </span>
    </p>
   </div>
   <div class='ocr_carea' id='block_1_3' title="bbox 626 501 2667 928">
    <p class='ocr_par' dir='ltr' id='par_1_3' title="bbox 628 501 2351 603">
     <span class='ocr_line' id='line_1_3' title="bbox 628 501 2351 603; baseline -0.006 -21"><span class='ocrx_word' id='word_1_4' title='bbox 628 515 723 582; x_wconf 84' lang='lat' dir='ltr'><strong>Ut</strong></span> <span class='ocrx_word' id='word_1_5' title='bbox 755 511 991 580; x_wconf 86' lang='lat' dir='ltr'><strong>niveus</strong></span> <span class='ocrx_word' id='word_1_6' title='bbox 1026 510 1293 603; x_wconf 82' lang='lat' dir='ltr'><strong>nigros,</strong></span> <span class='ocrx_word' id='word_1_7' title='bbox 1328 531 1510 578; x_wconf 87' lang='lat' dir='ltr'><strong>nunc</strong></span> <span class='ocrx_word' id='word_1_8' title='bbox 1545 521 1614 576; x_wconf 86' lang='lat' dir='ltr'><strong>et</strong></span> <span class='ocrx_word' id='word_1_9' title='bbox 1657 507 1850 600; x_wconf 79' lang='lat' dir='ltr'><strong>niger</strong></span> <span class='ocrx_word' id='word_1_10' title='bbox 1884 501 2110 598; x_wconf 75' lang='lat' dir='ltr'>alliget</span> <span class='ocrx_word' id='word_1_11' title='bbox 2143 503 2351 574; x_wconf 78' lang='lat' dir='ltr'><strong>albos.</strong></span> 
     </span>
    </p>

    <p class='ocr_par' dir='ltr' id='par_1_4' title="bbox 626 612 2667 928">
     <span class='ocr_line' id='line_1_4' title="bbox 628 612 2508 714; baseline -0.006 -23"><span class='ocrx_word' id='word_1_12' title='bbox 628 621 761 692; x_wconf 85' lang='lat' dir='ltr'><strong>Sed</strong></span> <span class='ocrx_word' id='word_1_13' title='bbox 797 621 919 691; x_wconf 88' lang='lat' dir='ltr'><strong>tibi</strong></span> <span class='ocrx_word' id='word_1_14' title='bbox 954 620 1107 714; x_wconf 87' lang='lat' dir='ltr'><strong>quis</strong></span> <span class='ocrx_word' id='word_1_15' title='bbox 1142 643 1287 690; x_wconf 87' lang='lat' dir='ltr'><strong>non</strong></span> <span class='ocrx_word' id='word_1_16' title='bbox 1327 631 1515 712; x_wconf 81' lang='lat' dir='ltr'><strong>terga</strong></span> <span class='ocrx_word' id='word_1_17' title='bbox 1552 615 1780 686; x_wconf 77' lang='lat' dir='ltr'><strong>dedit?</strong></span> <span class='ocrx_word' id='word_1_18' title='bbox 1819 615 1970 708; x_wconf 84' lang='lat' dir='ltr'><strong>quis</strong></span> <span class='ocrx_word' id='word_1_19' title='bbox 2003 627 2072 684; x_wconf 87' lang='lat' dir='ltr'><strong>te</strong></span> <span class='ocrx_word' id='word_1_20' title='bbox 2105 612 2276 684; x_wconf 86' lang='lat' dir='ltr'><strong>duce</strong></span> <span class='ocrx_word' id='word_1_21' title='bbox 2307 613 2508 684; x_wconf 82' lang='lat' dir='ltr'><strong>cessit</strong></span> 
     </span>
     <span class='ocr_line' id='line_1_5' title="bbox 626 720 2524 822; baseline -0.006 -20"><span class='ocrx_word' id='word_1_22' title='bbox 626 728 985 802; x_wconf 81' lang='lat' dir='ltr'>Calculus?</span> <span class='ocrx_word' id='word_1_23' title='bbox 1012 743 1133 798; x_wconf 80' lang='lat' dir='ltr'><strong>aut</strong></span> <span class='ocrx_word' id='word_1_24' title='bbox 1162 729 1315 822; x_wconf 87' lang='lat' dir='ltr'><strong>quis</strong></span> <span class='ocrx_word' id='word_1_25' title='bbox 1350 752 1489 796; x_wconf 90' lang='lat' dir='ltr'><strong>non</strong></span> <span class='ocrx_word' id='word_1_26' title='bbox 1523 726 1862 822; x_wconf 81' lang='lat' dir='ltr'><strong>periturus</strong></span> <span class='ocrx_word' id='word_1_27' title='bbox 1887 723 2179 819; x_wconf 85' lang='lat' dir='ltr'><strong>perdidit</strong></span> <span class='ocrx_word' id='word_1_28' title='bbox 2211 720 2524 794; x_wconf 78' lang='lat' dir='ltr'><strong>hostem?</strong></span> 
     </span>
     <span class='ocr_line' id='line_1_6' title="bbox 628 833 2667 928; baseline -0.003 -18"><span class='ocrx_word' id='word_1_29' title='bbox 628 839 817 910; x_wconf 88' lang='lat' dir='ltr'><strong>Mille</strong></span> <span class='ocrx_word' id='word_1_30' title='bbox 854 839 1069 908; x_wconf 82' lang='lat' dir='ltr'><strong>modis</strong></span> <span class='ocrx_word' id='word_1_31' title='bbox 1106 841 1279 908; x_wconf 81' lang='lat' dir='ltr'><strong>acies</strong></span> <span class='ocrx_word' id='word_1_32' title='bbox 1316 852 1431 906; x_wconf 80' lang='lat' dir='ltr'><strong>tua</strong></span> <span class='ocrx_word' id='word_1_33' title='bbox 1464 837 1774 906; x_wconf 81' lang='lat' dir='ltr'><strong>dimicat:</strong></span> <span class='ocrx_word' id='word_1_34' title='bbox 1813 833 1926 906; x_wconf 83' lang='lat' dir='ltr'><strong>ille</strong></span> <span class='ocrx_word' id='word_1_35' title='bbox 1969 849 2304 928; x_wconf 86' lang='lat' dir='ltr'><strong>petentem</strong></span> <span class='ocrx_word' id='word_1_36' title='bbox 2595 851 2667 892; x_wconf 75' lang='lat'><strong>1⁸⁵</strong></span> 
     </span>
    </p>
   </div>
   <div class='ocr_carea' id='block_1_4' title="bbox 533 1037 1559 1108">
    <p class='ocr_par' dir='ltr' id='par_1_5' title="bbox 533 1037 1559 1108">
     <span class='ocr_line' id='line_1_7' title="bbox 533 1037 1559 1108; baseline -0.006 -13"><span class='ocrx_word' id='word_1_37' title='bbox 533 1040 777 1095; x_wconf 77' lang='lat' dir='ltr'><strong>tesseris:</strong></span> <span class='ocrx_word' id='word_1_38' title='bbox 836 1039 1124 1108; x_wconf 81' lang='lat' dir='ltr'>notavique</span> <span class='ocrx_word' id='word_1_39' title='bbox 1164 1057 1276 1090; x_wconf 86' lang='lat' dir='ltr'><strong>rem</strong></span> <span class='ocrx_word' id='word_1_40' title='bbox 1321 1037 1559 1091; x_wconf 89' lang='lat' dir='ltr'><strong>omnium</strong></span> 
     </span>
    </p>
   </div>
   <div class='ocr_carea' id='block_1_5' title="bbox 530 1117 1584 1174">
    <p class='ocr_par' dir='ltr' id='par_1_6' title="bbox 530 1117 1584 1174">
     <span class='ocr_line' id='line_1_8' title="bbox 530 1117 1584 1174; baseline -0.002 0"><span class='ocrx_word' id='word_1_41' title='bbox 530 1119 973 1174; x_wconf 72' lang='lat' dir='ltr'>delicatissimam.</span> <span class='ocrx_word' id='word_1_42' title='bbox 1007 1117 1109 1170; x_wconf 83' lang='lat' dir='ltr'><strong>Pro</strong></span> <span class='ocrx_word' id='word_1_43' title='bbox 1156 1118 1371 1172; x_wconf 84' lang='lat' dir='ltr'><strong>calculis</strong></span> <span class='ocrx_word' id='word_1_44' title='bbox 1414 1117 1584 1172; x_wconf 85' lang='lat' dir='ltr'><strong>enim.</strong></span> 
     </span>
    </p>
   </div>
   <div class='ocr_carea' id='block_1_6' title="bbox 530 1197 1570 4211">
    <p class='ocr_par' dir='ltr' id='par_1_7' title="bbox 530 1197 1570 4211">
     <span class='ocr_line' id='line_1_9' title="bbox 536 1197 1564 1270; baseline -0.003 -17"><span class='ocrx_word' id='word_1_45' title='bbox 536 1200 665 1254; x_wconf 76' lang='lat' dir='ltr'><strong>albis</strong></span> <span class='ocrx_word' id='word_1_46' title='bbox 693 1211 744 1252; x_wconf 92' lang='lat' dir='ltr'><strong>et</strong></span> <span class='ocrx_word' id='word_1_47' title='bbox 773 1197 939 1270; x_wconf 77' lang='lat' dir='ltr'><strong>nigris</strong></span> <span class='ocrx_word' id='word_1_48' title='bbox 966 1215 1154 1250; x_wconf 78' lang='lat' dir='ltr'><strong>aureos</strong></span> <span class='ocrx_word' id='word_1_49' title='bbox 1182 1211 1564 1269; x_wconf 79' lang='lat' dir='ltr'><strong>argenteosque</strong></span> 
     </span>
     <span class='ocr_line' id='line_1_10' title="bbox 534 1275 1564 1334; baseline -0.001 -3"><span class='ocrx_word' id='word_1_50' title='bbox 534 1280 764 1334; x_wconf 79' lang='lat' dir='ltr'><strong>habebat</strong></span> <span class='ocrx_word' id='word_1_51' title='bbox 784 1275 1033 1330; x_wconf 78' lang='lat' dir='ltr'><strong>denarios</strong></span> <span class='ocrx_word' id='word_1_52' title='bbox 1054 1301 1098 1329; x_wconf 68' lang='lat' dir='ltr'><strong>a.</strong></span> <span class='ocrx_word' id='word_1_53' title='bbox 1127 1277 1438 1332; x_wconf 67' lang='lat' dir='ltr'><strong>Lunum.</strong></span> <span class='ocrx_word' id='word_1_54' title='bbox 1457 1275 1564 1330; x_wconf 84' lang='lat' dir='ltr'><strong>Sed</strong></span> 
     </span>
     <span class='ocr_line' id='line_1_11' title="bbox 532 1354 1564 1414; baseline -0.003 -2"><span class='ocrx_word' id='word_1_55' title='bbox 532 1358 785 1414; x_wconf 87' lang='lat' dir='ltr'><strong>Petronio</strong></span> <span class='ocrx_word' id='word_1_56' title='bbox 802 1374 977 1410; x_wconf 81' lang='lat' dir='ltr'><strong>sermo</strong></span> <span class='ocrx_word' id='word_1_57' title='bbox 995 1366 1075 1408; x_wconf 86' lang='lat' dir='ltr'><strong>est</strong></span> <span class='ocrx_word' id='word_1_58' title='bbox 1101 1354 1169 1408; x_wconf 90' lang='lat' dir='ltr'><strong>de</strong></span> <span class='ocrx_word' id='word_1_59' title='bbox 1197 1355 1384 1410; x_wconf 79' lang='lat' dir='ltr'><strong>tabula</strong></span> <span class='ocrx_word' id='word_1_60' title='bbox 1406 1367 1564 1410; x_wconf 75' lang='lat' dir='ltr'><strong>teue-</strong></span> 
     </span>
     <span class='ocr_line' id='line_1_12' title="bbox 534 1434 1564 1507; baseline -0.003 -16"><span class='ocrx_word' id='word_1_61' title='bbox 534 1439 701 1500; x_wconf 76' lang='lat' dir='ltr'><strong>rat-ia,</strong></span> <span class='ocrx_word' id='word_1_62' title='bbox 724 1437 919 1490; x_wconf 84' lang='lat' dir='ltr'><strong>Nostro</strong></span> <span class='ocrx_word' id='word_1_63' title='bbox 940 1434 1007 1488; x_wconf 91' lang='lat' dir='ltr'><strong>de</strong></span> <span class='ocrx_word' id='word_1_64' title='bbox 1024 1435 1427 1499; x_wconf 77' lang='lat' dir='ltr'><strong>latruncularia,</strong></span> <span class='ocrx_word' id='word_1_65' title='bbox 1444 1451 1564 1507; x_wconf 65' lang='lat' dir='ltr'><strong>qun</strong></span> 
     </span>
     <span class='ocr_line' id='line_1_13' title="bbox 532 1514 1564 1590; baseline -0.002 -20"><span class='ocrx_word' id='word_1_66' title='bbox 532 1516 784 1590; x_wconf 83' lang='lat' dir='ltr'><strong>qnoniam</strong></span> <span class='ocrx_word' id='word_1_67' title='bbox 810 1514 981 1588; x_wconf 69' lang='lat' dir='ltr'><strong>praelii</strong></span> <span class='ocrx_word' id='word_1_68' title='bbox 1006 1515 1092 1567; x_wconf 74' lang='lat' dir='ltr'><strong>vel</strong></span> <span class='ocrx_word' id='word_1_69' title='bbox 1110 1514 1375 1568; x_wconf 85' lang='lat' dir='ltr'><strong>latrocinii</strong></span> <span class='ocrx_word' id='word_1_70' title='bbox 1394 1515 1564 1568; x_wconf 84' lang='lat' dir='ltr'><strong>simu·</strong></span> 
     </span>
     <span class='ocr_line' id='line_1_14' title="bbox 534 1593 1562 1658; baseline -0.004 -10"><span class='ocrx_word' id='word_1_71' title='bbox 534 1598 737 1650; x_wconf 83' lang='lat' dir='ltr'><strong>lacrum</strong></span> <span class='ocrx_word' id='word_1_72' title='bbox 778 1606 923 1658; x_wconf 81' lang='lat' dir='ltr'><strong>erat,</strong></span> <span class='ocrx_word' id='word_1_73' title='bbox 964 1594 1092 1648; x_wconf 79' lang='lat' dir='ltr'><strong>hinc</strong></span> <span class='ocrx_word' id='word_1_74' title='bbox 1130 1593 1324 1648; x_wconf 77' lang='lat' dir='ltr'><strong>calculi</strong></span> <span class='ocrx_word' id='word_1_75' title='bbox 1357 1597 1562 1656; x_wconf 68' lang='lat' dir='ltr'><strong>milites,</strong></span> 
     </span>
     <span class='ocr_line' id='line_1_15' title="bbox 530 1673 1566 1744; baseline -0.005 -15"><span class='ocrx_word' id='word_1_76' title='bbox 530 1681 775 1736; x_wconf 78' lang='lat' dir='ltr'><strong>laerones,</strong></span> <span class='ocrx_word' id='word_1_77' title='bbox 805 1677 1073 1726; x_wconf 78' lang='lat' dir='ltr'><em>latrunculi</em></span> <span class='ocrx_word' id='word_1_78' title='bbox 1107 1673 1382 1737; x_wconf 82' lang='lat' dir='ltr'><strong>dicuntur,</strong></span> <span class='ocrx_word' id='word_1_79' title='bbox 1422 1673 1566 1744; x_wconf 81' lang='lat' dir='ltr'><strong>iique</strong></span> 
     </span>
     <span class='ocr_line' id='line_1_16' title="bbox 532 1752 1554 1825; baseline -0.002 -17"><span class='ocrx_word' id='word_1_80' title='bbox 532 1775 593 1810; x_wconf 86' lang='lat' dir='ltr'><strong>ex</strong></span> <span class='ocrx_word' id='word_1_81' title='bbox 614 1754 777 1820; x_wconf 73' lang='lat' dir='ltr'><strong>vitro,</strong></span> <span class='ocrx_word' id='word_1_82' title='bbox 798 1772 1026 1825; x_wconf 82' lang='lat' dir='ltr'><strong>gemma,</strong></span> <span class='ocrx_word' id='word_1_83' title='bbox 1052 1755 1233 1821; x_wconf 82' lang='lat' dir='ltr'><strong>ebore,</strong></span> <span class='ocrx_word' id='word_1_84' title='bbox 1248 1752 1421 1806; x_wconf 84' lang='lat' dir='ltr'><strong>aliave</strong></span> <span class='ocrx_word' id='word_1_85' title='bbox 1440 1771 1554 1806; x_wconf 83' lang='lat' dir='ltr'><strong>ma-</strong></span> 
     </span>
     <span class='ocr_line' id='line_1_17' title="bbox 533 1832 1560 1898; baseline -0.002 -8"><span class='ocrx_word' id='word_1_86' title='bbox 533 1835 659 1890; x_wconf 83' lang='lat' dir='ltr'><strong>teria</strong></span> <span class='ocrx_word' id='word_1_87' title='bbox 681 1833 827 1888; x_wconf 78' lang='lat' dir='ltr'><strong>facti.</strong></span> <span class='ocrx_word' id='word_1_88' title='bbox 846 1832 1008 1886; x_wconf 76' lang='lat' dir='ltr'><strong>ovid.</strong></span> <span class='ocrx_word' id='word_1_89' title='bbox 1028 1833 1142 1884; x_wconf 82' lang='lat' dir='ltr'><strong>Art.</strong></span> <span class='ocrx_word' id='word_1_90' title='bbox 1162 1833 1285 1885; x_wconf 77' lang='lat' dir='ltr'><strong>Am.</strong></span> <span class='ocrx_word' id='word_1_91' title='bbox 1308 1832 1365 1884; x_wconf 91' lang='lat'><strong>11</strong></span> <span class='ocrx_word' id='word_1_92' title='bbox 1380 1871 1396 1898; x_wconf 90' lang='lat'><strong>,</strong></span> <span class='ocrx_word' id='word_1_93' title='bbox 1420 1834 1560 1888; x_wconf 80' lang='lat'><strong>208</strong></span> <span class='ocrx_word' id='word_1_94' title='bbox 1546 1849 1559 1860; x_wconf 87' lang='lat'><em>·</em></span> 
     </span>
     <span class='ocr_line' id='line_1_18' title="bbox 536 1911 1566 1984; baseline -0.003 -16"><span class='ocrx_word' id='word_1_95' title='bbox 536 1941 561 1960; x_wconf 75' lang='grc' dir='ltr'><strong>«ι</strong></span> <span class='ocrx_word' id='word_1_96' title='bbox 584 1915 689 1968; x_wconf 84' lang='lat' dir='ltr'><strong>Fac</strong></span> <span class='ocrx_word' id='word_1_97' title='bbox 708 1951 725 1977; x_wconf 90' lang='lat'>‚</span> <span class='ocrx_word' id='word_1_98' title='bbox 756 1924 936 1984; x_wconf 68' lang='lat' dir='ltr'><strong>pereat</strong></span> <span class='ocrx_word' id='word_1_99' title='bbox 964 1911 1130 1965; x_wconf 80' lang='lat' dir='ltr'><strong>vitreo</strong></span> <span class='ocrx_word' id='word_1_100' title='bbox 1148 1912 1301 1966; x_wconf 86' lang='lat' dir='ltr'><strong>miles</strong></span> <span class='ocrx_word' id='word_1_101' title='bbox 1318 1913 1387 1964; x_wconf 87' lang='lat' dir='ltr'><strong>ab</strong></span> <span class='ocrx_word' id='word_1_102' title='bbox 1410 1913 1566 1965; x_wconf 78' lang='lat' dir='ltr'><strong>hoste</strong></span> 
     </span>
     <span class='ocr_line' id='line_1_19' title="bbox 537 1989 1565 2056; baseline -0.002 -10"><span class='ocrx_word' id='word_1_103' title='bbox 537 2007 659 2047; x_wconf 83' lang='lat' dir='ltr'><strong>tuus</strong></span> <span class='ocrx_word' id='word_1_104' title='bbox 681 2018 726 2045; x_wconf 73' lang='grc' dir='ltr'><strong>ι.</strong></span> <span class='ocrx_word' id='word_1_105' title='bbox 748 1991 978 2044; x_wconf 80' lang='lat' dir='ltr'><strong>Martial.</strong></span> <span class='ocrx_word' id='word_1_106' title='bbox 1000 1991 1157 2056; x_wconf 85' lang='lat' dir='ltr'><strong>XIV,</strong></span> <span class='ocrx_word' id='word_1_107' title='bbox 1179 2009 1271 2045; x_wconf 61' lang='grc' dir='ltr'><strong>ποι</strong></span> <span class='ocrx_word' id='word_1_108' title='bbox 1294 2015 1319 2036; x_wconf 74' lang='grc' dir='ltr'><strong>α</strong></span> <span class='ocrx_word' id='word_1_109' title='bbox 1338 1989 1565 2044; x_wconf 78' lang='lat' dir='ltr'><strong>Insidio-</strong></span> 
     </span>
     <span class='ocr_line' id='line_1_20' title="bbox 536 2070 1562 2134; baseline -0.003 -8"><span class='ocrx_word' id='word_1_110' title='bbox 536 2092 719 2126; x_wconf 82' lang='lat' dir='ltr'><strong>sorum</strong></span> <span class='ocrx_word' id='word_1_111' title='bbox 778 2071 822 2124; x_wconf 72' lang='grc' dir='ltr'><strong>οἱ</strong></span> <span class='ocrx_word' id='word_1_112' title='bbox 876 2070 1017 2124; x_wconf 88' lang='lat' dir='ltr'><strong>ludis</strong></span> <span class='ocrx_word' id='word_1_113' title='bbox 1062 2070 1203 2125; x_wconf 78' lang='lat' dir='ltr'><strong>bella</strong></span> <span class='ocrx_word' id='word_1_114' title='bbox 1257 2071 1562 2134; x_wconf 71' lang='lat' dir='ltr'><strong>latronum,</strong></span> 
     </span>
     <span class='ocr_line' id='line_1_21' title="bbox 534 2149 1566 2210; baseline -0.004 -4"><span class='ocrx_word' id='word_1_115' title='bbox 534 2154 823 2207; x_wconf 77' lang='lat' dir='ltr'>Gemmeus</span> <span class='ocrx_word' id='word_1_116' title='bbox 850 2149 947 2204; x_wconf 82' lang='lat' dir='ltr'><strong>iste</strong></span> <span class='ocrx_word' id='word_1_117' title='bbox 984 2149 1079 2202; x_wconf 77' lang='lat' dir='ltr'><strong>tibi</strong></span> <span class='ocrx_word' id='word_1_118' title='bbox 1118 2149 1265 2210; x_wconf 79' lang='lat' dir='ltr'><strong>miles</strong></span> <span class='ocrx_word' id='word_1_119' title='bbox 1308 2161 1364 2202; x_wconf 83' lang='lat' dir='ltr'><strong>ct</strong></span> <span class='ocrx_word' id='word_1_120' title='bbox 1395 2149 1566 2203; x_wconf 80' lang='lat' dir='ltr'><strong>hostis</strong></span> 
     </span>
     <span class='ocr_line' id='line_1_22' title="bbox 534 2230 1562 2286; baseline -0.001 -1"><span class='ocrx_word' id='word_1_121' title='bbox 534 2234 635 2285; x_wconf 84' lang='lat' dir='ltr'><strong>erit</strong></span> <span class='ocrx_word' id='word_1_122' title='bbox 658 2257 703 2286; x_wconf 73' lang='grc' dir='ltr'><strong>ι.</strong></span> <span class='ocrx_word' id='word_1_123' title='bbox 738 2231 879 2283; x_wconf 85' lang='lat' dir='ltr'><strong>Hinc</strong></span> <span class='ocrx_word' id='word_1_124' title='bbox 914 2234 1123 2283; x_wconf 74' lang='lat' dir='ltr'><strong>vitreum</strong></span> <span class='ocrx_word' id='word_1_125' title='bbox 1160 2233 1337 2282; x_wconf 82' lang='lat' dir='ltr'><strong>bellum</strong></span> <span class='ocrx_word' id='word_1_126' title='bbox 1381 2230 1562 2284; x_wconf 75' lang='lat' dir='ltr'><strong>vocari</strong></span> 
     </span>
     <span class='ocr_line' id='line_1_23' title="bbox 536 2307 1562 2380; baseline -0.005 -15"><span class='ocrx_word' id='word_1_127' title='bbox 536 2331 659 2365; x_wconf 86' lang='lat' dir='ltr'><strong>eum</strong></span> <span class='ocrx_word' id='word_1_128' title='bbox 697 2311 875 2363; x_wconf 81' lang='lat' dir='ltr'><strong>lusum</strong></span> <span class='ocrx_word' id='word_1_129' title='bbox 915 2309 971 2362; x_wconf 87' lang='lat' dir='ltr'><strong>in</strong></span> <span class='ocrx_word' id='word_1_130' title='bbox 1010 2309 1133 2361; x_wconf 90' lang='lat' dir='ltr'><strong>loco</strong></span> <span class='ocrx_word' id='word_1_131' title='bbox 1170 2307 1297 2361; x_wconf 85' lang='lat' dir='ltr'><strong>Julii</strong></span> <span class='ocrx_word' id='word_1_132' title='bbox 1338 2308 1562 2380; x_wconf 80' lang='lat' dir='ltr'><strong>Capitol.</strong></span> 
     </span>
     <span class='ocr_line' id='line_1_24' title="bbox 535 2387 1563 2458; baseline -0.003 -14"><span class='ocrx_word' id='word_1_133' title='bbox 535 2391 642 2444; x_wconf 80' lang='lat' dir='ltr'><strong>vita</strong></span> <span class='ocrx_word' id='word_1_134' title='bbox 664 2389 859 2442; x_wconf 74' lang='lat' dir='ltr'><strong>Pei-tin.</strong></span> <span class='ocrx_word' id='word_1_135' title='bbox 886 2405 1007 2458; x_wconf 84' lang='lat' dir='ltr'><strong>cap.</strong></span> <span class='ocrx_word' id='word_1_136' title='bbox 1035 2388 1066 2439; x_wconf 86' lang='lat'>8</span> <span class='ocrx_word' id='word_1_137' title='bbox 1080 2425 1095 2450; x_wconf 89' lang='lat'>,</span> <span class='ocrx_word' id='word_1_138' title='bbox 1115 2396 1267 2458; x_wconf 77' lang='lat' dir='ltr'><strong>putat</strong></span> <span class='ocrx_word' id='word_1_139' title='bbox 1286 2387 1563 2452; x_wconf 78' lang='lat' dir='ltr'><strong>Trillertu,</strong></span> 
     </span>
     <span class='ocr_line' id='line_1_25' title="bbox 536 2465 1563 2538; baseline -0.003 -16"><span class='ocrx_word' id='word_1_140' title='bbox 536 2470 819 2522; x_wconf 79' lang='lat' dir='ltr'><strong>Observat.</strong></span> <span class='ocrx_word' id='word_1_141' title='bbox 839 2465 972 2518; x_wconf 86' lang='lat' dir='ltr'><strong>Crit.</strong></span> <span class='ocrx_word' id='word_1_142' title='bbox 990 2483 1106 2538; x_wconf 87' lang='lat' dir='ltr'><strong>cap.</strong></span> <span class='ocrx_word' id='word_1_143' title='bbox 1128 2467 1161 2517; x_wconf 87' lang='lat'>8</span> <span class='ocrx_word' id='word_1_144' title='bbox 1176 2505 1193 2531; x_wconf 88' lang='lat'>,</span> <span class='ocrx_word' id='word_1_145' title='bbox 1225 2485 1282 2538; x_wconf 86' lang='lat' dir='ltr'><strong>p.</strong></span> <span class='ocrx_word' id='word_1_146' title='bbox 1310 2467 1431 2536; x_wconf 73' lang='lat'><strong>347,</strong></span> <span class='ocrx_word' id='word_1_147' title='bbox 1472 2467 1563 2520; x_wconf 82' lang='lat' dir='ltr'><strong>uhi</strong></span> 
     </span>
     <span class='ocr_line' id='line_1_26' title="bbox 538 2549 1568 2620; baseline -0.002 -20"><span class='ocrx_word' id='word_1_148' title='bbox 538 2567 635 2620; x_wconf 82' lang='lat' dir='ltr'><strong>pro</strong></span> <span class='ocrx_word' id='word_1_149' title='bbox 666 2557 967 2598; x_wconf 75' lang='lat' dir='ltr'><strong>monstrosa</strong></span> <span class='ocrx_word' id='word_1_150' title='bbox 1011 2562 1144 2596; x_wconf 78' lang='lat' dir='ltr'><strong>voce</strong></span> <span class='ocrx_word' id='word_1_151' title='bbox 1177 2549 1568 2598; x_wconf 72' lang='lat' dir='ltr'><strong>Phallovinuboli</strong></span> 
     </span>
     <span class='ocr_line' id='line_1_27' title="bbox 538 2623 1564 2700; baseline -0.005 -19"><span class='ocrx_word' id='word_1_152' title='bbox 538 2628 642 2700; x_wconf 88' lang='lat' dir='ltr'><strong>legi</strong></span> <span class='ocrx_word' id='word_1_153' title='bbox 657 2645 812 2698; x_wconf 82' lang='lat' dir='ltr'><strong>posse</strong></span> <span class='ocrx_word' id='word_1_154' title='bbox 834 2623 1097 2694; x_wconf 77' lang='lat' dir='ltr'><strong>existimat</strong></span> <span class='ocrx_word' id='word_1_155' title='bbox 1112 2627 1241 2675; x_wconf 79' lang='lat' dir='ltr'><strong>alvei</strong></span> <span class='ocrx_word' id='word_1_156' title='bbox 1261 2627 1414 2676; x_wconf 76' lang='lat' dir='ltr'><strong>vitrei</strong></span> <span class='ocrx_word' id='word_1_157' title='bbox 1429 2627 1564 2678; x_wconf 75' lang='lat' dir='ltr'><strong>belli</strong></span> 
     </span>
     <span class='ocr_line' id='line_1_28' title="bbox 614 2703 1568 2774; baseline -0.001 -15"><span class='ocrx_word' id='word_1_158' title='bbox 614 2709 733 2762; x_wconf 80' lang='lat'><em>182.</em></span> <span class='ocrx_word' id='word_1_159' title='bbox 758 2711 821 2756; x_wconf 78' lang='lat' dir='ltr'><strong>Ut</strong></span> <span class='ocrx_word' id='word_1_160' title='bbox 832 2705 997 2756; x_wconf 75' lang='lat' dir='ltr'><strong>nivem</strong></span> <span class='ocrx_word' id='word_1_161' title='bbox 1018 2705 1213 2770; x_wconf 79' lang='lat' dir='ltr'><strong>m&#39;gros.</strong></span> <span class='ocrx_word' id='word_1_162' title='bbox 1239 2703 1487 2774; x_wconf 76' lang='lat' dir='ltr'><strong>Duplices</strong></span> <span class='ocrx_word' id='word_1_163' title='bbox 1514 2717 1568 2758; x_wconf 85' lang='lat' dir='ltr'><strong>et</strong></span> 
     </span>
     <span class='ocr_line' id='line_1_29' title="bbox 534 2781 1566 2860; baseline -0.003 -21"><span class='ocrx_word' id='word_1_164' title='bbox 534 2785 727 2860; x_wconf 79' lang='lat' dir='ltr'><strong>gemini</strong></span> <span class='ocrx_word' id='word_1_165' title='bbox 759 2783 951 2838; x_wconf 78' lang='lat' dir='ltr'><strong>coloris</strong></span> <span class='ocrx_word' id='word_1_166' title='bbox 991 2781 1183 2836; x_wconf 82' lang='lat' dir='ltr'><strong>calculi</strong></span> <span class='ocrx_word' id='word_1_167' title='bbox 1222 2794 1371 2836; x_wconf 81' lang='lat' dir='ltr'><strong>erant</strong></span> <span class='ocrx_word' id='word_1_168' title='bbox 1384 2819 1401 2846; x_wconf 84' lang='grc'><strong>,</strong></span> <span class='ocrx_word' id='word_1_169' title='bbox 1440 2784 1566 2856; x_wconf 80' lang='lat' dir='ltr'><strong>quia</strong></span> 
     </span>
     <span class='ocr_line' id='line_1_30' title="bbox 539 2860 1566 2929; baseline -0.006 -7"><span class='ocrx_word' id='word_1_170' title='bbox 539 2871 597 2923; x_wconf 86' lang='lat' dir='ltr'><strong>in</strong></span> <span class='ocrx_word' id='word_1_171' title='bbox 617 2866 753 2920; x_wconf 83' lang='lat' dir='ltr'><strong>duas</strong></span> <span class='ocrx_word' id='word_1_172' title='bbox 778 2865 916 2918; x_wconf 81' lang='lat' dir='ltr'><strong>acies</strong></span> <span class='ocrx_word' id='word_1_173' title='bbox 942 2863 1028 2918; x_wconf 73' lang='lat' dir='ltr'><strong>vel</strong></span> <span class='ocrx_word' id='word_1_174' title='bbox 1056 2875 1259 2916; x_wconf 75' lang='lat' dir='ltr'><strong>turmas</strong></span> <span class='ocrx_word' id='word_1_175' title='bbox 1278 2860 1463 2929; x_wconf 80' lang='lat' dir='ltr'><strong>divisi,</strong></span> <span class='ocrx_word' id='word_1_176' title='bbox 1486 2865 1566 2918; x_wconf 86' lang='lat' dir='ltr'><strong>al·</strong></span> 
     </span>
     <span class='ocr_line' id='line_1_31' title="bbox 540 2943 1567 3017; baseline -0.004 -17"><span class='ocrx_word' id='word_1_177' title='bbox 540 2947 594 3000; x_wconf 81' lang='lat' dir='ltr'><strong>bi</strong></span> <span class='ocrx_word' id='word_1_178' title='bbox 614 2958 668 2999; x_wconf 90' lang='lat' dir='ltr'><strong>et</strong></span> <span class='ocrx_word' id='word_1_179' title='bbox 686 2944 841 3017; x_wconf 80' lang='lat' dir='ltr'>nigri.</span> <span class='ocrx_word' id='word_1_180' title='bbox 862 2943 1002 2996; x_wconf 88' lang='lat' dir='ltr'><strong>Hinc</strong></span> <span class='ocrx_word' id='word_1_181' title='bbox 1020 2945 1308 3002; x_wconf 76' lang='lat' dir='ltr'><strong>discolores,</strong></span> <span class='ocrx_word' id='word_1_182' title='bbox 1332 2944 1567 2996; x_wconf 72' lang='lat' dir='ltr'><em>bicolores</em></span> 
     </span>
     <span class='ocr_line' id='line_1_32' title="bbox 542 3019 1566 3088; baseline -0.007 -7"><span class='ocrx_word' id='word_1_183' title='bbox 542 3027 731 3080; x_wconf 82' lang='lat' dir='ltr'><strong>milites</strong></span> <span class='ocrx_word' id='word_1_184' title='bbox 772 3024 1042 3088; x_wconf 79' lang='lat' dir='ltr'><strong>dicuntur,</strong></span> <span class='ocrx_word' id='word_1_185' title='bbox 1081 3019 1239 3076; x_wconf 82' lang='lat' dir='ltr'><strong>Ovid.</strong></span> <span class='ocrx_word' id='word_1_186' title='bbox 1268 3020 1431 3074; x_wconf 83' lang='lat' dir='ltr'><strong>Trist.</strong></span> <span class='ocrx_word' id='word_1_187' title='bbox 1470 3023 1528 3075; x_wconf 91' lang='lat'><strong>11</strong></span> <span class='ocrx_word' id='word_1_188' title='bbox 1550 3060 1566 3086; x_wconf 86' lang='lat'><strong>,</strong></span> 
     </span>
     <span class='ocr_line' id='line_1_33' title="bbox 542 3099 1569 3180; baseline -0.003 -22"><span class='ocrx_word' id='word_1_189' title='bbox 542 3116 679 3180; x_wconf 62' lang='lat'><strong>4773</strong></span> <span class='ocrx_word' id='word_1_190' title='bbox 716 3102 945 3157; x_wconf 79' lang='lat' dir='ltr'><strong>Martial.</strong></span> <span class='ocrx_word' id='word_1_191' title='bbox 984 3101 1139 3166; x_wconf 83' lang='lat' dir='ltr'><strong>XIV,</strong></span> <span class='ocrx_word' id='word_1_192' title='bbox 1190 3117 1276 3172; x_wconf 83' lang='lat'><strong>17.</strong></span> <span class='ocrx_word' id='word_1_193' title='bbox 1320 3099 1569 3155; x_wconf 79' lang='lat' dir='ltr'><strong>Sidonius</strong></span> 
     </span>
     <span class='ocr_line' id='line_1_34' title="bbox 538 3180 1568 3260; baseline -0.007 -22"><span class='ocrx_word' id='word_1_194' title='bbox 538 3180 1248 3260; x_wconf 78' lang='lat' dir='ltr'><strong>Apouin.epist.V111,12‚</strong></span> <span class='ocrx_word' id='word_1_195' title='bbox 1278 3181 1568 3236; x_wconf 72' lang='lat' dir='ltr'><strong>«tabulam</strong></span> 
     </span>
     <span class='ocr_line' id='line_1_35' title="bbox 540 3259 1566 3319; baseline -0.005 0"><span class='ocrx_word' id='word_1_196' title='bbox 540 3264 757 3319; x_wconf 82' lang='lat' dir='ltr'><strong>calculis</strong></span> <span class='ocrx_word' id='word_1_197' title='bbox 778 3271 994 3314; x_wconf 78' lang='lat' dir='ltr'><strong>stratam</strong></span> <span class='ocrx_word' id='word_1_198' title='bbox 1012 3259 1378 3314; x_wconf 73' lang='lat' dir='ltr'><strong>bicoloribus»</strong></span> <span class='ocrx_word' id='word_1_199' title='bbox 1400 3273 1566 3314; x_wconf 80' lang='lat' dir='ltr'><strong>vocat.</strong></span> 
     </span>
     <span class='ocr_line' id='line_1_36' title="bbox 538 3338 1568 3412; baseline -0.009 -13"><span class='ocrx_word' id='word_1_200' title='bbox 538 3347 645 3398; x_wconf 86' lang='lat' dir='ltr'><strong>Pro</strong></span> <span class='ocrx_word' id='word_1_201' title='bbox 672 3345 825 3412; x_wconf 79' lang='lat' dir='ltr'><strong>nigris</strong></span> <span class='ocrx_word' id='word_1_202' title='bbox 850 3338 1011 3391; x_wconf 81' lang='lat' dir='ltr'><strong>etiam</strong></span> <span class='ocrx_word' id='word_1_203' title='bbox 1040 3343 1262 3391; x_wconf 80' lang='lat' dir='ltr'><strong>rubentes</strong></span> <span class='ocrx_word' id='word_1_204' title='bbox 1288 3339 1375 3392; x_wconf 74' lang='lat' dir='ltr'><strong>vel</strong></span> <span class='ocrx_word' id='word_1_205' title='bbox 1409 3343 1568 3394; x_wconf 76' lang='lat' dir='ltr'><strong>russei</strong></span> 
     </span>
     <span class='ocr_line' id='line_1_37' title="bbox 538 3417 1563 3497; baseline -0.004 -19"><span class='ocrx_word' id='word_1_206' title='bbox 538 3433 839 3497; x_wconf 84' lang='lat' dir='ltr'><strong>ponuntur·</strong></span> <span class='ocrx_word' id='word_1_207' title='bbox 825 3456 841 3482; x_wconf 91' lang='lat'>,</span> <span class='ocrx_word' id='word_1_208' title='bbox 865 3429 925 3470; x_wconf 84' lang='lat' dir='ltr'><strong>ut</strong></span> <span class='ocrx_word' id='word_1_209' title='bbox 949 3418 1008 3471; x_wconf 89' lang='lat' dir='ltr'><strong>in</strong></span> <span class='ocrx_word' id='word_1_210' title='bbox 1034 3417 1201 3491; x_wconf 81' lang='lat' dir='ltr'><strong>epigr.</strong></span> <span class='ocrx_word' id='word_1_211' title='bbox 1224 3417 1292 3472; x_wconf 87' lang='lat' dir='ltr'><strong>de</strong></span> <span class='ocrx_word' id='word_1_212' title='bbox 1308 3419 1443 3484; x_wconf 79' lang='lat' dir='ltr'><strong>alea,</strong></span> <span class='ocrx_word' id='word_1_213' title='bbox 1459 3423 1563 3474; x_wconf 82' lang='lat' dir='ltr'><strong>An·</strong></span> 
     </span>
     <span class='ocr_line' id='line_1_38' title="bbox 538 3497 1560 3572; baseline -0.004 -14"><span class='ocrx_word' id='word_1_214' title='bbox 538 3505 671 3558; x_wconf 87' lang='lat' dir='ltr'><strong>thol.</strong></span> <span class='ocrx_word' id='word_1_215' title='bbox 696 3503 814 3554; x_wconf 81' lang='lat' dir='ltr'><strong>Lat.</strong></span> <span class='ocrx_word' id='word_1_216' title='bbox 840 3497 954 3560; x_wconf 91' lang='lat'>111,</span> <span class='ocrx_word' id='word_1_217' title='bbox 984 3499 1053 3568; x_wconf 90' lang='lat'><strong>76</strong></span> <span class='ocrx_word' id='word_1_218' title='bbox 1080 3517 1093 3550; x_wconf 92' lang='lat'>:</span> <span class='ocrx_word' id='word_1_219' title='bbox 1126 3521 1149 3543; x_wconf 75' lang='grc' dir='ltr'><strong>ι</strong></span> <span class='ocrx_word' id='word_1_220' title='bbox 1170 3497 1560 3572; x_wconf 73' lang='lat' dir='ltr'><strong>Decet-tamque</strong></span> 
     </span>
     <span class='ocr_line' id='line_1_39' title="bbox 540 3535 1570 3648; baseline -0.008 -10"><span class='ocrx_word' id='word_1_221' title='bbox 540 3583 697 3638; x_wconf 75' lang='lat' dir='ltr'><strong>simul</strong></span> <span class='ocrx_word' id='word_1_222' title='bbox 724 3535 985 3634; x_wconf 66' lang='lat' dir='ltr'><strong>candidus</strong></span> <span class='ocrx_word' id='word_1_223' title='bbox 1012 3589 1171 3648; x_wconf 84' lang='lat' dir='ltr'><strong>atque</strong></span> <span class='ocrx_word' id='word_1_224' title='bbox 1200 3579 1434 3630; x_wconf 76' lang='lat' dir='ltr'><strong>rubens»</strong></span> <span class='ocrx_word' id='word_1_225' title='bbox 1460 3597 1477 3642; x_wconf 69' lang='grc' dir='ltr'><strong><em>ς</em></strong></span> <span class='ocrx_word' id='word_1_226' title='bbox 1515 3594 1570 3636; x_wconf 77' lang='lat' dir='ltr'><strong>et</strong></span> 
     </span>
     <span class='ocr_line' id='line_1_40' title="bbox 539 3657 1566 3738; baseline -0.005 -24"><span class='ocrx_word' id='word_1_227' title='bbox 539 3667 701 3738; x_wconf 78' lang='lat' dir='ltr'><strong>epigr.</strong></span> <span class='ocrx_word' id='word_1_228' title='bbox 743 3659 847 3732; x_wconf 88' lang='lat'><strong>78:</strong></span> <span class='ocrx_word' id='word_1_229' title='bbox 891 3657 1180 3728; x_wconf 70' lang='lat' dir='ltr'><strong>«Namque</strong></span> <span class='ocrx_word' id='word_1_230' title='bbox 1218 3657 1333 3710; x_wconf 81' lang='lat' dir='ltr'><strong>acie</strong></span> <span class='ocrx_word' id='word_1_231' title='bbox 1374 3659 1566 3729; x_wconf 73' lang='lat' dir='ltr'><strong>oequali</strong></span> 
     </span>
     <span class='ocr_line' id='line_1_41' title="bbox 538 3735 1568 3808; baseline -0.008 -10"><span class='ocrx_word' id='word_1_232' title='bbox 538 3739 807 3798; x_wconf 77' lang='lat' dir='ltr'><strong>concurrit</strong></span> <span class='ocrx_word' id='word_1_233' title='bbox 824 3755 1035 3790; x_wconf 81' lang='lat' dir='ltr'>russeus</span> <span class='ocrx_word' id='word_1_234' title='bbox 1062 3735 1249 3790; x_wconf 76' lang='lat' dir='ltr'><strong>albo».</strong></span> <span class='ocrx_word' id='word_1_235' title='bbox 1284 3767 1356 3776; x_wconf 89' lang='lat'><em>——-—</em></span> <span class='ocrx_word' id='word_1_236' title='bbox 1382 3741 1568 3808; x_wconf 73' lang='lat' dir='ltr'><strong>Alliget</strong></span> 
     </span>
     <span class='ocr_line' id='line_1_42' title="bbox 538 3814 1560 3888; baseline -0.004 -12"><span class='ocrx_word' id='word_1_237' title='bbox 538 3826 703 3882; x_wconf 74' lang='lat' dir='ltr'><strong>albos,</strong></span> <span class='ocrx_word' id='word_1_238' title='bbox 728 3820 783 3872; x_wconf 90' lang='lat' dir='ltr'><strong>h.</strong></span> <span class='ocrx_word' id='word_1_239' title='bbox 803 3836 851 3871; x_wconf 90' lang='lat' dir='ltr'><strong>e.</strong></span> <span class='ocrx_word' id='word_1_240' title='bbox 876 3817 950 3870; x_wconf 82' lang='lat' dir='ltr'><strong>ita</strong></span> <span class='ocrx_word' id='word_1_241' title='bbox 970 3829 1201 3888; x_wconf 90' lang='lat' dir='ltr'><strong>occupet</strong></span> <span class='ocrx_word' id='word_1_242' title='bbox 1220 3828 1271 3868; x_wconf 88' lang='lat' dir='ltr'><strong>et</strong></span> <span class='ocrx_word' id='word_1_243' title='bbox 1295 3814 1560 3887; x_wconf 78' lang='lat' dir='ltr'><strong>obsideat,</strong></span> 
     </span>
     <span class='ocr_line' id='line_1_43' title="bbox 536 3895 1561 3988; baseline -0.004 -32"><span class='ocrx_word' id='word_1_244' title='bbox 536 3916 597 3956; x_wconf 87' lang='lat' dir='ltr'><strong>ut</strong></span> <span class='ocrx_word' id='word_1_245' title='bbox 618 3899 818 3955; x_wconf 85' lang='lat' dir='ltr'><strong>moveri</strong></span> <span class='ocrx_word' id='word_1_246' title='bbox 838 3895 1561 3988; x_wconf 53' lang='lat' dir='ltr'><strong>nequeant58e11eca‚Epist.</strong></span> 
     </span>
     <span class='ocr_line' id='line_1_44' title="bbox 540 3975 1570 4050; baseline -0.002 -15"><span class='ocrx_word' id='word_1_247' title='bbox 540 4000 721 4037; x_wconf 82' lang='lat' dir='ltr'><strong>cxvn:</strong></span> <span class='ocrx_word' id='word_1_248' title='bbox 751 3979 1001 4044; x_wconf 72' lang='lat' dir='ltr'><strong>«Nemo,</strong></span> <span class='ocrx_word' id='word_1_249' title='bbox 1026 3976 1122 4050; x_wconf 83' lang='lat' dir='ltr'><strong>qui</strong></span> <span class='ocrx_word' id='word_1_250' title='bbox 1156 3975 1224 4029; x_wconf 87' lang='lat' dir='ltr'><strong>ad</strong></span> <span class='ocrx_word' id='word_1_251' title='bbox 1264 3975 1570 4033; x_wconf 82' lang='lat' dir='ltr'><strong>incendium</strong></span> 
     </span>
     <span class='ocr_line' id='line_1_45' title="bbox 538 4055 1566 4121; baseline -0.003 -5.945"><span class='ocrx_word' id='word_1_252' title='bbox 538 4063 730 4116; x_wconf 78' lang='lat' dir='ltr'><strong>(lomus</strong></span> <span class='ocrx_word' id='word_1_253' title='bbox 748 4077 853 4113; x_wconf 64' lang='grc' dir='ltr'><strong>ωε</strong></span> <span class='ocrx_word' id='word_1_254' title='bbox 878 4056 1075 4121; x_wconf 83' lang='lat' dir='ltr'><strong>currit,</strong></span> <span class='ocrx_word' id='word_1_255' title='bbox 1105 4055 1339 4110; x_wconf 81' lang='lat' dir='ltr'><strong>tabulam</strong></span> <span class='ocrx_word' id='word_1_256' title='bbox 1366 4057 1566 4112; x_wconf 79' lang='lat' dir='ltr'><strong>latrun-</strong></span> 
     </span>
     <span class='ocr_line' id='line_1_46' title="bbox 534 4136 1568 4211; baseline -0.003 -17"><span class='ocrx_word' id='word_1_257' title='bbox 534 4141 787 4194; x_wconf 83' lang='lat' dir='ltr'><strong>culariam</strong></span> <span class='ocrx_word' id='word_1_258' title='bbox 809 4137 1091 4211; x_wconf 81' lang='lat' dir='ltr'><strong>perspicit,</strong></span> <span class='ocrx_word' id='word_1_259' title='bbox 1121 4147 1177 4188; x_wconf 89' lang='lat' dir='ltr'><strong>ut</strong></span> <span class='ocrx_word' id='word_1_260' title='bbox 1196 4136 1325 4191; x_wconf 84' lang='lat' dir='ltr'><strong>sciat</strong></span> <span class='ocrx_word' id='word_1_261' title='bbox 1342 4155 1568 4210; x_wconf 85' lang='lat' dir='ltr'><strong>quomo·</strong></span> 
     </span>
    </p>
   </div>
   <div class='ocr_carea' id='block_1_7' title="bbox 1644 1035 2740 4213">
    <p class='ocr_par' dir='ltr' id='par_1_8' title="bbox 1644 1035 2671 1344">
     <span class='ocr_line' id='line_1_47' title="bbox 1647 1035 2671 1107; baseline 0.001 -19"><span class='ocrx_word' id='word_1_262' title='bbox 1647 1035 1717 1088; x_wconf 93' lang='lat' dir='ltr'><strong>do</strong></span> <span class='ocrx_word' id='word_1_263' title='bbox 1745 1036 1989 1107; x_wconf 74' lang='lat' dir='ltr'><strong>alligatus</strong></span> <span class='ocrx_word' id='word_1_264' title='bbox 2024 1048 2167 1088; x_wconf 82' lang='lat' dir='ltr'><strong>exeat</strong></span> <span class='ocrx_word' id='word_1_265' title='bbox 2193 1035 2430 1089; x_wconf 81' lang='lat' dir='ltr'><strong>calculus</strong></span> <span class='ocrx_word' id='word_1_266' title='bbox 2450 1061 2491 1088; x_wconf 76' lang='grc' dir='ltr'><strong>ι.</strong></span> <span class='ocrx_word' id='word_1_267' title='bbox 2529 1037 2671 1089; x_wconf 86' lang='lat' dir='ltr'><strong>Dicit</strong></span> 
     </span>
     <span class='ocr_line' id='line_1_48' title="bbox 1646 1117 2669 1187; baseline 0.001 -18"><span class='ocrx_word' id='word_1_268' title='bbox 1646 1127 1824 1169; x_wconf 83' lang='lat' dir='ltr'><strong>autem</strong></span> <span class='ocrx_word' id='word_1_269' title='bbox 1868 1119 2039 1177; x_wconf 82' lang='lat' dir='ltr'><strong>albos,</strong></span> <span class='ocrx_word' id='word_1_270' title='bbox 2079 1117 2208 1187; x_wconf 85' lang='lat' dir='ltr'><strong>quia</strong></span> <span class='ocrx_word' id='word_1_271' title='bbox 2253 1134 2392 1169; x_wconf 85' lang='lat' dir='ltr'><strong>uuus</strong></span> <span class='ocrx_word' id='word_1_272' title='bbox 2434 1117 2669 1170; x_wconf 76' lang='lat' dir='ltr'><strong>calculus</strong></span> 
     </span>
     <span class='ocr_line' id='line_1_49' title="bbox 1645 1193 2670 1269; baseline -0.002 -19"><span class='ocrx_word' id='word_1_273' title='bbox 1645 1207 1850 1267; x_wconf 73' lang='lat' dir='ltr'><strong>poterat</strong></span> <span class='ocrx_word' id='word_1_274' title='bbox 1859 1194 1994 1248; x_wconf 82' lang='lat' dir='ltr'><strong>duos</strong></span> <span class='ocrx_word' id='word_1_275' title='bbox 2005 1194 2294 1250; x_wconf 60' lang='lat' dir='ltr'><strong>discolores</strong></span> <span class='ocrx_word' id='word_1_276' title='bbox 2304 1193 2670 1269; x_wconf 66' lang='lat' dir='ltr'><strong>alligareNid-</strong></span> 
     </span>
     <span class='ocr_line' id='line_1_50' title="bbox 1644 1274 1997 1344; baseline -0.006 -16"><span class='ocrx_word' id='word_1_277' title='bbox 1644 1274 1778 1328; x_wconf 81' lang='lat' dir='ltr'><strong>infra</strong></span> <span class='ocrx_word' id='word_1_278' title='bbox 1798 1294 1851 1328; x_wconf 79' lang='lat' dir='ltr'><strong>v.</strong></span> <span class='ocrx_word' id='word_1_279' title='bbox 1879 1293 1997 1344; x_wconf 85' lang='lat'>190.</span> 
     </span>
    </p>

    <p class='ocr_par' dir='ltr' id='par_1_9' title="bbox 1645 1354 2740 2382">
     <span class='ocr_line' id='line_1_51' title="bbox 1722 1354 2740 1422; baseline 0.001 -14"><span class='ocrx_word' id='word_1_280' title='bbox 1722 1355 1840 1408; x_wconf 78' lang='lat'><strong>183.</strong></span> <span class='ocrx_word' id='word_1_281' title='bbox 1874 1358 1990 1421; x_wconf 78' lang='lat' dir='ltr'><strong>Quis</strong></span> <span class='ocrx_word' id='word_1_282' title='bbox 2019 1369 2068 1406; x_wconf 79' lang='lat' dir='ltr'><strong>ee</strong></span> <span class='ocrx_word' id='word_1_283' title='bbox 2097 1358 2224 1406; x_wconf 73' lang='lat' dir='ltr'><strong>duco</strong></span> <span class='ocrx_word' id='word_1_284' title='bbox 2247 1357 2419 1416; x_wconf 75' lang='lat' dir='ltr'><strong>cessit,</strong></span> <span class='ocrx_word' id='word_1_285' title='bbox 2449 1354 2506 1408; x_wconf 81' lang='lat' dir='ltr'><strong>h.</strong></span> <span class='ocrx_word' id='word_1_286' title='bbox 2539 1373 2591 1409; x_wconf 83' lang='lat' dir='ltr'><strong>e.</strong></span> <span class='ocrx_word' id='word_1_287' title='bbox 2617 1367 2672 1408; x_wconf 83' lang='lat' dir='ltr'><strong>te</strong></span> <span class='ocrx_word' id='word_1_288' title='bbox 2733 1415 2740 1422; x_wconf 78' lang='lat'><strong>.</strong></span> 
     </span>
     <span class='ocr_line' id='line_1_52' title="bbox 1647 1432 2676 1488; baseline 0.002 -4"><span class='ocrx_word' id='word_1_289' title='bbox 1647 1432 1824 1488; x_wconf 80' lang='lat' dir='ltr'><strong>lusore</strong></span> <span class='ocrx_word' id='word_1_290' title='bbox 1863 1446 1914 1487; x_wconf 82' lang='lat' dir='ltr'><strong>et</strong></span> <span class='ocrx_word' id='word_1_291' title='bbox 1953 1433 2176 1488; x_wconf 82' lang='lat' dir='ltr'><strong>ductore</strong></span> <span class='ocrx_word' id='word_1_292' title='bbox 2209 1433 2559 1488; x_wconf 77' lang='lat' dir='ltr'><strong>calculorum.</strong></span> <span class='ocrx_word' id='word_1_293' title='bbox 2597 1434 2676 1486; x_wconf 86' lang='lat' dir='ltr'><strong>Ut</strong></span> 
     </span>
     <span class='ocr_line' id='line_1_53' title="bbox 1645 1513 2678 1586; baseline -0.001 -20"><span class='ocrx_word' id='word_1_294' title='bbox 1645 1523 1788 1566; x_wconf 84' lang='lat' dir='ltr'><strong>totus</strong></span> <span class='ocrx_word' id='word_1_295' title='bbox 1823 1515 1972 1568; x_wconf 83' lang='lat' dir='ltr'><strong>lusus</strong></span> <span class='ocrx_word' id='word_1_296' title='bbox 2013 1513 2206 1566; x_wconf 68' lang='lat' dir='ltr'><strong>tabule</strong></span> <span class='ocrx_word' id='word_1_297' title='bbox 2239 1514 2468 1568; x_wconf 80' lang='lat' dir='ltr'><strong>formam</strong></span> <span class='ocrx_word' id='word_1_298' title='bbox 2505 1513 2678 1586; x_wconf 68' lang='lat' dir='ltr'><strong>prulii</strong></span> 
     </span>
     <span class='ocr_line' id='line_1_54' title="bbox 1646 1591 2676 1647; baseline 0.002 -3"><span class='ocrx_word' id='word_1_299' title='bbox 1646 1591 1880 1647; x_wconf 80' lang='lat' dir='ltr'><strong>habebat</strong></span> <span class='ocrx_word' id='word_1_300' title='bbox 1905 1604 1958 1646; x_wconf 84' lang='lat' dir='ltr'><strong>et</strong></span> <span class='ocrx_word' id='word_1_301' title='bbox 1983 1591 2174 1646; x_wconf 81' lang='lat' dir='ltr'><strong>calculi</strong></span> <span class='ocrx_word' id='word_1_302' title='bbox 2201 1592 2394 1646; x_wconf 78' lang='lat' dir='ltr'><strong>milites</strong></span> <span class='ocrx_word' id='word_1_303' title='bbox 2419 1593 2676 1646; x_wconf 76' lang='lat' dir='ltr'><strong>diceban-</strong></span> 
     </span>
     <span class='ocr_line' id='line_1_55' title="bbox 1647 1670 2674 1744; baseline -0.001 -18"><span class='ocrx_word' id='word_1_304' title='bbox 1647 1683 1752 1738; x_wconf 82' lang='lat' dir='ltr'><strong>tur,</strong></span> <span class='ocrx_word' id='word_1_305' title='bbox 1779 1674 1852 1727; x_wconf 78' lang='lat' dir='ltr'><strong>ita</strong></span> <span class='ocrx_word' id='word_1_306' title='bbox 1871 1713 1888 1740; x_wconf 86' lang='lat'>,</span> <span class='ocrx_word' id='word_1_307' title='bbox 1911 1671 2008 1744; x_wconf 86' lang='lat' dir='ltr'><strong>qui</strong></span> <span class='ocrx_word' id='word_1_308' title='bbox 2041 1670 2254 1726; x_wconf 79' lang='lat' dir='ltr'><strong>ludebat</strong></span> <span class='ocrx_word' id='word_1_309' title='bbox 2287 1672 2504 1726; x_wconf 81' lang='lat' dir='ltr'><strong>calculis</strong></span> <span class='ocrx_word' id='word_1_310' title='bbox 2538 1677 2674 1734; x_wconf 72' lang='lat' dir='ltr'><strong>dux,</strong></span> 
     </span>
     <span class='ocr_line' id='line_1_56' title="bbox 1646 1751 2674 1824; baseline 0.001 -20"><span class='ocrx_word' id='word_1_311' title='bbox 1646 1763 1700 1804; x_wconf 83' lang='lat' dir='ltr'><strong>et</strong></span> <span class='ocrx_word' id='word_1_312' title='bbox 1733 1753 1830 1824; x_wconf 81' lang='lat' dir='ltr'><strong>qui</strong></span> <span class='ocrx_word' id='word_1_313' title='bbox 1853 1753 2102 1806; x_wconf 80' lang='lat' dir='ltr'><strong>vincebat</strong></span> <span class='ocrx_word' id='word_1_314' title='bbox 2135 1757 2408 1820; x_wconf 74' lang='lat' dir='ltr'><strong>Imperator</strong></span> <span class='ocrx_word' id='word_1_315' title='bbox 2439 1751 2674 1824; x_wconf 69' lang='lat' dir='ltr'><strong>appella·</strong></span> 
     </span>
     <span class='ocr_line' id='line_1_57' title="bbox 1647 1831 2676 1904; baseline 0 -18"><span class='ocrx_word' id='word_1_316' title='bbox 1647 1833 1823 1886; x_wconf 75' lang='lat' dir='ltr'><strong>hamt.</strong></span> <span class='ocrx_word' id='word_1_317' title='bbox 1838 1832 2100 1904; x_wconf 82' lang='lat' dir='ltr'><strong>Vopiscus</strong></span> <span class='ocrx_word' id='word_1_318' title='bbox 2117 1831 2676 1898; x_wconf 58' lang='lat' dir='ltr'><strong>influendo-«Quum</strong></span> 
     </span>
     <span class='ocr_line' id='line_1_58' title="bbox 1647 1910 2678 1985; baseline 0.001 -22"><span class='ocrx_word' id='word_1_319' title='bbox 1647 1911 1704 1964; x_wconf 87' lang='lat' dir='ltr'><strong>in</strong></span> <span class='ocrx_word' id='word_1_320' title='bbox 1723 1910 1958 1985; x_wconf 83' lang='lat' dir='ltr'><strong>quodam</strong></span> <span class='ocrx_word' id='word_1_321' title='bbox 1977 1911 2224 1966; x_wconf 79' lang='lat' dir='ltr'><strong>convivio</strong></span> <span class='ocrx_word' id='word_1_322' title='bbox 2249 1910 2321 1964; x_wconf 81' lang='lat' dir='ltr'><strong>ad</strong></span> <span class='ocrx_word' id='word_1_323' title='bbox 2345 1911 2678 1964; x_wconf 76' lang='lat' dir='ltr'><strong>latrunculos</strong></span> 
     </span>
     <span class='ocr_line' id='line_1_59' title="bbox 1648 1989 2676 2064; baseline -0.001 -20"><span class='ocrx_word' id='word_1_324' title='bbox 1648 1990 1940 2058; x_wconf 79' lang='lat' dir='ltr'><strong>luderetur,</strong></span> <span class='ocrx_word' id='word_1_325' title='bbox 1967 2003 2126 2063; x_wconf 81' lang='lat' dir='ltr'><strong>atque</strong></span> <span class='ocrx_word' id='word_1_326' title='bbox 2151 1990 2263 2064; x_wconf 78' lang='lat' dir='ltr'><strong>ipae</strong></span> <span class='ocrx_word' id='word_1_327' title='bbox 2289 1989 2464 2044; x_wconf 73' lang='lat' dir='ltr'><strong>decies</strong></span> <span class='ocrx_word' id='word_1_328' title='bbox 2491 1991 2676 2062; x_wconf 84' lang='lat' dir='ltr'><strong>Impe-</strong></span> 
     </span>
     <span class='ocr_line' id='line_1_60' title="bbox 1645 2069 2676 2142; baseline 0 -18"><span class='ocrx_word' id='word_1_329' title='bbox 1645 2083 1792 2126; x_wconf 84' lang='lat' dir='ltr'><strong>rator</strong></span> <span class='ocrx_word' id='word_1_330' title='bbox 1820 2071 2068 2135; x_wconf 77' lang='lat' dir='ltr'><strong>exiisset,</strong></span> <span class='ocrx_word' id='word_1_331' title='bbox 2093 2069 2310 2142; x_wconf 81' lang='lat' dir='ltr'><strong>quidam</strong></span> <span class='ocrx_word' id='word_1_332' title='bbox 2337 2089 2448 2124; x_wconf 88' lang='lat' dir='ltr'><strong>non</strong></span> <span class='ocrx_word' id='word_1_333' title='bbox 2469 2069 2676 2142; x_wconf 76' lang='lat' dir='ltr'><strong>ignobi·—</strong></span> 
     </span>
     <span class='ocr_line' id='line_1_61' title="bbox 1646 2150 2676 2222; baseline -0.001 -16"><span class='ocrx_word' id='word_1_334' title='bbox 1646 2151 1710 2206; x_wconf 85' lang='lat' dir='ltr'><strong>lis</strong></span> <span class='ocrx_word' id='word_1_335' title='bbox 1747 2169 1952 2214; x_wconf 82' lang='lat' dir='ltr'><strong>scurra,</strong></span> <span class='ocrx_word' id='word_1_336' title='bbox 1979 2154 2127 2214; x_wconf 75' lang='lat' dir='ltr'><strong>Ave,</strong></span> <span class='ocrx_word' id='word_1_337' title='bbox 2163 2150 2368 2221; x_wconf 86' lang='lat' dir='ltr'><strong>inquit,</strong></span> <span class='ocrx_word' id='word_1_338' title='bbox 2404 2151 2676 2222; x_wconf 76' lang='lat' dir='ltr'><strong>Auguste,</strong></span> 
     </span>
     <span class='ocr_line' id='line_1_62' title="bbox 1647 2229 2678 2304; baseline 0.002 -21"><span class='ocrx_word' id='word_1_339' title='bbox 1647 2231 1912 2304; x_wconf 80' lang='lat' dir='ltr'><strong>allataque</strong></span> <span class='ocrx_word' id='word_1_340' title='bbox 1957 2233 2080 2286; x_wconf 83' lang='lat' dir='ltr'><strong>lana</strong></span> <span class='ocrx_word' id='word_1_341' title='bbox 2123 2247 2388 2302; x_wconf 81' lang='lat' dir='ltr'><strong>purpurea</strong></span> <span class='ocrx_word' id='word_1_342' title='bbox 2424 2229 2678 2287; x_wconf 79' lang='lat' dir='ltr'><strong>humeros</strong></span> 
     </span>
     <span class='ocr_line' id='line_1_63' title="bbox 1646 2308 2556 2382; baseline 0.002 -20"><span class='ocrx_word' id='word_1_343' title='bbox 1646 2310 1761 2382; x_wconf 79' lang='lat' dir='ltr'><strong>ejus</strong></span> <span class='ocrx_word' id='word_1_344' title='bbox 1784 2311 1976 2374; x_wconf 82' lang='lat' dir='ltr'><strong>vinxit,</strong></span> <span class='ocrx_word' id='word_1_345' title='bbox 1993 2327 2224 2382; x_wconf 85' lang='lat' dir='ltr'><strong>eumque</strong></span> <span class='ocrx_word' id='word_1_346' title='bbox 2245 2308 2489 2363; x_wconf 72' lang='lat' dir='ltr'><strong>ador-avit</strong></span> <span class='ocrx_word' id='word_1_347' title='bbox 2509 2335 2556 2364; x_wconf 72' lang='grc' dir='ltr'><strong>ι.</strong></span> 
     </span>
    </p>

    <p class='ocr_par' dir='ltr' id='par_1_10' title="bbox 1645 2392 2682 3338">
     <span class='ocr_line' id='line_1_64' title="bbox 1709 2392 2682 2459; baseline -0.001 -17"><span class='ocrx_word' id='word_1_348' title='bbox 1709 2392 2010 2458; x_wconf 71' lang='lat' dir='ltr'><strong>·184.Qm&#39;s</strong></span> <span class='ocrx_word' id='word_1_349' title='bbox 2052 2410 2154 2442; x_wconf 79' lang='lat' dir='ltr'><strong>non</strong></span> <span class='ocrx_word' id='word_1_350' title='bbox 2183 2393 2432 2458; x_wconf 72' lang='lat' dir='ltr'><strong>periturus</strong></span> <span class='ocrx_word' id='word_1_351' title='bbox 2461 2393 2682 2459; x_wconf 60' lang='lat' dir='ltr'><strong>palitiis</strong></span> 
     </span>
     <span class='ocr_line' id='line_1_65' title="bbox 1645 2469 2679 2542; baseline 0.001 -21"><span class='ocrx_word' id='word_1_352' title='bbox 1645 2472 1869 2530; x_wconf 52' lang='grc' dir='ltr'><strong>ἄσκεπτα</strong></span> <span class='ocrx_word' id='word_1_353' title='bbox 1906 2469 1963 2523; x_wconf 83' lang='lat' dir='ltr'><strong>id</strong></span> <span class='ocrx_word' id='word_1_354' title='bbox 1999 2483 2106 2536; x_wconf 86' lang='lat' dir='ltr'><strong>est,</strong></span> <span class='ocrx_word' id='word_1_355' title='bbox 2133 2471 2253 2542; x_wconf 79' lang='lat' dir='ltr'><strong>quis</strong></span> <span class='ocrx_word' id='word_1_356' title='bbox 2296 2471 2535 2524; x_wconf 76' lang='lat' dir='ltr'><strong>calculus</strong></span> <span class='ocrx_word' id='word_1_357' title='bbox 2575 2471 2679 2526; x_wconf 86' lang='lat' dir='ltr'><strong>tibi</strong></span> 
     </span>
     <span class='ocr_line' id='line_1_66' title="bbox 1647 2549 2680 2640; baseline 0.003 -39"><span class='ocrx_word' id='word_1_358' title='bbox 1647 2561 1946 2640; x_wconf 77' lang='lat' dir='ltr'><strong>peremptus</strong></span> <span class='ocrx_word' id='word_1_359' title='bbox 1981 2561 2095 2616; x_wconf 81' lang='lat' dir='ltr'><strong>est,</strong></span> <span class='ocrx_word' id='word_1_360' title='bbox 2119 2549 2212 2620; x_wconf 83' lang='lat' dir='ltr'><strong>qui</strong></span> <span class='ocrx_word' id='word_1_361' title='bbox 2247 2567 2358 2602; x_wconf 89' lang='lat' dir='ltr'><strong>non</strong></span> <span class='ocrx_word' id='word_1_362' title='bbox 2393 2562 2680 2622; x_wconf 77' lang='lat' dir='ltr'><strong>antequam</strong></span> 
     </span>
     <span class='ocr_line' id='line_1_67' title="bbox 1647 2628 2681 2702; baseline 0.002 -20"><span class='ocrx_word' id='word_1_363' title='bbox 1647 2628 1872 2698; x_wconf 74' lang='lat' dir='ltr'><strong>periret,</strong></span> <span class='ocrx_word' id='word_1_364' title='bbox 1915 2628 2118 2701; x_wconf 78' lang='lat' dir='ltr'><strong>aliquot</strong></span> <span class='ocrx_word' id='word_1_365' title='bbox 2157 2629 2304 2699; x_wconf 83' lang='lat' dir='ltr'><strong>prius</strong></span> <span class='ocrx_word' id='word_1_366' title='bbox 2343 2629 2460 2701; x_wconf 83' lang='lat' dir='ltr'><strong>ipse</strong></span> <span class='ocrx_word' id='word_1_367' title='bbox 2498 2629 2681 2702; x_wconf 81' lang='lat' dir='ltr'><strong>perdi-</strong></span> 
     </span>
     <span class='ocr_line' id='line_1_68' title="bbox 1649 2706 2682 2772; baseline 0.006 -12"><span class='ocrx_word' id='word_1_368' title='bbox 1649 2706 1812 2762; x_wconf 79' lang='lat' dir='ltr'><strong>disset</strong></span> <span class='ocrx_word' id='word_1_369' title='bbox 1837 2707 2042 2772; x_wconf 83' lang='lat' dir='ltr'><strong>hostes‚</strong></span> <span class='ocrx_word' id='word_1_370' title='bbox 2063 2709 2103 2762; x_wconf 89' lang='lat' dir='ltr'><strong>i.</strong></span> <span class='ocrx_word' id='word_1_371' title='bbox 2134 2727 2180 2762; x_wconf 90' lang='lat' dir='ltr'><strong>e.</strong></span> <span class='ocrx_word' id='word_1_372' title='bbox 2209 2709 2440 2764; x_wconf 80' lang='lat' dir='ltr'><strong>calculos</strong></span> <span class='ocrx_word' id='word_1_373' title='bbox 2463 2721 2682 2766; x_wconf 80' lang='lat' dir='ltr'><strong>contra-</strong></span> 
     </span>
     <span class='ocr_line' id='line_1_69' title="bbox 1650 2787 2681 2860; baseline 0.002 -20"><span class='ocrx_word' id='word_1_374' title='bbox 1650 2787 1778 2840; x_wconf 79' lang='lat' dir='ltr'><strong>rios.</strong></span> <span class='ocrx_word' id='word_1_375' title='bbox 1799 2788 1908 2842; x_wconf 72' lang='lat' dir='ltr'><strong>Su</strong></span> <span class='ocrx_word' id='word_1_376' title='bbox 1917 2805 2035 2841; x_wconf 72' lang='grc' dir='ltr'><strong>ηε..</strong></span> <span class='ocrx_word' id='word_1_377' title='bbox 2049 2787 2252 2841; x_wconf 83' lang='lat' dir='ltr'><strong>—Mco</strong></span> <span class='ocrx_word' id='word_1_378' title='bbox 2275 2787 2478 2860; x_wconf 86' lang='lat' dir='ltr'><strong>judicio</strong></span> <span class='ocrx_word' id='word_1_379' title='bbox 2489 2794 2681 2858; x_wconf 57' lang='lat' dir='ltr'><strong>peniu-</strong></span> 
     </span>
     <span class='ocr_line' id='line_1_70' title="bbox 1652 2865 2678 2938; baseline 0.004 -20"><span class='ocrx_word' id='word_1_380' title='bbox 1652 2886 1735 2918; x_wconf 77' lang='lat' dir='ltr'><strong>ms</strong></span> <span class='ocrx_word' id='word_1_381' title='bbox 1782 2879 1895 2930; x_wconf 82' lang='lat' dir='ltr'><strong>est,</strong></span> <span class='ocrx_word' id='word_1_382' title='bbox 1921 2866 2018 2938; x_wconf 83' lang='lat' dir='ltr'><strong>qui</strong></span> <span class='ocrx_word' id='word_1_383' title='bbox 2056 2865 2188 2923; x_wconf 81' lang='lat' dir='ltr'><strong>dum</strong></span> <span class='ocrx_word' id='word_1_384' title='bbox 2228 2867 2401 2938; x_wconf 77' lang='lat' dir='ltr'><strong>perire</strong></span> <span class='ocrx_word' id='word_1_385' title='bbox 2435 2866 2678 2934; x_wconf 81' lang='lat' dir='ltr'><strong>videtur,</strong></span> 
     </span>
     <span class='ocr_line' id='line_1_71' title="bbox 1651 2945 2682 3020; baseline 0.001 -19"><span class='ocrx_word' id='word_1_386' title='bbox 1651 2945 1784 3001; x_wconf 86' lang='lat' dir='ltr'><strong>dum</strong></span> <span class='ocrx_word' id='word_1_387' title='bbox 1837 2964 2042 3000; x_wconf 77' lang='lat' dir='ltr'><strong>summa</strong></span> <span class='ocrx_word' id='word_1_388' title='bbox 2094 2947 2334 3019; x_wconf 82' lang='lat' dir='ltr'><strong>pericula</strong></span> <span class='ocrx_word' id='word_1_389' title='bbox 2385 2949 2682 3020; x_wconf 78' lang='lat' dir='ltr'><strong>experitur,</strong></span> 
     </span>
     <span class='ocr_line' id='line_1_72' title="bbox 1652 3025 2682 3097; baseline 0.004 -19"><span class='ocrx_word' id='word_1_390' title='bbox 1652 3026 1858 3078; x_wconf 81' lang='lat' dir='ltr'><strong>hostem</strong></span> <span class='ocrx_word' id='word_1_391' title='bbox 1899 3025 2076 3096; x_wconf 81' lang='lat' dir='ltr'><strong>potius</strong></span> <span class='ocrx_word' id='word_1_392' title='bbox 2107 3025 2304 3097; x_wconf 85' lang='lat' dir='ltr'><strong>perdit.</strong></span> <span class='ocrx_word' id='word_1_393' title='bbox 2343 3026 2534 3080; x_wconf 77' lang='lat' dir='ltr'><strong>Millies</strong></span> <span class='ocrx_word' id='word_1_394' title='bbox 2574 3027 2682 3082; x_wconf 86' lang='lat' dir='ltr'><strong>hoc</strong></span> 
     </span>
     <span class='ocr_line' id='line_1_73' title="bbox 1651 3103 2682 3162; baseline 0.006 -6"><span class='ocrx_word' id='word_1_395' title='bbox 1651 3105 1727 3159; x_wconf 75' lang='lat' dir='ltr'><strong>itu</strong></span> <span class='ocrx_word' id='word_1_396' title='bbox 1757 3105 1820 3158; x_wconf 84' lang='lat' dir='ltr'><strong>fit</strong></span> <span class='ocrx_word' id='word_1_397' title='bbox 1853 3105 1910 3157; x_wconf 90' lang='lat' dir='ltr'><strong>in</strong></span> <span class='ocrx_word' id='word_1_398' title='bbox 1943 3105 2298 3159; x_wconf 78' lang='lat' dir='ltr'><strong>scacchorum</strong></span> <span class='ocrx_word' id='word_1_399' title='bbox 2330 3103 2481 3160; x_wconf 87' lang='lat' dir='ltr'><strong>ludo.</strong></span> <span class='ocrx_word' id='word_1_400' title='bbox 2521 3107 2682 3162; x_wconf 75' lang='lat' dir='ltr'><strong>Certe</strong></span> 
     </span>
     <span class='ocr_line' id='line_1_74' title="bbox 1653 3183 2682 3258; baseline 0.003 -20"><span class='ocrx_word' id='word_1_401' title='bbox 1653 3184 1758 3238; x_wconf 88' lang='lat' dir='ltr'><strong>hoc</strong></span> <span class='ocrx_word' id='word_1_402' title='bbox 1795 3183 2014 3255; x_wconf 81' lang='lat' dir='ltr'><strong>majoris</strong></span> <span class='ocrx_word' id='word_1_403' title='bbox 2039 3183 2208 3238; x_wconf 79' lang='lat' dir='ltr'><strong>laudis</strong></span> <span class='ocrx_word' id='word_1_404' title='bbox 2233 3197 2312 3238; x_wconf 75' lang='lat' dir='ltr'><strong>est</strong></span> <span class='ocrx_word' id='word_1_405' title='bbox 2329 3225 2346 3252; x_wconf 87' lang='lat'><strong><em>‚</em></strong></span> <span class='ocrx_word' id='word_1_406' title='bbox 2375 3187 2422 3239; x_wconf 78' lang='lat' dir='ltr'><strong>si</strong></span> <span class='ocrx_word' id='word_1_407' title='bbox 2447 3205 2516 3240; x_wconf 86' lang='lat' dir='ltr'><strong>nc</strong></span> <span class='ocrx_word' id='word_1_408' title='bbox 2541 3187 2682 3258; x_wconf 86' lang='lat' dir='ltr'><strong>perit</strong></span> 
     </span>
     <span class='ocr_line' id='line_1_75' title="bbox 1652 3261 2431 3338; baseline 0 -20"><span class='ocrx_word' id='word_1_409' title='bbox 1652 3263 1868 3338; x_wconf 87' lang='lat' dir='ltr'><strong>quidem</strong></span> <span class='ocrx_word' id='word_1_410' title='bbox 1903 3261 2199 3334; x_wconf 85' lang='lat' dir='ltr'><strong>perdendo.</strong></span> <span class='ocrx_word' id='word_1_411' title='bbox 2227 3267 2431 3320; x_wconf 63' lang='lat' dir='ltr'><strong>Lacon.</strong></span> 
     </span>
    </p>

    <p class='ocr_par' dir='ltr' id='par_1_11' title="bbox 1647 3344 2690 4058">
     <span class='ocr_line' id='line_1_76' title="bbox 1729 3344 2682 3404; baseline 0.006 -6"><span class='ocrx_word' id='word_1_412' title='bbox 1729 3344 1844 3398; x_wconf 84' lang='lat'>185.</span> <span class='ocrx_word' id='word_1_413' title='bbox 1865 3347 2006 3398; x_wconf 74' lang='lat' dir='ltr'><strong>Mille</strong></span> <span class='ocrx_word' id='word_1_414' title='bbox 2025 3347 2184 3398; x_wconf 74' lang='lat' dir='ltr'><strong>modis</strong></span> <span class='ocrx_word' id='word_1_415' title='bbox 2203 3350 2339 3398; x_wconf 77' lang='lat' dir='ltr'><strong>acies</strong></span> <span class='ocrx_word' id='word_1_416' title='bbox 2360 3361 2464 3399; x_wconf 76' lang='lat' dir='ltr'><strong>tua.</strong></span> <span class='ocrx_word' id='word_1_417' title='bbox 2489 3348 2682 3404; x_wconf 78' lang='lat' dir='ltr'><strong>Calcu-</strong></span> 
     </span>
     <span class='ocr_line' id='line_1_77' title="bbox 1647 3422 2684 3500; baseline 0.008 -24"><span class='ocrx_word' id='word_1_418' title='bbox 1647 3423 1822 3478; x_wconf 81' lang='lat' dir='ltr'><strong>lorum</strong></span> <span class='ocrx_word' id='word_1_419' title='bbox 1851 3422 2008 3478; x_wconf 84' lang='lat' dir='ltr'><strong>ludus</strong></span> <span class='ocrx_word' id='word_1_420' title='bbox 2033 3424 2166 3480; x_wconf 84' lang='lat' dir='ltr'><strong>nihil</strong></span> <span class='ocrx_word' id='word_1_421' title='bbox 2191 3425 2342 3480; x_wconf 83' lang='lat' dir='ltr'><strong>aliud</strong></span> <span class='ocrx_word' id='word_1_422' title='bbox 2376 3439 2455 3482; x_wconf 75' lang='lat' dir='ltr'><strong>est</strong></span> <span class='ocrx_word' id='word_1_423' title='bbox 2468 3467 2484 3493; x_wconf 85' lang='lat'><strong>,</strong></span> <span class='ocrx_word' id='word_1_424' title='bbox 2515 3447 2684 3500; x_wconf 79' lang='lat' dir='ltr'><strong>quam</strong></span> 
     </span>
     <span class='ocr_line' id='line_1_78' title="bbox 1647 3503 2689 3572; baseline 0.006 -16"><span class='ocrx_word' id='word_1_425' title='bbox 1647 3515 1818 3558; x_wconf 83' lang='lat' dir='ltr'><strong>castra</strong></span> <span class='ocrx_word' id='word_1_426' title='bbox 1836 3540 1853 3569; x_wconf 89' lang='lat'><em>,</em></span> <span class='ocrx_word' id='word_1_427' title='bbox 1871 3515 1926 3556; x_wconf 89' lang='lat' dir='ltr'><strong>et</strong></span> <span class='ocrx_word' id='word_1_428' title='bbox 1943 3503 2200 3558; x_wconf 85' lang='lat' dir='ltr'><strong>instructa</strong></span> <span class='ocrx_word' id='word_1_429' title='bbox 2221 3507 2376 3560; x_wconf 80' lang='lat' dir='ltr'><strong>acics.</strong></span> <span class='ocrx_word' id='word_1_430' title='bbox 2401 3506 2506 3560; x_wconf 86' lang='lat' dir='ltr'><strong>Sed</strong></span> <span class='ocrx_word' id='word_1_431' title='bbox 2527 3523 2689 3572; x_wconf 72' lang='lat' dir='ltr'><strong>cave,</strong></span> 
     </span>
     <span class='ocr_line' id='line_1_79' title="bbox 1653 3581 2684 3658; baseline 0.007 -23"><span class='ocrx_word' id='word_1_432' title='bbox 1653 3601 1723 3636; x_wconf 89' lang='lat' dir='ltr'><strong>ne</strong></span> <span class='ocrx_word' id='word_1_433' title='bbox 1781 3581 2063 3637; x_wconf 89' lang='lat' dir='ltr'><strong>duodecim</strong></span> <span class='ocrx_word' id='word_1_434' title='bbox 2123 3584 2440 3658; x_wconf 83' lang='lat' dir='ltr'><strong>scriptorum</strong></span> <span class='ocrx_word' id='word_1_435' title='bbox 2489 3585 2684 3644; x_wconf 77' lang='lat' dir='ltr'><strong>ludum</strong></span> 
     </span>
     <span class='ocr_line' id='line_1_80' title="bbox 1655 3662 2685 3720; baseline 0.006 -5"><span class='ocrx_word' id='word_1_436' title='bbox 1655 3679 1776 3716; x_wconf 89' lang='lat' dir='ltr'><strong>cum</strong></span> <span class='ocrx_word' id='word_1_437' title='bbox 1817 3662 2129 3716; x_wconf 75' lang='lat' dir='ltr'><strong>latrunculis</strong></span> <span class='ocrx_word' id='word_1_438' title='bbox 2171 3663 2488 3719; x_wconf 76' lang='lat' dir='ltr'><strong>confundas.</strong></span> <span class='ocrx_word' id='word_1_439' title='bbox 2531 3667 2685 3720; x_wconf 70' lang='lat' dir='ltr'><strong>Alius</strong></span> 
     </span>
     <span class='ocr_line' id='line_1_81' title="bbox 1651 3742 2690 3815; baseline 0.006 -21"><span class='ocrx_word' id='word_1_440' title='bbox 1651 3742 1792 3794; x_wconf 85' lang='lat' dir='ltr'><strong>enim</strong></span> <span class='ocrx_word' id='word_1_441' title='bbox 1821 3754 1916 3796; x_wconf 81' lang='lat' dir='ltr'><strong>est.</strong></span> <span class='ocrx_word' id='word_1_442' title='bbox 1947 3743 2116 3815; x_wconf 83' lang='lat' dir='ltr'><strong>Cujus</strong></span> <span class='ocrx_word' id='word_1_443' title='bbox 2149 3742 2490 3798; x_wconf 76' lang='lat' dir='ltr'><strong>inventorem</strong></span> <span class='ocrx_word' id='word_1_444' title='bbox 2519 3745 2690 3800; x_wconf 80' lang='lat' dir='ltr'><strong>tradi-</strong></span> 
     </span>
     <span class='ocr_line' id='line_1_82' title="bbox 1651 3820 2684 3880; baseline 0.006 -6"><span class='ocrx_word' id='word_1_445' title='bbox 1651 3820 1844 3875; x_wconf 83' lang='lat' dir='ltr'><strong>derunt</strong></span> <span class='ocrx_word' id='word_1_446' title='bbox 1878 3821 2228 3878; x_wconf 82' lang='lat' dir='ltr'><strong>Palamedem.</strong></span> <span class='ocrx_word' id='word_1_447' title='bbox 2250 3823 2411 3878; x_wconf 79' lang='lat' dir='ltr'><strong>Ovid.</strong></span> <span class='ocrx_word' id='word_1_448' title='bbox 2430 3825 2544 3878; x_wconf 86' lang='lat' dir='ltr'><strong>init.</strong></span> <span class='ocrx_word' id='word_1_449' title='bbox 2563 3827 2684 3880; x_wconf 80' lang='lat' dir='ltr'><strong>Art.</strong></span> 
     </span>
     <span class='ocr_line' id='line_1_83' title="bbox 1652 3901 2684 3976; baseline 0.004 -22"><span class='ocrx_word' id='word_1_450' title='bbox 1652 3904 1773 3956; x_wconf 84' lang='lat' dir='ltr'><strong>Am.</strong></span> <span class='ocrx_word' id='word_1_451' title='bbox 1790 3901 2038 3964; x_wconf 83' lang='lat'><strong>111‚363:</strong></span> <span class='ocrx_word' id='word_1_452' title='bbox 2053 3903 2186 3956; x_wconf 68' lang='lat' dir='ltr'><strong>«Est</strong></span> <span class='ocrx_word' id='word_1_453' title='bbox 2203 3921 2368 3976; x_wconf 70' lang='lat' dir='ltr'><strong>genus</strong></span> <span class='ocrx_word' id='word_1_454' title='bbox 2385 3905 2442 3958; x_wconf 88' lang='lat' dir='ltr'><strong>in</strong></span> <span class='ocrx_word' id='word_1_455' title='bbox 2459 3903 2684 3958; x_wconf 77' lang='lat' dir='ltr'><strong>totidem</strong></span> 
     </span>
     <span class='ocr_line' id='line_1_84' title="bbox 1655 3981 2686 4058; baseline 0.006 -26"><span class='ocrx_word' id='word_1_456' title='bbox 1655 3981 1800 4035; x_wconf 83' lang='lat' dir='ltr'><strong>tenui</strong></span> <span class='ocrx_word' id='word_1_457' title='bbox 1842 3981 2048 4036; x_wconf 77' lang='lat' dir='ltr'><strong>ratione</strong></span> <span class='ocrx_word' id='word_1_458' title='bbox 2087 3981 2363 4038; x_wconf 80' lang='lat' dir='ltr'><strong>redactum</strong></span> <span class='ocrx_word' id='word_1_459' title='bbox 2401 3984 2686 4058; x_wconf 76' lang='lat' dir='ltr'><strong>scripula,</strong></span> 
     </span>
    </p>

    <p class='ocr_par' dir='ltr' id='par_1_12' title="bbox 1661 4061 2686 4213">
     <span class='ocr_line' id='line_1_85' title="bbox 1753 4061 2686 4135; baseline 0.006 -22.431"><span class='ocrx_word' id='word_1_460' title='bbox 1753 4062 1911 4116; x_wconf 76' lang='lat' dir='ltr'><strong>».Ita</strong></span> <span class='ocrx_word' id='word_1_461' title='bbox 1937 4061 2079 4115; x_wconf 85' lang='lat' dir='ltr'><strong>enim</strong></span> <span class='ocrx_word' id='word_1_462' title='bbox 2106 4061 2426 4135; x_wconf 80' lang='lat' dir='ltr'><strong>legendum,</strong></span> <span class='ocrx_word' id='word_1_463' title='bbox 2452 4083 2596 4130; x_wconf 86' lang='lat' dir='ltr'><strong>non,</strong></span> <span class='ocrx_word' id='word_1_464' title='bbox 2623 4077 2686 4118; x_wconf 84' lang='lat' dir='ltr'><strong>ut</strong></span> 
     </span>
     <span class='ocr_line' id='line_1_86' title="bbox 1661 4140 2684 4213; baseline 0.006 -19"><span class='ocrx_word' id='word_1_465' title='bbox 1661 4140 1820 4213; x_wconf 80' lang='lat' dir='ltr'><strong>vulgo</strong></span> <span class='ocrx_word' id='word_1_466' title='bbox 1839 4180 1854 4206; x_wconf 83' lang='lat'><strong>,</strong></span> <span class='ocrx_word' id='word_1_467' title='bbox 1879 4144 2083 4210; x_wconf 79' lang='lat' dir='ltr'><strong>spicula.</strong></span> <span class='ocrx_word' id='word_1_468' title='bbox 2111 4141 2238 4196; x_wconf 77' lang='lat' dir='ltr'><strong>Mox</strong></span> <span class='ocrx_word' id='word_1_469' title='bbox 2263 4155 2501 4198; x_wconf 79' lang='lat' dir='ltr'><strong>nostrum</strong></span> <span class='ocrx_word' id='word_1_470' title='bbox 2533 4144 2684 4201; x_wconf 70' lang='lat' dir='ltr'><strong>hunc</strong></span> 
     </span>
    </p>
   </div>
  </div>
 </body>
</html>
