2975 4684
612 363 1021 434 TAURINI
1070 363 1300 434 VOT.
1354 365 1639 433 FORT.
1691 363 2194 434 PRAENEST.
2297 459 2304 464 .
2368 359 2464 434 53

320 495 503 559 tione
533 495 673 574 ejus
691 542 709 576 ,
741 494 956 559 verbis
984 494 1147 559 nihil
1170 495 1468 578 mutatis,
1504 517 1901 560 memorare:
1937 527 1964 550 a
1992 497 2256 585 Legitur
2287 496 2459 562 Prae-

322 617 509 664 neste
540 601 610 664 in
642 600 1094 688 antiquissimo
1128 625 1449 666 marmore
1470 651 1489 685 ,
1521 618 1596 666 ut
1619 601 1952 666 adnotavit
1982 601 2352 668 Scriverius.
2376 604 2458 666 In

322 705 549 771 codice
584 706 850 770 Moroni
881 723 1183 790 notatur,
1222 709 1465 780 Hostiae
1509 708 1634 798 legi
1677 707 1806 771 hoc
1840 729 2096 772 carmen
2119 755 2138 790 ,
2175 707 2356 796 quod
2391 709 2458 772 in

320 814 375 876 F
374 828 631 876 ortunae
674 813 1085 878 Praenestinae
1128 815 1373 903 templo
1417 815 1688 880 sacravit
1722 813 1906 878 Titus
1951 813 2190 878 Caesius
2230 815 2460 878 Tauri-

321 940 451 982 nus
470 967 491 1000 ,
530 917 702 983 filius
738 919 893 983 Titii
938 920 1121 984 Caesii
1163 919 1409 1002 Primi,
1457 919 1830 985 mercatoris
1871 921 2006 984 sive
2041 920 2460 1010 negotiatoris

322 1024 771 1107 frumentarii,
823 1027 937 1112 qui
982 1024 1287 1090 decumas
1325 1027 1632 1090 Fortunae
1666 1025 2008 1114 persolvit,
2061 1041 2126 1090 et
2155 1040 2459 1090 centenas

320 1153 597 1196 coronas
621 1147 781 1196 voto
807 1155 1029 1196 annuo
1060 1133 1121 1198 ei
1152 1130 1373 1198 donat.
1404 1133 1519 1196 Est
1541 1133 1690 1198 satis
1714 1132 1968 1222 elegans
1995 1146 2060 1196 et
2080 1133 2457 1220 antiquum,

320 1235 439 1301 sed
472 1237 582 1303 hic
620 1237 750 1300 illic
780 1253 1183 1327 corruptum.
1219 1238 1483 1326 Legitur
1514 1236 1690 1325 apud
1717 1239 2082 1325 Apianum,
2118 1260 2262 1327 pag.
2295 1259 2452 1324 1923

317 1342 773 1424 Mazochium‚
817 1365 961 1434 pag.
1010 1367 1087 1433 73
1130 1343 1490 1427 Pithoeum,
1539 1344 1727 1409 initio
1778 1345 1891 1410 lib.
1940 1344 2054 1426 IV,
2095 1367 2238 1434 pag.
2297 1348 2460 1432 1473

320 1448 754 1538 scaligerum,
787 1449 902 1514 lib.
935 1452 1003 1532 I,
1060 1451 1364 1516 Catalect.
1398 1473 1542 1540 pag.
1581 1473 1751 1535 2223
1809 1453 1876 1514 in
1914 1450 2455 1539 Inscriptionibus

319 1553 581 1636 Smetii,
609 1555 721 1620 fol.
746 1555 939 1619 XXX
959 1603 978 1638 ,
1011 1555 1132 1620 ins.
1176 1557 1253 1638 6,
1286 1573 1351 1620 et
1378 1558 1445 1620 in
1476 1557 1696 1645 Antiq.
1738 1557 1818 1622 G.
1858 1557 2168 1639 Fabricii,
2197 1580 2262 1646 p.
2300 1557 2453 1640 160,

318 1676 464 1724 tum
501 1683 583 1724 ex
616 1661 934 1728 Boissard.
971 1663 1193 1751 Antiq.
1229 1679 1411 1728 tomo
1444 1665 1510 1746 I,
1535 1687 1680 1755 pag.
1715 1664 1832 1729 81:
1866 1663 2063 1728 habet
2096 1663 2454 1744 GruteruS,

317 1787 467 1854 pag.
504 1767 751 1834 LXXII
775 1815 793 1849 ,
830 1768 952 1833 ins.
985 1767 1061 1850 53
1104 1783 1171 1832 et
1202 1768 1372 1832 hanc
1410 1769 1902 1858 inscriptionem
1939 1769 2022 1832 ab
2053 1769 2135 1832 H.
2169 1769 2454 1834 Antonio

320 1872 653 1938 Coronato
670 1921 690 1955 ,
726 1873 869 1937 viro
903 1873 1194 1956 erudito,
1228 1873 1614 1963 descriptam
1643 1890 1708 1938 et
1737 1874 1860 1939 sibi
1893 1875 2152 1939 missam
2185 1874 2456 1962 protulit

317 1976 521 2042 Aldus
547 1979 882 2044 Manutius
922 1980 989 2042 in
1026 1980 1333 2070 Orthogr.
1370 2004 1514 2071 pag.
1548 1982 1618 2064 6,
1657 1997 1723 2047 et
1753 1981 1820 2044 in
1860 1981 2186 2070 Pighianis
2225 1980 2452 2044 inscri-

315 2082 653 2172 ptionibus
686 2083 945 2150 ineditis
983 2107 1249 2172 quoque
1280 2087 1584 2151 occurrit.
1614 2084 1740 2150 Sed
1777 2102 1844 2150 et
1870 2087 2004 2174 ipse
2036 2085 2304 2175 Pighius
2329 2085 2466 2166 ita,¹

316 2205 395 2252 ut
427 2189 763 2277 quondam
798 2191 1089 2254 oculatus
1130 2191 1309 2260 testis
1338 2192 1673 2257 ·Praeneste
1705 2207 1916 2256 totum
1948 2191 2284 2280 descripsit
2315 2191 2453 2278 epi-

314 2317 607 2383 gramma
650 2296 808 2370 hoc,
853 2296 1031 2360 lectu
1076 2294 1572 2384 dignissimum,
1617 2313 1680 2361 et
1724 2322 1762 2362 a
1807 2298 2102 2380 nemine,
2146 2313 2222 2362 ut
2259 2296 2451 2376 dicit,

314 2418 607 2465 correcte
638 2401 1081 2488 publicatum,
1124 2401 1327 2468 edidit
1352 2404 1419 2467 in
1449 2393 1728 2468 Hercule
1748 2403 2086 2486 Prodicio,
2122 2425 2266 2492 pag.
2302 2403 2450 2468 385.

316 2505 649 2572 Fert-etius
700 2507 769 2571 in
822 2507 1027 2572 Musis
1073 2508 1367 2597 Lapidar.
1407 2510 1520 2574 lib.
1557 2511 1588 2574 1
1611 2559 1628 2587 ‚
1661 2508 1886 2594 initio,
1937 2527 2004 2575 et
2035 2509 2450 2584 Joh.‚Matth.

312 2614 649 2678 Toscanus
673 2629 823 2702 post
850 2615 1135 2679 carmina
1170 2615 1399 2680 illustr.
1431 2615 1615 2680 Poet.
1639 2615 1856 2679 Italor.
1891 2614 2006 2678 uhi
2035 2613 2214 2680 dedit
2243 2631 2454 2682 vetera

314 2719 633 2783 nonnulla
678 2720 1156 2810 Epigrammata
1204 2744 1283 2788 ex
1330 2721 1599 2786 vetustis
1654 2718 1970 2808 lapidibus
2020 2722 2286 2786 collecta
2304 2771 2324 2805 ,
2375 2724 2451 2788 iis

312 2823 445 2889 hoc
480 2847 747 2912 quoque
778 2825 1052 2890 inseruit
1086 2842 1267 2890 tomo
1304 2827 1403 2906 II,
1439 2847 1582 2916 pag.
1613 2847 1700 2912 90
1742 2843 1808 2889 et
1847 2847 1964 2911 91:
2005 2849 2126 2892 nec
2161 2849 2298 2891 non
2334 2829 2451 2894 Iti-

310 2930 573 2994 nerario
600 2951 722 2995 suo
754 2931 947 2994 Italiae
982 2930 1269 2996 Andreas
1302 2931 1647 3014 Schottus,
1679 2930 1790 2995 lib.
1822 2931 1954 3012 111,
1991 2954 2054 3019 p.
2081 2929 2242 3012 5803
2272 2931 2450 2998 deni-

234 3036 245 3046 '
312 3059 445 3123 que
491 3037 685 3100 etiarn
732 3037 1256 3127 Cosmographiae
1300 3060 1433 3104 suae
1482 3037 1720 3103 Paulus
1768 3037 2016 3102 Merula
2035 3087 2052 3120 ,
2122 3054 2302 3126 parte
2345 3041 2410 3104 II
2430 3088 2448 3121 ,

314 3143 426 3206 lib.
460 3143 574 3225 IV,
611 3165 759 3233 pag.
795 3143 926 3222 844
977 3142 1111 3230 (vel
1139 3167 1283 3232 pag.
1315 3143 1507 3232 577),
1553 3161 1620 3208 et
1649 3167 1844 3232 quem
1874 3145 2140 3208 minime
2169 3145 2452 3234 praeteri-

313 3263 455 3312 tum
496 3249 798 3332 decebat,
829 3251 959 3315 JOS.
994 3249 1155 3314 Mar.
1194 3251 1532 3316 Suarezius
1553 3299 1571 3332 ,
1599 3251 1711 3315 lib.
1736 3251 1800 3332 1,
1836 3250 2188 3317 Praenestes
2227 3251 2444 3340 Antiq.

311 3377 452 3443 cap.
478 3355 657 3437 XIV,
682 3377 747 3442 p.
768 3357 920 3433 401,
941 3354 1055 3443 qui
1077 3355 1209 3419 hoc
1233 3378 1494 3420 carmen
1509 3355 1942 3420 Valentiniani
1965 3379 2102 3420 aevo
2129 3357 2447 3444 scriptum

309 3473 515 3548 putat.
535 3459 706 3524 Toto
740 3459 929 3522 etiam
968 3460 1435 3530 commentario
1466 3460 1859 3525 illustratum
1892 3459 2073 3525 dedit
2099 3461 2446 3544 FonteiuS,

308 3565 395 3630 de
416 3565 626 3653 prisca
645 3565 999 3629 Caesiorum
1028 3581 1217 3654 gente
1234 3615 1253 3648 ‚
1272 3589 1407 3656 cap.
1432 3567 1514 3648 V,
1541 3590 1578 3630 a
1606 3589 1748 3656 pag.
1783 3591 1810 3630 1
1828 3589 1854 3630 1
1872 3589 1898 3630 1
1933 3565 2017 3631 ad
2050 3588 2171 3630 120
2191 3615 2208 3648 ,
2247 3587 2444 3654 quem

307 3671 479 3736 vide.
512 3669 711 3759 Apud
744 3670 865 3736 hos
897 3687 1113 3735 tamen
1150 3695 1378 3736 omnes
1414 3695 1546 3738 non
1575 3695 1704 3736 una
1731 3689 1830 3737 est
1861 3672 2154 3748 lectionis
2187 3689 2255 3736 et
2289 3673 2446 3736 scri-

308 3791 520 3865 pturae
561 3775 933 3860 diversitas,
969 3793 1047 3840 ut
1084 3777 1447 3842 videbimus
1478 3810 1524 3843 ι».
1560 3781 1887 3842 Hactenus
1923 3779 1993 3841 P.
2029 3779 2446 3844 Burmannus

308 3881 637 3948 secundus
656 3929 673 3963 ,
702 3883 887 3962 cujus
920 3884 1111 3948 etiam
1146 3883 1676 3949 adnotationibus
1706 3885 1770 3947 in
1803 3883 2084 3948 carmine
2112 3905 2446 3974 exponen·

307 3989 397 4056 do
432 3989 791 4078 plurimum
824 4003 1110 4064 utemur.

392 4095 539 4160 VII.
598 4096 809 4161 Simili
857 4096 990 4160 fere
1039 4113 1422 4186 argumento
1468 4114 1566 4162 est
1611 4119 1889 4186 sequens
1939 4119 2168 4186 poema
2215 4096 2446 4164 incerti
