2975 4684
690 361 1148 432 EPITOME
1213 361 1644 432 ILIADOS
1710 363 2133 433 HOMERI.

2336 363 2475 464 559

437 489 582 555 Rex
615 488 959 568 Danaum,
990 480 1290 554 sublimis
1325 507 1499 576 equo
1537 483 1713 552 volat
1756 486 2023 578 agmina
2058 487 2347 570 circum,

440 600 898 690 Hortaturque
929 595 1130 666 duces
1153 647 1174 680 ‚
1205 594 1597 688 animosque
1630 595 1701 662 in
1734 594 1961 688 praelia
1997 595 2241 668 firmat.

439 707 650 775 Mox
637 729 772 800 ipse
805 707 876 774 in
911 704 1166 774 medios
1197 704 1416 774 audax
1447 729 1519 776 se
1551 704 1839 798 proripit
1876 705 2135 786 hosteS‚

440 817 939 912 oppositasque
979 815 1154 886 acies
1189 816 1424 884 stricto
1457 814 1831 885 diverberat
1862 841 2037 886 ense.

441 929 534 994 Ut
567 927 858 1021 Libycus
890 951 1100 1021 quum
1130 924 1302 995 forte
1331 923 1433 994 leo
1461 907 1696 1020 procul
1734 928 2005 1020 agmina
2036 928 2203 998 vidit

439 1040 620 1105 Iaeta
651 1037 858 1106 boum
891 1037 1134 1130 passim
1168 1034 1413 1106 virides
1443 1059 1669 1104 errare
1710 1061 1832 1130 per
1860 1033 2135 1124 herbas,

441 1144 724 1214 Adtollit
757 1148 1013 1216 cervice
1043 1145 1270 1238 jubas,
1309 1145 1667 1240 sitiensque
1706 1148 1966 1218 cruoris

440 1258 522 1324 In
557 1255 840 1324 mediam
874 1268 1096 1326 erecto
1131 1254 1477 1324 contendit
1514 1270 1781 1349 pectore
1817 1257 2083 1328 turbam
2118 1286 2135 1328 :

439 1364 548 1434 Sic
581 1363 760 1434 ferus
789 1364 1060 1435 Atrides
1093 1363 1402 1434 adversos
1439 1363 1651 1434 fertur
1680 1366 1751 1434 in
1785 1365 2039 1454 hostes»,

437 1471 852 1568 Infestasque
876 1473 1218 1569 Phrygum
1254 1475 1612 1568 proturbat
1642 1471 1918 1570 cuspide
1951 1493 2223 1550 turmas.
2400 1509 2475 1546 :ms

438 1583 676 1652 Virtus
707 1583 888 1654 clara
927 1585 1118 1654 ducis
1153 1585 1330 1654 vires
1370 1585 1676 1658 accendit
1706 1585 2073 1674 Achivum,

436 1697 524 1762 Et
551 1718 701 1787 spes
734 1696 1000 1766 exacuit
1033 1693 1415 1789 languentia
1455 1694 1687 1764 militis
1721 1721 1923 1766 arma.

439 1802 844 1873 Funduntur
873 1805 1157 1890 Teucri,
1190 1807 1410 1874 Danai
1445 1804 1755 1876 laetantur
1786 1823 2080 1878 ovante-⁸.

533 1913 831 1984 Tandem
868 1915 978 1984 hic
1011 1917 1284 1984 AEneam
1323 1917 1617 1985 immisso
1654 1915 2060 1986 contendere
2092 1945 2294 1989 curru

440 2025 785 2119 Conspicit
823 2024 1126 2109 Atrides,
1163 2025 1525 2119 strictoque
1561 2051 1911 2096 occurrere
1951 2025 2127 2096 ferro
2398 2053 2473 2092 ⁵...

437 2140 774 2228 Apparat‚
797 2149 867 2203 et
892 2133 1229 2228 jaculum,
1263 2151 1591 2228 quantum
1636 2135 1824 2203 furor
1861 2136 2001 2228 ipse
2034 2139 2374 2216 movebat,

437 2245 713 2315 Viribus
757 2245 1125 2339 intorquet,
1157 2243 1339 2338 quod
1375 2242 1634 2338 depulit
1668 2269 1853 2312 error
1897 2244 1981 2312 ab
2018 2242 2133 2312 illo

437 2359 678 2430 Pectus
717 2357 790 2424 in
828 2355 1113 2450 aurigae,
1147 2354 1623 2448 stomachoque
1657 2353 1963 2448 infigitur
1995 2353 2153 2424 alto.

411 2529 534 2582 502.
559 2530 770 2582 Adtollit
797 2530 980 2580 cervice
999 2527 1360 2598 jubas.Virgil.

335 2613 460 2662 AEn.
477 2610 528 2662 X
545 2645 562 2670 ‚
616 2611 718 2679 7²6
735 2643 750 2670 ,
801 2607 868 2660 de
885 2606 1039 2660 leone
1057 2625 1070 2659 τ
1107 2633 1132 2652 ιι
1152 2605 1364 2660 Gaudet

337 2689 494 2742 hians
513 2689 770 2752 immane,
789 2704 1075 2758 comasque
1099 2687 1356 2740 arrexit».

337 2769 616 2831 Lucanus,
641 2767 696 2832 1,
734 2784 868 2834 ²092

1449 2526 1611 2580 ovid.
1638 2526 1768 2580 Met.
1796 2528 1855 2589 1,
1898 2529 1999 2582 280
2032 2547 2047 2582 ε
2097 2552 2119 2573 ι
2141 2528 2471 2586 Fluminibus

1448 2607 1633 2659 vestris
1658 2617 1789 2658 totas
1814 2606 2077 2659 immittite
2094 2606 2325 2662 habenas
2345 2637 2387 2663 ι».

1525 2691 1644 2739 510.
1667 2690 1840 2740 Ser-iem
1876 2693 2315 2756 concurret-esem)
2347 2695 2473 2743 Hine

913 2765 1240 2837 «Erexitque
1277 2767 1362 2836 ju-
1440 2781 1597 2834 parat
1614 2765 1683 2818 G.
1718 2785 1767 2820 a.
1796 2768 2213 2835 Oecmereferro
2233 2775 2331 2821 Ten
2336 2787 2405 2822 cuc
2428 2787 2475 2821 ee

337 2848 508 2900 bam-
521 2807 816 2900 .Similiter
841 2843 1128 2917 Olympius
1164 2848 1358 2898 Neme—
1433 2847 1661 2912 jaculum
1684 2847 1747 2900 A·

335 2926 470 2980 aian.
499 2925 668 2978 Laud.
689 2925 902 2978 Hercul.
921 2925 1022 2992 93:
1061 2923 1358 2976 «Excussis

337 3017 514 3059 movet
533 3023 678 3058 anm
698 3004 874 3058 toris-
848 3029 888 3056 ιι.

409 3085 532 3139 50⁵.
555 3085 728 3136 Etiam
751 3083 842 3136 hic
859 3080 1198 3136 scribendum
1213 3093 1362 3152 puta·

337 3165 388 3216 vi
416 3166 676 3233 proturbat
704 3181 802 3233 pro
837 3161 1052 3231 vulgato
1082 3164 1356 3228 perun-bae,

335 3256 394 3296 nt
415 3242 600 3295 monui
619 3241 692 3295 ad
727 3259 860 3293 vers.
901 3239 1021 3302 448.
1048 3239 1118 3292 G.
1152 3258 1179 3291 2
1202 3237 1364 3293 habet

333 3325 566 3374 turbabat
579 3323 795 3389 cuspide.

409 3401 526 3470 507.
561 3405 626 3450 Ee
663 3419 772 3467 spes
810 3399 1028 3449 exacuit.
1049 3397 1196 3466 Virg-
1233 3399 1356 3450 ΑΕΒ.

334 3483 386 3534 X
401 3523 416 3548 ‚
443 3480 544 3534 263
567 3499 582 3531 :
603 3505 630 3526 κ
644 3497 764 3551 apes
785 3475 970 3530 addita
987 3477 1202 3530 suscitat
1216 3477 1354 3530 iras:

333 3559 464 3612 Tela
490 3577 656 3612 manu
671 3557 878 3630 jaciunt
895 3579 935 3608 a.

406 3637 530 3704 509.
541 3640 632 3688 Hic
647 3639 1062 3688 tandemAE’neam
1081 3639 1230 3686 misso
1247 3655 1358 3686 con-

330 3722 533 3768 tendere
567 3716 692 3787 legit
721 3715 786 3768 G.
812 3733 839 3766 a
861 3733 876 3766 :
901 3713 993 3767 sed
1021 3715 1210 3766 merito
1233 3713 1357 3766 reti·

331 3795 429 3848 nui
465 3795 732 3866 vulgatam
771 3795 890 3848 lect.
931 3797 1170 3854 immisso,
1197 3809 1358 3864 quam

331 3875 492 3928 etiam
519 3885 690 3926 servat
709 3873 930 3946 scriptus
951 3875 997 3924 A
1013 3913 1028 3938 ,
1051 3871 1144 3926 aed
1163 3875 1359 3924 tendam

329 3954 481 4026 ponit
507 3972 606 4025 pro
627 3957 940 4008 contendere.
967 3953 1113 4023 Vix-g.
1148 3950 1358 4006 AEneid.

330 4034 442 4096 XI,
481 4034 584 4101 889
615 4051 628 4085 :
671 4032 966 4086 «immissis
1003 4050 1125 4102 pars
1151 4047 1282 4083 coeca
1307 4041 1358 4084 et

288 4173 297 4182 ²
325 4113 536 4165 concita
581 4110 740 4166 frenis
779 4113 976 4164 Arietat
1015 4111 1070 4163 in
1112 4121 1292 4181 portas
1314 4133 1356 4162 υ.

1522 2925 1645 2977 511.
1688 2932 1933 2992 Quanam
1954 2926 2123 2993 furor.
2160 2927 2343 2980 Malim
2382 2929 2471 2984 hic

1449 3001 1631 3093 legere.
1666 3018 1880 3071 quantas
1897 3005 2099 3071 fiet-ort
2083 3009 2187 3073 ipse
2224 3013 2467 3070 movebat,

1447 3082 1561 3136 scil.
1582 3082 1736 3135 vires.
1763 3083 1848 3136 Sic
1870 3083 2056 3154 virgil.
2077 3087 2201 3142 AEn.
2218 3085 2291 3149 V,
2330 3089 2469 3151 454·
2456 3129 2467 3140 .

1453 3186 1474 3207 ιι
1500 3161 1609 3214 vim
1640 3162 1855 3216 suscitat
1880 3162 1961 3214 ira
1979 3199 1995 3224 ‚
2019 3163 2161 3215 Tum
2194 3163 2369 3235 pudor
2394 3167 2471 3220 iu-

1449 3239 1629 3294 cendit
1641 3239 1777 3292 vires
1794 3253 1847 3294 et
1862 3242 2075 3294 conscia
2094 3243 2261 3294 virtus
2272 3269 2313 3295 n.
2325 3275 2391 3286 -—
2406 3247 2473 3299 Et

1450 3319 1667 3372 Gratius
1688 3321 1743 3372 in
1770 3319 2001 3376 Halieut.
2026 3321 2094 3374 56
2114 3337 2127 3371 :
2154 3335 2247 3376 «et
2269 3325 2472 3378 viribus

1449 3397 1657 3450 addidit
1692 3399 1828 3452 iram
1852 3423 1899 3452 ι.
1938 3399 2063 3452 vid.
2103 3400 2261 3470 hujus
2297 3405 2471 3475 operis

1446 3491 1483 3530 t.
1505 3479 1567 3542 1,
1604 3489 1737 3547 part.
1766 3496 1815 3541 1,
1848 3497 1967 3548 pag.
1989 3480 2108 3532 223.
2128 3480 2229 3533 Eu.
2264 3513 2335 3522 —-—
2372 3483 2473 3535 Pro

1445 3559 1665 3608 movebat
1698 3557 1769 3610 G.
1806 3576 1834 3610 2
1870 3556 2003 3628 legit
2025 3561 2275 3612 manebat.

1521 3639 1641 3687 512.
1666 3639 1862 3703 Depulie
1881 3655 2035 3688 error.
2068 3637 2226 3690 ovid.
2252 3639 2468 3693 Metam.

1449 3714 1583 3779 XII,
1602 3715 1669 3768 83
1693 3735 1706 3767 2
1731 3741 1757 3761 ιε
1774 3734 2100 3787 quamquam
2125 3729 2269 3770 certa
2294 3721 2473 3774 nullus

1450 3793 1546 3846 fuit
1565 3813 1713 3846 error
1730 3795 1783 3847 in
1803 3794 1953 3851 hasta
1978 3820 2027 3844 »-

1522 3869 1551 3924 5
1562 3890 1583 3923 1
1594 3873 1639 3925 3.
1660 3877 2015 3942 Stomachoque
2031 3872 2263 3945 infigitur.
2281 3877 2475 3950 Virgil.

1446 3953 1569 4002 AEn.
1602 3951 1709 4016 lx,
1729 3954 1868 4022 698:
1903 3979 1928 3998 α
1948 3953 2091 4010 volat
2122 3955 2256 4006 Itala
2282 3975 2474 4010 cornus

1447 4032 1582 4083 Aera
1628 4049 1722 4100 per
1762 4044 2001 4084 tenerum
2024 4073 2039 4098 ‚
2100 4034 2477 4106 stomachoque

1449 4107 1607 4164 infixa
1633 4111 1733 4162 sub
1759 4111 1923 4164 altum
1942 4111 2129 4164 Pectus
2150 4112 2257 4166 abit
2278 4139 2317 4165 ι.
