2975 4684
1273 373 1583 444 AETNA.

2358 389 2479 437 121

466 491 770 565 Caelestes
805 494 1120 587 migrasse
1155 494 1370 563 minas
1406 495 1490 564 ad
1520 497 1799 565 Tartara
1834 493 2065 563 mundi
2092 519 2112 579 3

461 607 673 676 Nosse
705 603 870 699 quid
907 603 1227 698 impediat
1261 621 1534 693 ventos,
1572 604 1735 702 quid
1774 605 2029 673 nutriat
2064 605 2286 698 ignes»,

347 791 357 800 ‚
465 713 664 784 Unde
700 730 972 810 repente
1005 716 1192 810 quies
1231 731 1300 785 et
1337 715 1551 786 multo
1586 715 1833 786 foedere
1874 739 2008 811 pax
2043 716 2169 802 sit3

467 828 610 896 Cur
641 840 944 895 crescant
981 826 1188 894 animi
1225 828 1529 920 penituS,
1570 853 1689 896 seu
1724 825 1898 895 forte
1934 849 2235 897 cavernae

467 936 929 1030 Introitusque
959 936 1085 1030 ipsi
1123 937 1418 1026 fervent,
1453 962 1573 1006 seu
1608 952 1789 1006 terra
1818 936 2097 1004 minutis
2420 956 2495 997 2⁸⁰.

465 1049 645 1115 Rara
675 1041 1116 1116 foraminibus
1154 1062 1388 1116 tenues
1420 1049 1488 1118 in
1524 1073 1593 1116 se
1628 1047 1958 1117 abstrahit
1984 1069 2202 1114 auras.

563 1154 836 1226 Planius
867 1157 1002 1227 hoc
1029 1157 1268 1246 etiam,
1301 1157 1519 1252 rigido
1556 1182 1689 1253 qua
1720 1159 1969 1226 vertice
2001 1156 2215 1256 surgit
2236 1209 2257 1244 ⁷.

467 1264 664 1336 Illinc
698 1266 1011 1354 infestus,
1045 1283 1247 1362 atque
1284 1269 1444 1338 hinc
1479 1268 1845 1356 obnoxius,
1882 1268 2063 1336 intus

467 1374 784 1470 Undique
818 1376 1114 1456 diversas
1153 1377 1501 1454 admittere
1538 1379 1788 1474 cogitat
1824 1403 2059 1466 auras;

369 1595 548 1636 tamen
583 1596 791 1638 mutare
817 1583 964 1638 nulla
989 1586 1266 1640 necessitas
1293 1598 1388 1640 est.

442 1665 568 1732 276.
591 1667 782 1716 Galesei
811 1665 994 1738 legunt
1021 1684 1206 1719 omnes
1241 1677 1390 1720 vetu-

365 1755 482 1796 sto.
527 1743 646 1795 Hoc
683 1741 812 1797 inde
849 1757 927 1798 est
946 1783 962 1808 ‚
997 1743 1142 1816 qnod
1187 1745 1392 1798 librarii

367 1835 684 1876 connectere
701 1841 828 1877 cum
849 1825 1022 1878 verbis
1028 1825 1270 1894 ferroque
1299 1828 1390 1876 do-

367 1895 571 1954 niamur
590 1903 903 1968 voluerunt,
929 1921 1047 1977 quoe
1071 1917 1196 1958 sunt
1221 1917 1388 1958 extre·

368 1998 454 2034 ma
475 1981 639 2035 trium
676 2001 924 2036 versuum
943 2021 958 2047 ‚
983 2002 1116 2054 qnos
1141 1983 1244 2036 hoc
1275 1985 1391 2036 loco

367 2073 638 2132 exemptos
658 2097 674 2124 ,
689 2073 742 2113 et
762 2061 818 2113 in
833 2081 982 2116 snam
995 2061 1172 2116 sedem
1188 2062 1394 2116 restitn-

370 2152 450 2194 tos
481 2139 716 2194 diximus
733 2139 804 2194 ad
829 2160 884 2194 v.
911 2146 1032 2212 267.
1065 2145 1282 2195 calesces
1303 2145 1390 2194 mi-

369 2239 490 2280 nas,
509 2219 550 2272 i.
573 2238 622 2272 e.
651 2219 886 2274 tonitrua
899 2232 954 2274 et
980 2220 1204 2274 fulmina
1239 2225 1398 2272 —Ad

375 2305 592 2354 ranam
618 2302 792 2350 mundi
803 2318 987 2354 omnes
1011 2299 1283 2371 impressi,
1303 2300 1394 2355 sed

368 2377 464 2431 MS
489 2377 635 2430 Flor.
661 2392 754 2429 atae
773 2383 1006 2431 Tar-cam·
1021 2383 1210 2448 rumpi,
1248 2378 1396 2452 quod

371 2476 401 2510 e
422 2456 756 2510 correctione
777 2474 892 2511 esse
919 2457 1146 2515 videtur·

443 2553 567 2606 ³7⁴7·
613 2536 716 2588 Pro
743 2539 980 2604 inpediat
1001 2537 1141 2591 Flor.
1173 2540 1397 2591 intendat

369 2628 560 2670 contra
585 2634 770 2669 onmes
791 2615 1042 2688 reliquos.

443 2696 566 2765 ²7⁸·
584 2695 628 2748 F
627 2696 730 2748 lor.
755 2699 894 2746 Unde
907 2711 1102 2763 reperta
1121 2697 1270 2764 quies.
1289 2696 1398 2750 Go-

370 2775 568 2829 rallnm
587 2813 604 2839 ,
631 2774 722 2846 qni
748 2783 850 2846 p'ro
882 2791 929 2827 ee
959 2779 1110 2830 multo
1146 2775 1318 2847 legere
1351 2793 1400 2830 et

369 2857 492 2907 inito
529 2855 699 2908 voluit
715 2893 732 2920 ,
780 2855 852 2907 ob
891 2873 1126 2908 errorem
1183 2857 1398 2928 castigat

370 2934 720 2988 Menckenius
743 2933 782 2987 1.
807 2951 857 2987 c.
880 2934 974 3005 qui
995 2933 1166 2987 autin
1185 2933 1398 3006 vulgata

371 3014 818 3089 acquiescendum
835 3053 852 3079 ,
880 3027 972 3069 aut
997 3019 1176 3084 junceo
1217 3016 1398 3088 legen-

373 3095 506 3148 dnm
551 3107 748 3150 censet.
781 3095 1024 3148 Fortasse
1057 3110 1106 3146 ee
1138 3111 1273 3148 muto
1311 3095 1400 3150 hic

374 3174 656 3247 legendum
673 3212 688 3238 ‚
721 3187 782 3227 nt
817 3189 1004 3226 mutam
1031 3177 1242 3243 quietem
1271 3173 1402 3229 dixit

374 3253 534 3308 ovid.
575 3255 788 3308 Metam.
826 3255 936 3319 xl,
977 3257 1098 3306 602.
1139 3255 1400 3308 Ceterum

375 3333 468 3386 hic
509 3335 729 3388 revertit
768 3345 956 3387 auctor
1007 3332 1078 3386 ad
1121 3351 1402 3405 argumenv

374 3425 490 3466 tum
507 3451 524 3475 ,
567 3413 640 3466 de
685 3413 852 3466 subita
892 3413 1074 3486 quiete
1107 3425 1160 3468 et
1193 3415 1402 3468 silentio

375 3493 570 3546 montis
585 3531 600 3555 ,
623 3492 770 3547 unde
791 3492 1088 3546 deverterat
1111 3513 1163 3546 v.
1191 3496 1312 3547 218.

450 3589 569 3642 279.
589 3575 916 3626 Gener-escant
933 3577 1092 3626 aninu'
1111 3575 1312 3628 habent
1337 3575 1402 3626 li-

375 3652 458 3704 bri
477 3663 704 3706 veteres.
723 3651 956 3725 Scaliger
981 3665 1034 3706 et
1055 3653 1302 3707 Gomllns
1321 3653 1402 3708 in-

374 3728 446 3782 de
468 3731 714 3784 fecerunt
739 3737 842 3784 Cur
855 3748 1094 3784 crescant.
1124 3733 1290 3786 Totus
1312 3732 1402 3786 hic

375 3807 524 3861 locus
549 3810 808 3864 obscurus
843 3809 1060 3863 difficile
1095 3810 1403 3882 explicatur.

455 3892 572 3943 280.
593 3895 790 3942 Servent
803 3888 922 3943 cod.
940 3889 1162 3943 Helmst.
1179 3902 1232 3943 et
1257 3891 1398 3945 Flor.

374 3977 430 4020 et
454 3966 578 4020 edd.
615 3981 715 4021 vet.
742 3971 941 4037 servent
973 3970 1206 4042 Scaliger
1235 3982 1290 4024 et
1323 3971 1401 4022 Pi-

375 4045 550 4100 thoens
587 4045 866 4101 ediderunt
883 4085 900 4112 ,
948 4049 1096 4119 quod
1146 4051 1398 4122 profer-03

377 4125 472 4184 sed
493 4146 604 4180 non
629 4127 698 4180 de
727 4129 934 4181 fervore
967 4126 1049 4182 vel
1078 4140 1206 4182 aestu
1239 4128 1400 4200 ignis,

1479 1587 1573 1642 sed
1595 1588 1664 1644 de
1684 1589 1895 1642 turbine
1922 1585 2065 1640 venti
2099 1583 2321 1638 furentis
2342 1580 2495 1634 intel-

1475 1669 1614 1742 ligo,
1638 1679 1699 1722 ut
1722 1687 1774 1720 v.
1817 1669 1915 1738 167
1948 1663 2209 1728 occurrit,
2235 1673 2285 1714 et
2314 1660 2499 1733 Olym-

1477 1749 1597 1820 pius
1616 1785 1631 1812 ,
1658 1749 1860 1820 Cyneg.
1892 1748 1992 1816 276
2024 1743 2093 1797 de
2132 1743 2295 1795 Borea
2312 1757 2329 1792 z
2358 1765 2385 1786 κ
2404 1738 2501 1790 Ine

1477 1846 1638 1900 snper
1680 1826 1871 1880 fluctus
1912 1823 2177 1896 spumanti
2226 1837 2501 1874 murmure

1478 1908 1689 1961 fervens
1714 1933 1755 1959 a.

1552 1989 1672 2042 281.
1694 1993 1827 2040 Neve
1852 1989 1903 2038 in
1924 2004 1976 2036 se
2002 1983 2261 2035 abstrahat
2279 1979 2501 2032 Helmst.

1479 2081 1534 2122 et
1553 2070 1688 2122 Ven.
1718 2087 1837 2119 neve
1854 2070 1903 2118 ιἰι
1922 2085 1973 2116 se
1992 2064 2237 2115 distrahat
2253 2059 2393 2130 Hagss
2408 2060 2505 2109 sive

1482 2151 1533 2199 in
1567 2167 1619 2199 se
1643 2148 1903 2200 abstrahat
1927 2141 2101 2216 Lugd.
2129 2161 2191 2193 ne
2215 2142 2353 2192 venis
2388 2141 2503 2189 abs·

1482 2231 1654 2280 trahat
1668 2227 1813 2292 alian
1836 2224 1977 2278 unde
2005 2221 2251 2276 Gorallus
2283 2215 2504 2271 mutavit

1480 2311 1531 2360 t'n
1553 2327 1707 2359 venas
1729 2307 2005 2358 abstrahat.
2024 2302 2268 2356 Proxime
2292 2295 2363 2351 ad
2382 2295 2505 2350 scri-

1481 2399 1699 2459 pturam
1715 2395 2015 2457 corruptam
2040 2381 2155 2436 cod.
2182 2379 2318 2432 Flor.
2341 2392 2505 2428 tennes

1483 2471 1534 2520 in
1564 2487 1617 2519 se
1656 2469 1897 2519 abstrahit
1918 2503 1933 2526 ,
1963 2461 2109 2535 quod
2148 2458 2371 2534 praetuli.
2403 2458 2507 2510 Te·

1483 2565 1615 2600 nnes
1650 2563 1789 2600 auro
1824 2556 1954 2616 aptae
1989 2543 2207 2598 minutis
2240 2537 2508 2594 foramini-

1483 2626 1583 2679 bus
1598 2663 1613 2690 ,
1634 2637 1696 2678 nt
1720 2627 1981 2680 ferventes
1998 2623 2140 2677 venti
2157 2618 2393 2674 cavernis
2414 2634 2507 2689 pa·

1485 2705 1731 2760 tentibus.
2174 2721 2179 2728 ·

1562 2785 1680 2838 282.
1708 2786 1911 2836 Planius
1947 2786 2041 2834 hoe
2077 2784 2253 2841 eciam,
2280 2774 2509 2832 subaudi

1487 2864 1744 2930 cernitur,
1761 2863 1843 2915 vel
1858 2860 2187 2934 intelligitur.
2204 2860 2401 2910 Plenius
2417 2855 2517 2908 ha-

1486 2945 1615 2997 bent
1663 2959 1850 2996 omnes
1894 2953 2129 3004 veterem
2174 2951 2227 2990 et
2268 2933 2509 3009 quaedam

1488 3027 1595 3075 'aaa
1620 3027 1767 3074 etiam
1782 3059 1799 3082 ,
1822 3023 1983 3090 rigido
2003 3039 2105 3088 qua
2120 3019 2305 3070 vertice
2326 3016 2509 3082 sur-gie,

1487 3103 1547 3158 h.
1584 3121 1633 3156 e.
1665 3101 1720 3153 in
1748 3117 1955 3152 summo
1974 3108 2187 3160 monte,
2213 3113 2319 3168 qna
2356 3111 2514 3164 rupes

1486 3180 1803 3251 adsurgunt.

1566 3261 1684 3315 283.
1709 3261 1855 3312 Illinc
1874 3260 2097 3328 infistus,
2121 3271 2271 3325 atque
2296 3257 2410 3305 hinc
2432 3257 2515 3304 ol·-

1489 3341 1687 3392 noaeius.
1712 3337 1958 3390 Gorallus
1976 3335 2203 3409 explicat
2225 3376 2240 3401 ,
2270 3333 2397 3388 hinc
2420 3332 2513 3386 ad-

1487 3419 1707 3472 mittens
1730 3435 1913 3470 auram
1930 3457 1945 3484 ‚
1967 3416 2113 3470 illinc
2137 3415 2376 3468 emittens
2394 3451 2411 3477 ,
2432 3433 2515 3467 re-

1490 3497 1645 3562 sistit,
1666 3507 1757 3551 ant
1774 3495 1916 3550 cedit
1928 3507 2084 3550 vento
2098 3513 2119 3548 :-
2130 3513 2289 3568 quem
2302 3511 2515 3548 sensum

1488 3579 1779 3630 verborum
1800 3594 1908 3630 non
1927 3576 2049 3629 satis
2066 3575 2234 3646 capio,
2258 3572 2518 3626 Emenda-

1492 3657 1595 3710 tius
1626 3655 1835 3710 videtur
1864 3655 1983 3709 cod.
2008 3656 2149 3708 Flor.
2172 3656 2325 3727 cujus
2354 3653 2519 3705 varia·

1492 3735 1567 3789 tio
1590 3737 1789 3790 utinam
1812 3755 1923 3788 non
1956 3737 2011 3786 in
2038 3733 2143 3787 hoc
2166 3751 2321 3786 versu
2352 3749 2520 3785 cessa-

1494 3827 1575 3870 ret
1600 3835 1613 3870 :
1642 3841 1667 3862 ιε
1691 3815 1846 3868 Illinc
1865 3815 2059 3869 insessa
2084 3825 2161 3867 est
2177 3850 2194 3876 ,
2214 3825 2371 3884 atque
2391 3811 2521 3866 hinc

1489 3896 1719 3949 obnoxia
1768 3895 2003 3947 ventis-z
2040 3911 2141 3946 nec
2179 3902 2355 3944 tamen
2396 3894 2521 3942 imus

1490 3974 1713 4046 vulgatas
1731 4012 1747 4039 ,
1794 3973 1863 4026 ad
1918 3975 2177 4024 admae‘teere
2216 3971 2516 4042 pertinens,

1492 4055 1673 4108 abesse
1692 4071 1847 4126 posse
1868 4050 2303 4105 videtur.—-Scal.
2323 4052 2523 4118 infimas

1494 4146 1544 4185 et
1567 4137 1805 4185 obnooeius
1828 4131 2071 4204 opposita
2092 4149 2204 4186 esse
2224 4129 2373 4184 dicit.
2404 4133 2501 4186 En.
