2975 4684
425 303 554 376 152

1007 309 1408 378 LUCILII
1473 308 1949 380 JUNIORIS

506 424 828 496 Fusilium
869 452 1006 498 esse
1045 443 1274 516 notas;
1301 454 1649 524 nunquam
1686 443 1907 503 tamen
1942 427 2055 498 illa
2089 427 2471 522 liquescunt

512 539 836 628 Quamvis
868 541 1174 610 materies
1209 540 1426 610 foveat
1463 542 1807 612 succosior
1846 541 2061 624 inum,

509 652 653 721 Nec
685 651 951 744 penitus
983 677 1166 720 venae
1201 652 1404 721 fuerit
1437 653 1785 722 commissa
1822 651 2077 721 molari.
2472 669 2551 708 ⁵³.

611 761 814 850 Quod
849 763 901 830 si
939 765 1087 857 quis
1119 761 1358 857 lapidis
1394 765 1677 832 miratur
1715 761 1906 832 fusile
1944 764 2179 848 robur,

513 871 785 965 Cogitet
812 873 1076 942 obscuri
1109 874 1448 942 verissima
1486 874 1662 942 dicta
1695 871 1898 942 libelli
1918 927 1935 960 ‚

513 983 598 1050 Et
635 980 847 1051 discet
877 1007 1037 1051 vero
1077 983 1245 1054 nihil
1282 983 1731 1078 insuperabile
1764 984 1848 1051 ab
1888 985 2065 1079 igni,

515 1093 767 1161 Omnia
804 1119 940 1187 quo
975 1119 1197 1164 rerum
1237 1110 1494 1164 naturae
1532 1096 1785 1163 semina
1816 1095 2017 1188 jacta.

515 1204 656 1273 Nec
684 1205 964 1272 nimium
991 1205 1120 1273 hoc
1148 1205 1396 1274 mirum
1427 1233 1440 1272 :
1479 1203 1865 1274 densissima
1900 1227 2184 1305 corpora
2222 1227 2393 1296 saepe
2476 1225 2553 1264 ⁵³⁵

420 1454 488 1506 go
524 1436 684 1490 siculi
720 1439 824 1492 hoc
855 1439 1071 1491 nomine
1111 1439 1404 1511 significare
1428 1477 1443 1502 ,

423 1514 652 1586 lapidem
667 1515 811 1570 bunc
827 1517 1014 1571 tori-eri
1036 1537 1185 1590 posse
1200 1561 1216 1586 ,
1241 1539 1301 1573 ac
1321 1538 1446 1590 pro-

421 1593 548 1647 inde
567 1595 843 1667 liquefieri.

496 1673 618 1726 528.
667 1677 848 1728 Fusiles
890 1696 997 1732 esse
1043 1692 1186 1728 notas
1229 1675 1444 1728 Helmst.

423 1754 556 1806 Ven.
575 1755 708 1826 Hag.
727 1759 953 1807 &silium
977 1776 1084 1808 esse
1104 1754 1274 1827 Lugd.
1293 1755 1448 1808 Basil.

421 1833 556 1888 Scal.
596 1839 771 1888 Fusilis
808 1857 913 1888 esse
953 1852 1098 1887 notas
1135 1837 1264 1888 Luc.
1301 1835 1448 1908 quod

427 1915 644 1974 fortasse
667 1917 882 1969 rectius.

499 1993 619 2048 530.
641 1994 844 2049 Omnes
870 2008 1069 2048 veteres
1100 1994 1310 2066 legunt:
1343 1999 1448 2045 Nec

416 2077 612 2142 penitus
623 2076 970 2144 venaefuen'nt
982 2079 1240 2126 commissa
1259 2078 1448 2130 molari.

429 2153 552 2206 Una
583 2153 756 2226 Lugd.
790 2154 952 2208 habet
969 2156 1158 2223 fuer-ie,
1198 2153 1345 2228 quod
1367 2173 1451 2205 ve-

428 2251 549 2284 rum
571 2248 720 2304 puto.
745 2233 948 2286 Gorall.
977 2233 1088 2288 haec
1124 2234 1272 2286 omni
1295 2251 1448 2286 sensu

427 2329 610 2369 carere
623 2313 695 2364 ait
708 2350 724 2376 ,
735 2324 788 2364 et
800 2313 1050 2384 quoniam
1063 2325 1330 2366 auctorem
1345 2313 1450 2364 hoc

426 2390 565 2443 velle
586 2401 763 2462 putat,
793 2393 948 2444 fricas
968 2410 1078 2444 non
1111 2410 1261 2464 posse
1294 2393 1453 2464 lique-

429 2469 544 2522 fieri
559 2509 574 2534 ‚
593 2471 697 2523 nisi
717 2471 926 2524 molaris
951 2470 1143 2544 lapidis
1168 2472 1316 2524 venis
1335 2491 1452 2546 per-

429 2549 602 2602 mixtoe
625 2551 726 2601 sint
745 2591 760 2616 ,
781 2551 907 2604 hinc
934 2552 1149 2604 scribit:
1173 2577 1196 2596 ιι
1216 2551 1284 2606 Ni
1307 2554 1454 2623 peni-

429 2641 517 2681 tus
537 2649 682 2684 venae
707 2631 865 2683 fuerit
889 2633 1166 2684 commista
1193 2632 1380 2685 molari
1401 2660 1423 2678 -
1438 2674 1451 2686 .

429 2709 544 2781 Ego
585 2729 710 2763 vero
763 2723 963 2764 rectam
1016 2729 1128 2764 esse
1172 2711 1452 2765 lectionem

429 2788 696 2860 vulgatam
719 2829 737 2854 ,
775 2804 826 2843 et
847 2790 983 2843 hanc
1002 2792 1116 2864 ejus
1138 2791 1450 2844 sententiam

427 2879 588 2940 pum,
629 2869 874 2940 quamvis
905 2872 1075 2941 major
1113 2870 1254 2923 succi
1299 2872 1448 2942 copia

429 2947 558 3001 insit
577 2986 592 3011 ,
613 2967 710 3001 nec
731 2967 792 3002 ea
815 2967 909 3020 per
924 2967 1108 3002 omnes
1127 2961 1307 3024 partes
1329 2969 1454 3002 con-

421 3027 608 3098 juncta
621 3047 746 3081 cum
765 3028 930 3082 densa
947 3027 1082 3082 adeo
1095 3047 1233 3083 vena
1253 3069 1269 3092 ,
1288 3047 1448 3100 quam

427 3117 508 3158 est
533 3107 722 3178 lapidis
739 3108 970 3160 molaris.

504 3185 624 3238 531.
646 3191 804 3238 fissile
827 3189 984 3246 robur,
1016 3187 1071 3248 h.
1097 3206 1145 3239 e.
1172 3205 1290 3240 eam
1313 3205 1449 3239 mas·

427 3281 544 3316 sam
591 3283 652 3316 ac
699 3263 1014 3318 densitatem
1061 3285 1174 3318 esse
1225 3265 1414 3339 lapidis
1432 3308 1448 3332 ,

427 3361 550 3415 quoe
586 3341 772 3408 fundi,
813 3343 1076 3415 liquefieri
1113 3345 1294 3416 possit.
1319 3345 1446 3399 Vid.

427 3440 482 3474 v.
511 3421 630 3474 510.

501 3501 620 3555 53².
644 3504 829 3570 Cogitet
863 3505 1058 3552 obscuri
1097 3521 1206 3554 ver.
1231 3507 1366 3555 dicta
1393 3507 1452 3556 ti-

427 3583 557 3634 balli.
578 3579 849 3652 Significat
867 3581 1120 3634 Heracliti
1139 3595 1457 3636 commenta-

431 3663 572 3716 rium
589 3660 870 3734 physicum
885 3703 900 3728 ,
921 3663 1016 3734 qui
1037 3663 1193 3733 vulgo
1212 3669 1453 3726 σκοτεινὸς

427 3741 706 3794 notissimo
727 3741 944 3794 nomine
966 3741 1275 3794 vocabatur.

500 3819 617 3874 533.
645 3820 874 3874 Multum
905 3821 995 3873 hic
1034 3820 1340 3892 discrepant
1383 3821 1444 3871 li-

423 3901 523 3954 bri.
558 3904 624 3950 Ee
648 3901 776 3950 dIcet
812 3919 934 3952 vem
970 3903 1094 3951 nihil
1124 3901 1446 3968 insteperabile

421 3981 572 4050 gigni
595 3978 791 4032 habent
811 3981 949 4032 Ven.
974 3977 1150 4051 Lugd.
1182 3979 1318 4051 Hag.
1343 3983 1441 4030 He-

425 4059 640 4122 racleite‘,
667 4071 715 4108 et
730 4060 794 4108 ibi
815 4060 940 4111 nihil
956 4061 1281 4127 :insuperabile
1293 4060 1445 4127 gigni

1531 1439 1686 1491 Basil.
1706 1439 1841 1491 Scal.
1857 1441 1982 1492 Luc.
2002 1439 2093 1490 ubi
2116 1456 2180 1490 ex
2199 1437 2373 1508 glossa
2390 1435 2559 1490 Haa-

1532 1517 1643 1570 cliti
1665 1535 1861 1570 nomen
1882 1518 2144 1570 intrusum
2165 1526 2397 1588 apparet.
2416 1513 2555 1569 cod.

1532 1596 1752 1650 Helmst.
1767 1599 1920 1670 pejus
1936 1614 2276 1668 corrumpere
2295 1607 2346 1648 et
2356 1606 2559 1647 utram—

1533 1695 1638 1748 que
1683 1677 1996 1748 scripturam
2039 1677 2259 1730 miscere
2307 1673 2553 1728 videtur:

1538 1781 1563 1804 ι
1590 1755 1695 1808 Era
1730 1755 1869 1808 dicet
1908 1755 2000 1808 ubi
2040 1753 2173 1806 nihil
2206 1753 2559 1825 insuperabile

1534 1837 1681 1910 gigni
1701 1863 1741 1890 ι.
1770 1836 1969 1888 Omnes
1987 1853 2112 1888 vero
2136 1833 2452 1887 mendosum
2474 1837 2558 1902 gi-

1529 1919 1623 1984 gni
1649 1926 1856 1968 servant
1874 1956 1889 1982 ,
1914 1912 2060 1986 quod
2082 1913 2313 1984 Scaliger
2339 1912 2561 1966 feliciter

1535 1993 1763 2051 correxit
1781 2035 1796 2060 ,
1818 2004 1870 2046 et
1892 2005 2059 2045 totum
2074 2012 2285 2046 versum
2310 2011 2415 2044 una
2434 2011 2559 2046 cum

1538 2086 1789 2146 sequente
1810 2074 1886 2126 sic
1920 2073 2147 2126 restituit
2160 2111 2177 2136 ,
2216 2072 2295 2124 uti
2324 2089 2421 2124 nos
2448 2071 2560 2124 Go-

1536 2154 1729 2206 rallum
1749 2154 1957 2226 sequuti
1976 2151 2234 2207 dedimus.
2254 2151 2459 2206 Scilicet
2476 2149 2561 2204 his

1537 2230 1747 2288 duobus
1767 2233 2041 2292 versiculis
2067 2232 2325 2296 contineri
2352 2231 2427 2284 ait
2442 2249 2559 2284 sen-

1536 2315 1751 2366 tentiam
1796 2313 2079 2378 Heracliti,
2116 2331 2304 2383 nempe
2339 2330 2401 2364 ex
2440 2311 2562 2384 igne

1538 2395 1717 2447 omnia
1758 2407 1999 2446 constare
2024 2413 2037 2446 ι
2084 2379 2152 2448 ὲκ
2174 2395 2321 2465 πυρὸς
2348 2391 2415 2448 τὰ
2436 2393 2563 2446 ποίν-

1538 2495 1605 2529 τα.
1634 2477 1945 2534 συνίσταται.
1977 2475 2060 2528 καὶ
2092 2477 2157 2536 εἰς
2190 2479 2331 2528 τοῦτο
2364 2475 2565 2527 ἀνα-λύε·

1539 2575 1641 2608 ται.
1670 2555 1749 2608 De
1776 2553 1955 2606 libello
1989 2552 2241 2605 Heracliti
2278 2551 2383 2624 agit
2409 2552 2561 2624 Diog.

1539 2632 1778 2684 Laertius
1797 2673 1812 2698 ,
1838 2631 1926 2686 lib.
1954 2632 2027 2684 lx
2044 2673 2059 2696 ‚
2087 2634 2117 2700 S
2141 2631 2191 2685 5.

1611 2711 1735 2776 534.
1762 2716 1941 2764 Omnia
1976 2733 2071 2780 quo
2104 2731 2259 2762 renam
2280 2750 2296 2772 ‚
2336 2709 2391 2762 h.
2429 2729 2473 2760 e.
2496 2727 2561 2762 ex

1540 2811 1646 2864 quo
1670 2792 1792 2863 igne
1814 2792 2053 2844 omnium
2075 2809 2253 2844 rerum
2274 2787 2559 2862 primordia

1538 2885 1678 2926 sunt.
1700 2871 1914 2924 Veteres
1948 2889 2131 2923 omnes
2162 2869 2343 2940 legunt
2384 2869 2561 2920 Omnia

1540 2970 1651 3018 qua·
1676 2970 1833 3002 rerum
1848 2989 1865 3011 ,
1894 2948 2038 3022 quod
2069 2940 2201 3002 mibi
2238 2945 2458 3004 difficile
2485 2958 2562 2998 est

1538 3047 1723 3101 capere
1740 3069 1758 3094 ,
1804 3031 1925 3084 licet
1971 3027 2215 3082 Gor-allus
2274 3026 2564 3098 intelligere

1539 3109 1966 3162 velit.-—-Semina
1994 3107 2242 3160 dicuntur
2268 3105 2525 3166 elementa
2546 3144 2561 3170 ,

1536 3199 1597 3240 ut
1626 3187 1769 3260 apud
1801 3189 2085 3260 Virgilium
2116 3199 2192 3238 est
2228 3185 2283 3238 in
2315 3185 2426 3238 Ecl.
2458 3185 2561 3252 VI,

1539 3266 1601 3328 31
1623 3284 1637 3320 :
1656 3295 1681 3314 α
1698 3269 1937 3340 Namque
1954 3269 2197 3332 canebat,
2218 3265 2296 3319 uti
2315 3284 2561 3336 magnum

1538 3347 1813 3418 perinane
1837 3361 2018 3400 coacta
2039 3347 2247 3400 Semina
2284 3356 2573 3402 terrarum-.

1539 3445 1645 3498 que
1687 3427 1977 3498 animaeque
2014 3426 2277 3496 marisque
2314 3423 2563 3490 fuissent,

1540 3506 1609 3558 Et
1634 3505 1830 3576 liquidi
1850 3505 2009 3558 simul
2030 3505 2193 3576 ignis,
2218 3515 2317 3555 etc.
2340 3527 2362 3550 ι

1618 3584 1739 3638 535.
1762 3585 1961 3637 Omnes
1984 3584 2105 3637 libri
2126 3583 2227 3636 mei
2244 3584 2449 3655 legunt:
2470 3587 2570 3634 Sed

1543 3667 1740 3715 nimium
1768 3667 1860 3715 hoc
1882 3663 1983 3731 (vel
2004 3667 2134 3732 haec)
2156 3667 2345 3714 mirum.
2366 3662 2431 3713 Et
2446 3663 2563 3716 Sca-

1542 3743 1671 3814 liger
1713 3744 2064 3815 objectionem
2108 3761 2221 3796 esse
2266 3740 2423 3793 dicit:
2472 3739 2567 3793 sed.

1540 3822 1644 3875 boc
1674 3823 1867 3874 mirum
1887 3860 1903 3885 ‚
1936 3822 2172 3894 inquies,
2220 3837 2407 3890 nempe
2434 3817 2564 3870 nihil

1534 3901 1897 3974 insuperabile
1921 3900 2032 3972 igni
2054 3919 2164 3954 esse
2182 3937 2198 3964 ,
2228 3899 2313 3953 vel
2332 3939 2349 3966 ‚
2374 3911 2434 3950 ut
2454 3897 2563 3950 He·

1531 3980 1751 4035 raclitus
1772 3981 1945 4035 aiebat
1964 4019 1980 4046 ,
2003 3980 2178 4034 omnia
2204 3979 2263 4031 in
2283 3979 2459 4050 ignem
2478 3995 2564 4029 re·

1532 4059 1681 4112 solvi.
1713 4059 1960 4113 Gorallus
1982 4069 2161 4112 tamen
2189 4055 2423 4128 reposuit
2456 4059 2561 4106 Nec
