2975 4684
709 324 1165 394 EPITOME
1227 323 1649 392 lLlADOS
1704 325 2131 394 HOMERI.

2344 323 2468 394 551

453 449 675 535 Quam
717 444 1012 515 stimulat
1043 445 1276 539 jejuna
1317 445 1553 532 samem,
1598 445 1734 514 ruit
1770 448 2034 539 agmina
2072 461 2337 530 contra,

457 561 544 626 Et
579 571 909 650 prostrata
950 570 1142 624 necat
1180 579 1422 624 vesano
1457 579 1741 648 corpora
1786 553 2017 641 dente;

464 667 580 736 Sic
621 668 760 736 ruit
797 666 866 734 in
905 665 1158 734 medios
1197 663 1418 734 hostes
1451 663 1859 758 Calydonius
1898 667 2125 750 heros»,

466 761 760 870 Vir⁴ginis
795 777 1140 871 armigerae
1175 775 1447 844 monitis
1492 790 1561 843 et
1600 776 1879 844 numine
1914 791 2122 846 tutus,
2418 805 2494 847 40.

569 886 894 955 Conversi
933 885 1097 954 dant
1127 899 1312 978 terga
1347 884 1679 978 Phryges;
1724 884 2133 980 fugientibus
2170 885 2279 956 ille

462 999 702 1082 Instat,
737 1009 804 1064 et
842 1009 1210 1066 exstructos
1243 996 1645 1063 morientum
1681 993 1891 1065 calcat
1918 1021 2205 1067 acervos..

466 1109 778 1199 Dumque
817 1105 982 1174 furit
1017 1105 1386 1199 sternitque
1413 1105 1621 1190 viros,
1655 1105 1837 1174 videt
1872 1131 2025 1175 ecce
2060 1109 2327 1176 Daretis

467 1214 766 1286 Adverso
806 1229 1054 1292 stantes
1098 1213 1502 1284 furibundus
1541 1214 1608 1283 in
1646 1215 1913 1308 agmine
1951 1215 2180 1301 ηείῑοε,

463 1326 802 1420 Phegeum
844 1326 1226 1420 Idaeumque
1257 1323 1484 1410 simul,
1527 1349 1725 1419 quem
1767 1325 2041 1420 cuspide
2077 1351 2367 1420 praeceps
2426 1351 2503 1396 ⁴0⁵

476 1441 786 1530 Occupat
822 1435 933 1505 ille
973 1437 1192 1530 gravi,
1233 1433 1347 1504 sed
1394 1433 1667 1504 vulnera
1705 1433 1969 1529 depulit
2000 1437 2236 1522 umbo,

478 1547 968 1642 Vibratumque
1003 1545 1148 1616 solo
1185 1545 1436 1616 ferrum
1471 1545 1693 1614 stetit:
1716 1545 1897 1614 haud
1925 1569 2147 1632 mora,
2189 1547 2345 1616 totis

479 1661 828 1751 Ingentem
867 1671 1136 1750 torquet
1178 1654 1466 1750 Tydides
1506 1655 1759 1724 viribus
1794 1655 2053 1725 hastam
2070 1710 2089 1744 ‚

475 1764 1032 1861 'l'ransadigitque
1065 1765 1192 1834 viri
1229 1779 1464 1860 pectus
1492 1791 1508 1832 ε
1537 1789 1691 1860 pars
1726 1764 2023 1860 cuspidis
2062 1781 2217 1836 ante

380 1941 532 2007 renti,
551 1952 740 2012 pontes
765 1952 818 1994 et
841 1951 982 2012 septa
1009 1951 1062 1994 et
1086 1951 1280 2012 segetes
1295 1939 1403 1994 dis-

381 2020 592 2092 sipanti,
611 2019 888 2084 adsimilat,
903 2019 998 2072 sed
1009 2022 1198 2073 Noster
1214 2019 1402 2092 saepius

381 2099 601 2153 Homeri
627 2100 901 2171 exemplar
927 2097 1148 2163 deserit,
1180 2113 1230 2153 et
1249 2141 1266 2166 ,
1291 2100 1406 2152 ubi·

381 2197 611 2251 cumque
635 2178 844 2232 occasio
869 2191 946 2232 est
967 2219 982 2245 ,
1008 2179 1212 2233 mavult
1237 2178 1404 2250 copiis

385 2256 639 2328 uvirgilio
659 2269 710 2311 et
728 2255 926 2310 ovidio
945 2256 1284 2328 suppeditatis
1305 2258 1401 2312 uti.

455 2339 574 2406 397.
585 2338 806 2406 Agmina
819 2339 996 2388 circum
1011 2335 1170 2390 habet
1183 2335 1404 2390 Helmst.

457 2424 575 2480 400.
608 2418 822 2485 Virginis
847 2417 1134 2484 omnigene,
1164 2413 1404 2468 Palladis.

385 2497 574 2549 Nescio
611 2515 680 2548 an
715 2497 965 2564 armifera
996 2493 1276 2564 legendum
1319 2495 1402 2550 sit.

385 2577 476 2630 sic
509 2576 648 2628 enim
683 2593 822 2646 sepe
851 2575 918 2628 ab
943 2573 1141 2626 Ovidio
1168 2586 1405 2637 vocatur,

389 2669 446 2708 ut
473 2657 602 2708 Met.
629 2654 781 2719 XIV,
809 2653 934 2723 475,
962 2653 1102 2706 Fast.
1133 2653 1246 2716 111,
1273 2654 1401 2716 6813

389 2735 533 2806 Eleg.
557 2733 626 2788 ad
651 2734 770 2788 Liv.
800 2753 883 2787 υ.
902 2736 1209 2802 Armipotens
1235 2751 1267 2786 a
1284 2733 1408 2786 Vir-

389 2815 535 2886 gilio,
561 2815 682 2866 AEn.
713 2813 792 2880 II,
816 2812 942 2877 425,
963 2825 1014 2867 et
1039 2813 1175 2879 XII,
1201 2813 1324 2874 483.

465 2901 580 2957 60²·
596 2898 660 2944 Ee
670 2895 937 2945 exsu'necos
952 2891 1144 2944 hubent
1155 2889 1412 2961 vulgat23

393 2972 482 3026 sed
501 2986 774 3024 essee-cactos
791 2969 1076 3042 legendum
1090 2989 1203 3030 esse
1212 2969 1414 3022 monuit

395 3051 698 3117 Bussenius,
725 3071 780 3122 p.
815 3048 910 3116 25,
933 3047 1096 3120 idque
1117 3049 1290 3120 ipsum
1319 3065 1411 3100 ex-

394 3131 542 3184 hibet
585 3129 700 3184 eod.
746 3130 964 3182 Helmst.
1009 3137 1416 3197 mutuatumque

395 3232 424 3262 a
454 3213 662 3264 Nasone
699 3209 920 3281 adparet
956 3227 1019 3260 ex
1053 3207 1179 3260 Met.
1207 3207 1282 3270 V,
1313 3206 1410 3258 88:

397 3316 422 3334 ο·
437 3289 632 3344 Sternit
651 3327 666 3350 ,
693 3301 744 3342 et
780 3297 1071 3340 exstructos
1101 3284 1418 3338 morientum

397 3369 565 3422 calcat
605 3385 825 3421 acervos
845 3383 906 3428 ·;
946 3385 1055 3437 quo
1095 3365 1256 3418 etiam
1301 3363 1418 3415 loco

401 3449 594 3501 multos
613 3465 644 3499 e
662 3446 922 3500 veteribus
944 3442 1216 3498 codicibus
1235 3445 1422 3496 exstin-

399 3543 501 3579 ctos
543 3528 716 3597 legere
742 3525 986 3578 Heinsius
1025 3523 1224 3576 notavit
1246 3560 1261 3586 ,
1293 3521 1423 3574 dum

401 3609 736 3662 Burmannus
761 3609 1030 3658 adso-ueros
1056 3623 1086 3656 e
1105 3601 1422 3674 quibusdam

404 3688 520 3741 aliis
548 3691 745 3759 posuit.

477 3767 594 3831 403.
617 3771 842 3833 Dumque
850 3765 996 3832 sur-ie.
1011 3762 1296 3816 Dnssenius
1317 3761 1430 3815 vult

389 3847 548 3916 serie,
571 3843 718 3916 quod
751 3841 1102 3896 necessarium
1127 3857 1234 3892 non
1264 3850 1426 3910 puto;

407 3927 573 3978 immo
571 3925 706 3992 fim'e
718 3941 782 3976 eo
797 3921 986 3974 melius
1006 3931 1106 3983 est,
1117 3915 1262 3990 quod
1279 3917 1427 3989 quasi

409 4004 684 4076 proprium
705 4000 834 4056 illud
853 4000 920 4053 de
943 3999 1192 4052 Diomede
1216 4013 1432 4068 usurpat

410 4085 542 4139 Hor.
569 4084 750 4136 Carni.
781 4081 836 4148 1,
857 4083 928 4134 .ιό
949 4119 964 4144 ,
985 4097 1051 4150 27
1069 4098 1080 4130 :
1099 4079 1276 4132 “Ecce
1300 4076 1422 4130 furit

1492 1951 1544 1992 te
1582 1939 1813 2012 reperire
1860 1952 2009 1994 atrox
2024 1940 2288 2014 Tydides,
2323 1945 2511 1998 melior

1489 2030 1639 2090 patre
1651 2023 1927 2072 ·.-Videe
1942 2041 2055 2072 ecce
2078 2023 2308 2072 Tlioatm's
2326 2023 2509 2094 legunt

1490 2097 1612 2150 edd.
1640 2117 1763 2151 cum
1796 2098 1917 2154 cod.
1943 2100 2005 2152 A.
2028 2099 2135 2153 Sed
2160 2100 2256 2154 cel.
2284 2100 2501 2154 Bondn-
2544 2091 2553 2106 ⁸

1492 2178 1652 2243 mins,
1680 2197 1729 2250 p.
1746 2179 1865 2250 157,
1887 2180 2081 2233 evincit
2104 2181 2299 2232 Daretis
2320 2181 2501 2251 legen·

1493 2256 1623 2310 dnm
1664 2276 1805 2320 esse,
1840 2276 1999 2334 quem
2044 2257 2235 2332 Phegei
2282 2272 2335 2312 et
2378 2258 2509 2314 Idaei

1492 2351 1697 2408 pau-em
1724 2337 1965 2390 nominat
1992 2337 2253 2391 Homerus
2272 2377 2289 2402 ,
2311 2340 2385 2402 V,
2415 2357 2477 2392 ιο
2495 2378 2512 2404 ,

1494 2417 1657 2490 idque
1680 2415 2055 2470 confirmatum
2080 2415 2267 2472 codice
2296 2417 2515 2473 Helmst.

1496 2497 1552 2549 in
1588 2515 1696 2567 quo
1730 2515 1844 2548 ecee
1873 2499 2079 2548 Danais
2106 2508 2291 2550 exstat.
2312 2497 2517 2551 Pariter

1492 2576 1583 2628 ilie
1608 2594 1759 2629 versu
1787 2574 2027 2646 sequenti
2042 2579 2283 2644 Phegeum
2300 2581 2517 2629 Ida-um-

1495 2675 1591 2723 que
1608 2653 1817 2708 exhibet
1834 2692 1848 2717 ,
1872 2654 1949 2706 uti
1969 2655 2231 2708 Homerus
2252 2657 2511 2710 nominat.

1568 2733 1690 2796 405.
1722 2733 1959 2803 Vulgata
1992 2733 2271 2803 proferunt
2304 2739 2517 2804 AEgeum

1499 2818 1821 2880 Idoeumque:
1848 2809 1940 2864 sed
1975 2811 2081 2863 vid.
2118 2823 2231 2865 not.
2274 2812 2343 2864 sd
2380 2831 2517 2868 vers.

1502 2894 1623 2956 403.
1656 2893 1861 2960 Cuspide
1868 2909 2061 2958 proepes
2092 2889 2249 2943 habet
2276 2891 2345 2945 G.
2378 2912 2431 2945 2.

1572 2973 1915 3038 406.0ccupae
1926 2973 2039 3021 ille.-
2055 2969 2127 3022 sic
2146 2969 2325 3042 scripsi
2346 2983 2525 3026 aucto-

1501 3051 1655 3102 ritate
1687 3046 1883 3101 codicis
1926 3047 1991 3100 Η.
2018 3047 2257 3118 Vulgata
2296 3068 2417 3103 cum
2463 3053 2525 3104 A.

1506 3135 1725 3197 Occupat
1742 3141 1878 3180 once.

1578 3215 1696 3278 407.
1740 3210 2088 3274 Vibraeumque
2130 3212 2253 3260 solo.
2298 3207 2522 3264 Helmst.

1506 3287 1629 3358 legit
1670 3289 2005 3353 Vieammque‚
2048 3283 2195 3356 quod
2232 3288 2415 3343 nescio
2459 3307 2531 3343 an

1509 3363 1895 3440 preferendum
1920 3365 2006 3417 sit.
2032 3393 2101 3406 --
2128 3368 2269 3418 Stetit
2286 3385 2319 3418 e
2336 3367 2525 3440 virgil.

1510 3448 1632 3499 AEn.
1658 3445 1715 3497 11
1731 3485 1747 3510 ,
1784 3444 1847 3498 52
1869 3485 1885 3510 ,
1904 3443 1973 3496 de
1998 3443 2149 3498 hasta
2176 3443 2532 3514 Laocoontis,

1512 3553 1537 3573 ι
1560 3525 1697 3578 stetit
1715 3524 1808 3578 ina
1827 3538 2110 3578 tremensn.
2137 3523 2239 3575 En.

1585 3605 1705 3670 408.
1733 3611 1991 3674 Ingentem
2021 3616 2245 3670 torquet,
2278 3615 2378 3656 etc.
2413 3616 2537 3658 sunt

1518 3686 1631 3758 ipsa
1672 3685 1827 3738 verba
1849 3683 2094 3754 Virgilii,
2130 3680 2383 3738 AEneidos
2421 3683 2541 3738 loco

1517 3777 1695 3817 citato.

1588 3849 1708 3907 409.
1722 3842 2101 3910 ἨαηεῙοᾰίιςυε
2117 3842 2181 3892 A.
2205 3853 2258 3894 et
2274 3841 2340 3892 T.
2352 3845 2539 3893 Trans-

1518 3927 1735 3990 adiitque
1776 3921 1840 3972 H.
1866 3919 2008 3972 unde
2038 3923 2358 3988 Transadige't
2395 3920 2548 3974 dedi-

1520 4001 1811 4072 mus.Virg.
1844 4003 1963 4052 AEn.
1989 3999 2065 4052 lx
2088 4039 2103 4066 ,
2128 4001 2231 4065 544
2254 4017 2267 4052 :
2292 4025 2313 4046 ι
2330 4013 2547 4072 pectora.

1518 4082 1653 4136 duro
1669 4078 1941 4134 Tansl'ossi
1964 4079 2106 4152 ligno
2120 4105 2169 4130 n.
