2975 4684
986 385 1481 458 AUCTORE
1502 385 1508 390 ·
1531 386 1870 458 AETNAE.
2401 413 2490 486 27

366 534 433 584 et
464 518 780 584 nonnulla
800 515 998 583 verba
1021 538 1097 583 ac
1118 517 1385 607 phrases
1410 517 1495 582 ab
1523 532 1788 583 auctore
1817 531 2156 605 usurpatas
2187 516 2497 584 adnotare

366 625 543 690 volet
565 673 585 708 ‚
620 623 801 690 haud
828 643 977 690 raro
1008 623 1357 690 familiares
1393 623 1656 690 Senecae
1685 623 1984 713 reperiet.
2025 623 2386 690 sententias
2413 626 2494 691 ab

364 753 447 797 eo
478 747 745 797 auctore
770 731 1024 798 crebras
1054 731 1255 822 quaeri
1278 747 1345 796 et
1363 731 1562 796 inseri
1584 778 1604 814 ,
1633 733 1768 812 jam
1789 730 2072 822 Scaliger
2093 729 2458 796 observavit
2473 758 2493 815 ς
2511 736 2524 746 ’

366 854 435 902 et
468 859 665 904 nemo
696 839 885 904 facile
924 837 1312 904 diffitebitur
1328 885 1348 920 ,
1386 837 1678 926 conspici
1708 838 1776 902 in
1809 837 1886 903 iis
1921 836 2261 928 ingenium
2302 836 2496 902 disci·-

365 945 541 1034 plina
578 960 647 1011 et
693 945 937 1012 crebris
968 944 1379 1011 sermonibus
1404 944 1663 1010 Senecae
1705 944 2100 1008 innutritum
2121 989 2139 1021 ‚
2193 943 2310 1031 qui
2359 943 2494 1031 ipse

366 1071 533 1139 saepe
564 1049 881 1116 delectare
910 1052 979 1115 in
1030 1051 1314 1139 epistolis
1356 1051 1678 1116 Lucilium
1723 1050 1990 1138 prolatis
2025 1049 2292 1138 Epicuri
2341 1071 2495 1114 sen·

364 1157 581 1222 tentiis
605 1157 872 1222 solebat.
889 1157 957 1222 si
980 1155 1157 1221 aliud
1182 1155 1520 1246 quoddam
1545 1177 1781 1247 poema
1809 1155 2075 1239 Lucilii,
2096 1155 2202 1220 vel
2222 1153 2496 1244 amplio-

364 1283 469 1327 res
510 1262 733 1327 saltem
774 1262 1063 1352 reliquiae
1100 1278 1456 1346 exstarent,
1505 1278 1729 1352 posset
1775 1262 2082 1344 omnino,
2132 1275 2498 1350 comparata

362 1389 588 1434 eamm
614 1385 811 1457 atque
826 1367 1039 1434 AEtnae
1064 1367 1351 1434 dictione
1368 1417 1387 1448 ,
1410 1367 1650 1434 certius
1674 1368 1758 1436 de
1775 1383 2042 1434 auctore
2067 1367 2318 1433 Lucilio
2341 1387 2497 1455 pro-

362 1475 671 1540 nuntiari.
697 1473 761 1540 N
762 1497 895 1540 unc
921 1475 1032 1540 vix
1056 1491 1187 1541 tres
1208 1491 1570 1564 quatuorve
1595 1495 1822 1541 versus
1852 1475 1992 1556 ejus
2025 1497 2066 1538 a
2093 1473 2339 1540 Seneca
2369 1495 2499 1538 ser·-

362 1581 495 1645 vati
528 1595 705 1648 sunt.
746 1582 831 1645 Et
865 1596 1083 1648 tamen
1103 1629 1122 1664 ,
1166 1603 1313 1672 quae
1342 1582 1415 1646 in
1457 1605 1598 1648 uno
1629 1603 1858 1648 eorum
1896 1581 2182 1646 occurrit
2209 1579 2460 1669 phrasis
2476 1627 2497 1661 ,

360 1687 583 1752 exsilit
622 1691 830 1752 amm&
846 1736 868 1768 ‚
915 1689 1111 1754 etiam
1153 1688 1237 1753 ab
1270 1703 1536 1754 auctore
1571 1686 1786 1755 AEtnoe
1829 1701 2186 1777 usurpatur
2227 1710 2290 1752 v,
2321 1683 2493 1752 325:

360 1792 575 1858 Donec
597 1793 908 1883 coaefffluvio
932 1793 1226 1860 revolutis
1260 1797 1512 1861 oestibus
1545 1799 1750 1859 amm‘s
1779 1793 2046 1860 Exsilic.
2078 1794 2329 1858 Iterum
2361 1793 2492 1857 uti-

362 1913 473 1962 tur
494 1919 575 1963 eo
605 1899 807 1964 verbo
837 1921 899 1964 v.
928 1903 1055 1976 104
1081 1899 1257 1980 :Sed
1272 1901 1419 1964 totis
1438 1902 1678 1962 rimosa
1703 1901 1905 1979 cavis,
1935 1910 1998 1962 et
2011 1897 2220 1986 qualis
2239 1917 2496 1962 acervus

369 2005 636 2070 Exsilit.

452 2113 617 2194 Quae
646 2113 963 2184 hactenus
989 2134 1028 2176 a
1062 2111 1259 2176 nobis
1285 2127 1642 2177 memorata
1663 2127 1851 2193 sunt,
1888 2133 1972 2176 eo
2001 2111 2224 2176 omnia
2251 2132 2491 2176 conve·

362 2216 557 2280 niunt
577 2229 645 2280 et
660 2217 1037 2305 conspirant
1052 2263 1071 2300 ,
1094 2233 1173 2282 ut
1202 2233 1534 2284 auctorem
1556 2216 1774 2283 AEtnae
1800 2215 2123 2282 Lucilium
2155 2217 2492 2282 Iuniorem

358 2342 807 2411 agnoscamus.
843 2322 1127 2388 Lucilius
1162 2323 1353 2411 plane
1406 2345 1482 2387 ea
1535 2337 1718 2387 aetate
1766 2321 1958 2405 vixit,
2003 2344 2150 2410 quae
2193 2322 2492 2411 scriptori

359 2427 573 2492 AEtnoe
614 2429 959 2493 convenit:
986 2429 1243 2518 poetica
1276 2447 1461 2516 mque
1490 2429 1798 2494 facultate
1829 2449 1905 2494 ac
1932 2425 2361 2518 philosophiae
2391 2428 2494 2492 in·

356 2535 527 2625 signi
556 2535 822 2600 scientia
842 2535 1141 2602 excelluit
1164 2583 1185 2618 ,
1218 2559 1365 2625 quae
1380 2521 1462 2600 ἶῐι
1485 2552 1630 2602 toto
1659 2536 1947 2601 carmine
1974 2535 2328 2623 conspicua
2347 2549 2488 2600 est:

356 2641 643 2707 Lucilius
660 2639 731 2706 in
752 2641 963 2708 Sicilia
980 2641 1099 2706 diu
1124 2658 1566 2709 commoratus
1585 2689 1604 2726 ,
1623 2658 1690 2708 et
1707 2659 1853 2707 tum
1869 2658 2118 2706 naturae
2139 2641 2458 2706 universes
2469 2689 2490 2722 ‚

357 2762 500 2812 tum
523 2748 747 2814 Siciliae
774 2749 1129 2838 praesertim
1158 2747 1555 2814 mirabilium
1579 2747 1876 2814 curiosus
1907 2746 2250 2838 indagator
2277 2745 2494 2836 perhi-

355 2859 551 2922 betur
580 2879 619 2920 a
649 2855 914 2921 Seneca.
948 2854 1272 2921 Eumdem
1302 2855 1548 2921 Seneca
1577 2855 1662 2920 ad
1705 2853 2194 2921 describendam
2228 2851 2494 2918 AEtnam

355 2962 611 3029 assidue
639 2961 936 3056 hortatus
970 2977 1104 3046 est,
1136 2975 1205 3027 et
1232 2975 1306 3026 re
1338 2961 1477 3050 ipsa
1519 2962 1644 3026 tale
1669 2983 1838 3050 opus
1873 2960 1990 3024 diu
2021 2959 2324 3025 molitum
2351 2979 2491 3022 esse

356 3083 648 3136 testatur.
689 3069 1013 3135 Lucilium
1058 3068 1253 3134 etiam
1290 3069 1411 3134 alia
1448 3067 1677 3134 Siciliae
1727 3067 2044 3132 mirabilia
2079 3087 2274 3130 versu
2323 3065 2490 3130 cele-

356 3179 575 3242 brasse
604 3189 861 3241 constat
888 3173 1024 3263 (1);
1062 3189 1205 3238 tum
1232 3196 1389 3239 vero
1422 3173 1598 3239 idem
1640 3174 1865 3240 fecisse
1897 3174 1966 3237 in
1989 3171 2186 3238 AEtna
2203 3219 2222 3254 ,
2260 3192 2490 3260 poema

358 3285 572 3372 ipsum
594 3330 615 3366 ,
648 3280 829 3369 quod
846 3280 1164 3345 habemus
1185 3329 1205 3364 ,
1230 3279 1511 3346 declarat
1531 3327 1550 3363 ,
1579 3278 1762 3369 quod
1785 3279 2042 3344 indiciis
2066 3279 2244 3343 haud
2269 3279 2490 3366 paucis

356 3403 690 3454 auctorem
719 3387 1039 3454 Lucilium
1055 3437 1075 3472 ‚
1109 3387 1293 3452 illum
1325 3384 1585 3452 Senecae
1630 3385 1914 3452 amicum
1947 3401 2013 3450 et
2048 3385 2440 3448 imitatorem
2472 3429 2492 3463 ,

422 3617 503 3684 (1)
536 3613 693 3669 Hunc
730 3615 906 3670 locum
939 3615 1177 3687 proemii
1216 3615 1299 3670 sui
1338 3613 1597 3671 Wemsd.
1635 3613 1689 3668 in
1729 3609 2002 3668 Addendis
2045 3609 2117 3666 ad
2153 3621 2358 3662 tomum
2397 3607 2483 3658 ΙΙΙ

352 3705 429 3760 sic
469 3703 665 3758 mutari
694 3704 844 3776 jubet
876 3722 911 3758 a
945 3704 1113 3759 verbo
1149 3718 1343 3756 comm
1374 3724 1396 3755 .·
1448 3728 1476 3750 οι
1511 3713 1626 3756 tum
1659 3719 1789 3758 vero
1828 3703 2044 3756 AEtnam
2083 3696 2272 3752 eodem
2287 3737 2303 3764 ,
2340 3693 2488 3768 quod

350 3812 498 3851 nunc
529 3791 789 3847 habemus
806 3833 823 3860 ‚
862 3793 1092 3848 carmine
1112 3793 1182 3846 ab
1208 3811 1273 3846 eo
1304 3791 1630 3867 descriptum
1661 3811 1775 3846 esse
1794 3829 1810 3856 ,
1848 3791 1977 3844 hinc
1998 3787 2202 3843 clarum
2225 3785 2292 3838 sit
2310 3825 2326 3854 ,
2343 3781 2490 3858 quod

282 3869 287 3876 ⁶
349 3899 542 3956 poema
580 3881 755 3953 ipsum
791 3879 990 3935 indicat
1008 3921 1024 3948 ,
1067 3897 1338 3936 auctorem
1378 3901 1537 3936 snum
1588 3899 1700 3935 esse
1735 3880 1886 3933 illum
1921 3879 2130 3933 Seneca
2169 3873 2400 3928 amicum
2441 3883 2492 3925 et

352 3971 668 4026 imitatorem
687 4009 703 4036 ,
733 3970 852 4044 qui,
888 3987 1007 4043 quae
1040 3970 1239 4025 Seneca
1283 3969 1354 4024 ad
1387 3989 1510 4026 eum
1551 3987 1782 4046 persepe
1821 3968 1889 4023 de
1929 3965 2258 4021 naturalibus
2297 3973 2350 4017 et
2379 3960 2494 4015 aliis

348 4059 698 4134 philosophiae
726 4057 1101 4132 qwstionibm
1136 4060 1413 4133 scripserat
1426 4097 1443 4127 ,
1480 4076 1739 4132 usurpare
1775 4057 1890 4131 ipse
1921 4067 1976 4110 et
2009 4056 2066 4108 in
2103 4071 2293 4126 poema
2334 4068 2490 4118 suum

352 4149 635 4204 transferre
650 4140 897 4204 voluerit.
913 4149 977 4206 In
994 4147 1243 4205 Cornelio
1260 4150 1453 4206 Severo
1473 4173 1498 4203 ιι
1518 4189 1531 4204 .
1567 4148 1768 4204 Cetera
1787 4187 1804 4214 ,
1834 4158 1892 4202 ut
1919 4165 1974 4202 se
1998 4145 2215 4204 habent·
2237 4140 2342 4194 ED-

2119 4415 2156 4438 A
