2975 4684
453 337 594 420 444
1209 339 1743 408 Excnnsns
1791 341 1825 404 1

438 457 737 545 perducet
765 461 932 522 enim
955 461 1107 548 ipse,
1145 474 1266 524 etc.
1293 460 1650 556 respiciunt
1681 459 2041 523 orationem
2065 457 2322 541 AEneoe,
2347 459 2495 524 Deli
2518 460 2587 523 in

455 559 696 645 templo
721 559 1038 647 Apollinis
1071 581 1294 648 preces
1325 560 1653 640 facientis,
1680 559 1832 624 AEn.
1864 558 1976 630 lib.
2010 559 2142 642 111,
2171 558 2295 624 88:

732 714 907 779 Quem
932 713 1240 792 sequimur?
1258 733 1428 786 quove
1445 717 1525 768 ire
1541 714 1726 788 jubes?
1746 716 1840 766 ubi
1861 733 2061 786 ponere
2086 713 2271 768 tedes?

735 798 814 848 Da
829 834 844 860 ,
867 808 1034 868 pater,
1052 799 1335 869 augurium
1349 835 1366 863 ,
1384 809 1543 870 atque
1564 797 1754 851 animis
1772 797 1987 852 illabere
2004 799 2215 852 nostris.

456 966 804 1054 Sequentia
825 965 1021 1030 verba
1039 1015 1058 1048 ‚
1081 965 1321 1054 quibus
1334 1016 1355 1047 ‚
1380 965 1553 1030 altus
1570 963 1805 1053 Apollo
1828 965 2113 1053 quivere
2136 965 2453 1030 dicendus
2475 967 2591 1050 sit,

457 1067 647 1131 docet
663 1116 681 1147 ,
710 1068 906 1131 alium
941 1067 1193 1157 Virgilii
1224 1069 1442 1132 locum
1477 1065 1818 1155 designant
1833 1115 1852 1147 ,
1884 1064 2001 1129 ubi
2032 1067 2347 1155 templum
2384 1069 2591 1155 Apol-

449 1168 597 1232 linis
633 1169 704 1232 in
741 1170 901 1259 jugo
949 1170 1190 1234 montis
1236 1170 1431 1236 situm
1451 1218 1470 1250 ,
1502 1191 1654 1234 cum
1702 1184 1889 1233 antro
1939 1168 2196 1256 Sibyllae
2242 1167 2591 1250 describit,

455 1267 606 1334 AEn.
635 1270 725 1335 VI
741 1319 760 1358 ,
787 1293 831 1356 9
857 1293 992 1359 seq.

737 1430 802 1480 At
820 1429 940 1501 pius
955 1431 1146 1483 AEneas
1173 1447 1321 1482 arces
1340 1468 1356 1493 ‚
1393 1429 1587 1501 quibus
1616 1430 1752 1482 altus
1774 1430 1963 1501 Apollo

732 1513 1009 1579 Prasidet,
1026 1513 1409 1584 horrendaque
1433 1513 1619 1586 procul
1642 1525 1839 1566 secreta
1864 1512 2079 1586 sibyllae
2094 1554 2111 1578 ,

733 1597 957 1649 Antrum
983 1597 1214 1650 immane
1239 1595 1382 1671 petit.

456 1771 664 1837 Facile
702 1770 971 1860 quidem
1017 1794 1098 1835 ex
1145 1771 1246 1840 his
1298 1771 1749 1860 intelligimus,
1784 1787 1986 1835 totam
2019 1770 2337 1834 rationem
2370 1769 2599 1854 nomi-

458 1871 656 1937 nandi
703 1882 825 1961 pro
875 1875 1134 1938 Christo
1169 1873 1480 1961 Apollinis
1530 1871 1612 1936 ab
1661 1871 1973 1936 allusione
2020 1869 2589 1958 applicationeque

457 1975 806 2040 verborum
839 1991 1046 2062 poetae
1082 1974 1364 2063 pendere
1384 2023 1403 2055 ,
1435 1971 1613 2037 unde
1655 1989 1720 2036 et
1746 1973 2001 2036 veniam
2041 1971 2148 2035 isti
2182 1970 2599 2059 appellationi

457 2075 711 2163 petiisse
737 2075 1121 2164 dedisseque
1143 2076 1542 2164 Augustinus
1568 2069 1856 2155 videtur3
1882 2073 1997 2138 sed
2021 2090 2237 2138 tamen
2257 2121 2275 2152 ,
2302 2071 2419 2136 uhi
2451 2072 2601 2159 pati

453 2177 521 2239 in
562 2175 732 2242 facto
769 2175 904 2241 duo
937 2177 1336 2242 Christianos
1373 2176 1717 2265 scriptores
1750 2176 2099 2240 convenire
2130 2174 2551 2238 observamus
2576 2223 2597 2256 ,

457 2277 816 2364 perspicere
852 2300 931 2342 ex
966 2300 1046 2344 eo
1073 2277 1394 2360 videmur,
1427 2297 1787 2366 propensos
1824 2271 2313 2364 quodammodo
2343 2291 2601 2339 veteres

456 2378 856 2444 Christianos
873 2379 954 2443 ad
976 2379 1338 2469 Apollinem
1355 2379 1613 2444 Christo
1630 2377 2137 2466 comparandum
2158 2377 2375 2459 fuisse,
2395 2375 2601 2464 idque

460 2501 700 2543 nomen
733 2480 1031 2569 religioni
1071 2503 1204 2544 suae
1249 2480 1465 2545 minus
1497 2479 1845 2558 infestum,
1874 2477 2221 2565 minusque
2253 2475 2560 2541 odiosum
2581 2525 2604 2558 ,

461 2603 659 2669 quam
676 2582 950 2646 aliorum
972 2583 1263 2647 Deorum
1281 2630 1300 2663 ‚
1323 2581 1647 2646 habuisse.
1672 2580 1899 2662 Quum
1922 2577 1989 2642 id
2013 2601 2260 2642 numen
2280 2577 2596 2642 vaticiniis

462 2683 838 2776 praesectum
873 2699 1078 2767 esset,
1108 2699 1174 2747 et
1207 2705 1356 2747 vera
1394 2682 1689 2747 doctrina
1720 2680 2082 2745 Christiana
2114 2679 2251 2767 ipsa
2279 2679 2599 2742 vaticiniis
2694 2715 2706 2726 ·

461 2799 524 2846 et
558 2785 832 2849 oraculis
865 2784 1148 2873 antiquis
1183 2785 1348 2848 fulta
1390 2799 1456 2848 et
1498 2781 1748 2847 firmata
1778 2779 2171 2862 crederetur,
2203 2796 2388 2846 erant
2424 2780 2599 2844 inter

461 2885 860 2954 Christianos
904 2910 1038 2951 non
1087 2886 1277 2975 pauci
1296 2934 1315 2969 ,
1343 2887 1458 2975 qui
1501 2885 1799 2974 spiritum
1816 2931 1835 2965 ,
1867 2883 1980 2972 qui
2005 2905 2193 2948 veros
2245 2881 2599 2971 prophetas

460 2988 726 3077 egisset,
760 3005 826 3052 et
859 2989 975 3077 qui
1010 2987 1376 3054 sacerdotes
1407 2986 1727 3075 Apollinis
1748 3033 1767 3067 ,
1798 3002 1912 3049 aut
1948 3001 2262 3074 negarent
2292 2983 2560 3048 differre
2579 3035 2599 3066 ,

459 3106 572 3153 aut
603 3088 948 3155 discrimen
981 3089 1140 3155 illud
1177 3113 1408 3179 parum
1439 3087 1866 3153 attenderent.
1906 3087 2137 3170 Quin
2119 3087 2323 3174 ipsius
2352 3087 2601 3174 Apolli·

463 3191 564 3253 nis
597 3189 985 3278 quibusdam
1024 3191 1298 3257 oraculis
1343 3190 1689 3255 Christiani
1723 3189 2025 3253 dicebant
2059 3210 2407 3276 personam
2444 3189 2601 3252 Ser-

459 3292 694 3355 vatoris
721 3314 858 3356 esse
885 3293 1266 3380 patefactam
1291 3293 1425 3379 (1),
1450 3307 1516 3356 et
1542 3291 1930 3379 Sibyllarum
1956 3290 2255 3354 vaticinia
2280 3287 2603 3378 produce-

459 3394 619 3456 bant
658 3391 836 3457 baud
881 3415 1086 3483 pauca
1107 3443 1126 3476 ,
1163 3418 1309 3483 quae
1353 3394 1593 3459 Christi
1636 3391 1929 3458 officium
1978 3408 2175 3481 atque
2222 3391 2597 3458 doctrinam

457 3493 865 3558 declarabant
887 3494 1001 3582 (2).
1031 3494 1208 3577 Quas
1237 3495 1548 3583 quoniam
1573 3509 1749 3559 vates
1782 3511 1850 3558 et
1882 3492 2247 3559 sacerdotes
2272 3493 2601 3581 Apollinis

461 3595 658 3660 fuisse
691 3618 825 3659 non
863 3595 1218 3686 negabant,
1253 3613 1318 3660 et
1354 3612 1573 3660 tamen
1604 3594 1724 3659 ubi
1748 3615 1898 3659 vera
1947 3594 2209 3660 Christo
2253 3606 2565 3658 canerent
2582 3643 2601 3674 ,

532 3839 610 3904 (ι)
645 3836 782 3890 Vide
809 3838 1080 3892 oraculum
1107 3835 1361 3908 Apollinis
1391 3837 1581 3891 Milesii
1616 3835 1759 3910 apud
1791 3839 2033 3891 Laetam.
2060 3835 2191 3888 lust.
2228 3834 2347 3888 niv.
2379 3833 2474 3885 lib.
2500 3833 2603 3898 IV,

469 3937 632 4072 calgi).
643 3925 792 4056 {3ng
811 3939 1038 4058 ¹‹iracula
1069 4005 1258 4078 Sibyll.
1286 4004 1429 4078 apud
1453 4005 1692 4058 Lactant.
1720 4003 1813 4057 lib.
1835 4001 1938 4069 IV,
1972 4019 2088 4072 cap.
2117 4000 2178 4053 18
2208 4011 2259 4052 et
2280 4017 2341 4067 19
2356 4039 2375 4063 ,
2396 4011 2447 4050 et
2464 3998 2603 4056 inter

465 4102 622 4153 opera
647 4086 862 4140 Eusebii
890 4089 1184 4162 orationem
1219 4087 1556 4148 Constantini
1598 4086 1667 4140 ad
1691 4087 2005 4142 Sanctorum
2044 4093 2237 4141 coetum
2256 4121 2273 4148 ,
2306 4098 2420 4153 cap.
2447 4083 2529 4138 ιδ,
