2975 4684
785 373 1372 461 EORUMQUE
1433 375 2078 445 FRAGMENTA.
2356 380 2501 473 479

359 521 507 569 rant
541 506 676 585 ejus
707 504 854 569 libri
890 502 1246 590 praesertim
1279 502 1755 591 philosophici,
1786 504 1861 566 in
1904 504 2143 592 quibus
2190 506 2325 569 loca
2347 508 2500 571 Ἠο-

364 612 526 676 meri
558 626 626 674 et
655 608 1026 674 testimonia
1061 608 1286 671 Latina
1317 606 1567 672 reddita
1599 608 1835 695 passim
1868 609 2135 695 profert.

465 810 518 849 1.
547 784 744 849 Libro
781 784 845 848 ΙΙ
880 782 964 846 de
1010 782 1292 845 Divinat.
1339 804 1478 869 cap.
1530 780 1649 863 30,
1685 782 1905 845 locum
1950 782 2313 872 longiorem
2362 787 2502 850 Ho-

546 890 706 953 meri
735 886 1097 968 adducens,
1130 904 1493 975 praemonet
1520 887 1613 951 ita
1646 910 1715 951 se
1746 888 2202 971 recitaturum,
2234 892 2331 954 uti
2367 892 2505 980 ipse

547 1018 724 1084 quon
734 994 880 1059 dam
911 994 1160 1059 otiosus
1202 993 1611 1057 converterit.
1644 993 1762 1056 Est
1792 1016 1947 1057 vero
1980 994 2084 1057 ille
2126 995 2359 1060 Iliados
2394 997 2506 1063 lib.

545 1102 638 1178 11,
683 1122 810 1188 299
865 1122 1045 1187 seqq.
1099 1121 1234 1186 quo
1287 1100 1743 1187 Agamemnon
1803 1099 2037 1181 refert,
2089 1101 2503 1167 Calchantem

545 1221 756 1271 vatem
793 1228 830 1270 e
866 1219 1172 1293 portento
1218 1202 1522 1268 draconis
1542 1250 1561 1285 ,
1621 1220 1770 1267 octo
1820 1205 2033 1292 pullos
2088 1206 2303 1271 avium
2354 1233 2505 1274 cum

547 1326 750 1376 matre
777 1310 1142 1375 devorantis
1160 1356 1179 1388 ‚
1207 1332 1414 1373 annos
1447 1309 1601 1373 belli
1632 1309 1895 1390 Trojani
1922 1329 2311 1399 auguratum
2348 1338 2503 1379 esse.

551 1418 767 1499 Quem
805 1438 985 1479 nunc
1023 1414 1438 1493 subjicimus:
2032 1420 2042 1429 “

721 1598 893 1665 Ferte,
915 1597 1042 1663 viri,
1068 1609 1122 1649 et
1147 1595 1312 1649 duros
1331 1596 1513 1649 animo
1535 1594 1756 1648 tolerate
1781 1595 2011 1657 labores,

693 1712 702 1721 ·
726 1687 952 1759 Auguris
979 1698 1036 1739 ut
1065 1686 1230 1739 nostri
1261 1685 1566 1741 Calchantis
1590 1686 1699 1739 fata
1723 1701 1979 1757 queamus

723 1776 869 1829 Scire
882 1816 898 1840 ‚
931 1785 1140 1827 ratosne
1165 1773 1396 1827 habeant
1410 1814 1426 1838 ‚
1451 1792 1523 1825 an
1548 1791 1713 1827 vanos
1734 1773 1959 1845 pectoris
1984 1794 2155 1829 orsus.

725 1864 968 1935 Namque
989 1880 1174 1915 omnes
1199 1862 1418 1914 memori
1441 1872 1749 1933 portentum
1772 1872 1951 1913 mente
1972 1874 2235 1918 retentant
2250 1905 2265 1930 ,

725 1950 832 2018 Qui
857 1969 966 2003 non
991 1948 1209 2003 funestis
1232 1948 1505 2021 liquerunt
1526 1948 1729 2002 lumina
1754 1948 1891 2003 fatis.

724 2038 985 2110 Argolicis
1007 2038 1234 2111 primum
1258 2048 1318 2089 ut
1345 2036 1531 2089 vestita
1552 2047 1631 2089 est
1660 2035 1913 2089 classibus
1927 2038 2077 2091 Aulis
2094 2077 2111 2103 ‚

727 2128 862 2193 Quae
881 2126 1096 2179 Priamo
1119 2124 1326 2179 cladem
1350 2136 1402 2177 et
1423 2125 1597 2196 Trojae
1618 2162 1633 2188 ,
1656 2135 1961 2197 pestemque
1985 2127 2221 2182 ferebant
2246 2149 2258 2181 :

730 2217 838 2269 Nos
873 2215 1074 2268 circum
1102 2213 1282 2266 latices
1315 2212 1515 2287 gelidos
1546 2212 1873 2265 fumantibus
1900 2213 2002 2267 aris
2020 2252 2035 2277 ,

729 2304 1000 2376 Aurigeris
1025 2288 1220 2357 Divum
1245 2304 1513 2374 placantes
1538 2302 1761 2355 numina
1789 2302 1953 2354 tauris
1970 2340 1985 2365 ‚

728 2392 838 2447 Sub
856 2392 1074 2466 platano
1099 2391 1386 2443 umbrifera
1403 2428 1420 2455 ,
1450 2391 1570 2443 fons
1592 2388 1737 2442 unde
1756 2402 1969 2443 emanat
1984 2393 2140 2463 aquai
2156 2432 2173 2457 ‚

730 2477 976 2533 Vidimus
997 2480 1218 2533 immani
1243 2478 1418 2551 specie
1441 2490 1693 2549 tortuque
1720 2476 2006 2531 draconem

728 2568 1044 2621 Terribilem
1061 2606 1078 2632 ,
1099 2566 1249 2621 Iovis
1282 2578 1342 2619 ut
1368 2566 1527 2638 pulsu
1564 2568 1873 2638 penetrabat
1906 2568 1976 2619 ab
2002 2586 2091 2623 ara
2115 2590 2128 2620 τ

728 2656 836 2721 Qui
864 2655 1071 2727 platani
1095 2655 1152 2707 in
1177 2674 1325 2707 ramo
1352 2655 1605 2707 foliorum
1632 2654 1861 2725 tegmine
1889 2668 2063 2728 septos

729 2744 994 2814 Corripuit
1012 2743 1224 2815 pullos:
1255 2762 1389 2818 quos
1411 2761 1575 2814 quum
1601 2755 1935 2797 consumeret
1960 2756 2083 2799 octo
2098 2784 2113 2809 ‚

730 2832 882 2883 Nona
906 2848 1066 2901 super
1088 2832 1316 2883 tremulo
1339 2829 1563 2902 genitrix
1590 2830 1839 2900 clangore
1865 2832 2082 2906 volabat
2099 2872 2115 2898 ‚

731 2919 831 2971 Cui
859 2919 1002 2971 ferus
1027 2918 1248 2971 immani
1271 2918 1493 2971 laniavit
1520 2918 1725 2971 viscera
1750 2936 1953 2971 morsu.

675 3048 686 3053 -
731 3006 888 3059 Hunc
905 3043 920 3069 ,
947 3006 1041 3058 ubi
1069 3018 1178 3059 tam
1201 3018 1410 3059 teneros
1438 3005 1678 3059 volucres
1701 3016 2033 3079 matremque
2055 3012 2279 3079 peremit
2292 3052 2308 3077 ,

732 3096 842 3161 Qui
862 3094 970 3148 luci
991 3092 1230 3148 ediderat
1245 3136 1260 3161 ‚
1287 3094 1494 3166 genitor
1517 3094 1792 3147 Saturnius
1816 3092 1957 3146 idem
2068 3156 2079 3168 1

734 3182 982 3248 Abdidit,
1007 3198 1063 3237 et
1088 3182 1226 3236 duro
1248 3183 1499 3237 formavit
1523 3182 1755 3253 tegmine
1783 3184 1914 3235 saxi.

737 3274 846 3325 Nos
870 3283 1046 3324 autem
1069 3270 1247 3323 timidi
1270 3282 1462 3325 stantes
1489 3270 1734 3323 mirabile
1768 3284 2065 3325 monstrum

733 3359 982 3413 Vidimus
1000 3360 1060 3412 in
1080 3358 1268 3413 mediis
1285 3361 1480 3413 Divum
1502 3358 1755 3412 versarier
1772 3360 1891 3412 aris.

745 3450 884 3501 Tum
908 3448 1132 3503 Calchas
1156 3448 1270 3503 haec
1302 3460 1380 3502 est
1406 3446 1595 3501 fidenti
1622 3467 1753 3502 voce
1788 3450 2037 3521 loquutus
2058 3470 2071 3503 :

735 3537 1010 3603 Quidnam
1033 3551 1302 3611 torpentes
1323 3538 1501 3592 subito
1526 3538 1892 3616 obstupuistis,
1918 3538 2144 3592 Achivi?

734 3624 898 3679 Nobis
926 3626 1040 3679 haec
1067 3639 1313 3699 portenta
1339 3628 1517 3680 Deum
1545 3625 1691 3680 dedit
1712 3627 1822 3698 ipse
1848 3640 2055 3681 creator

737 3714 914 3769 Tarda
944 3728 996 3768 et
1021 3734 1136 3769 sera
1163 3716 1352 3779 nimis;
1383 3714 1476 3769 sed
1505 3717 1645 3769 fama
1668 3734 1731 3768 ac
1756 3714 1915 3770 laude
1938 3717 2174 3787 perenni.

735 3806 872 3857 Nam
904 3814 1034 3877 quot
1059 3823 1186 3857 aves
1208 3816 1344 3857 tetro
1372 3814 1627 3858 mactatas
1647 3804 1805 3857 dente
1828 3803 2015 3857 videtis
2034 3842 2049 3868 ,

739 3892 844 3945 Tot
863 3911 962 3947 nos
982 3890 1052 3945 ad
1070 3892 1284 3964 Trojam
1317 3892 1443 3946 belli
1467 3892 1847 3947 exantlabimus
1868 3910 2061 3958 annos,
2164 3922 2171 3936 ·

738 3979 1106 4046 Quae‚decimo
1131 3980 1288 4034 cadet
1306 4020 1322 4045 ,
1358 3994 1409 4033 et
1436 4000 1586 4053 poena
1616 3981 1825 4034 satiabit
1843 3980 2089 4033 Achivos.

741 4068 923 4123 Edidit
947 4070 1056 4122 haec
1084 4067 1338 4136 Calchas,
1359 4088 1476 4141 quae
1499 4071 1612 4141 jam
1642 4081 1847 4123 matura
1876 4066 2075 4121 videtis.
