2975 4684
512 375 603 469 74
1115 374 1479 444 sUMMA
1539 371 2044 443 CARMINIS

584 492 1011 553 Tractationem
1034 494 1223 574 ipsam
1254 494 1582 576 ingreditur
1607 486 1781 554 versu
1807 493 1884 570 93
1903 536 1920 566 ,
1946 491 2050 552 ubi
2075 491 2334 574 primum
2355 511 2470 572 pro
2498 495 2639 552 fun-

585 585 861 645 damento
887 586 1296 668 disputationis
1323 607 1443 648 suae
1466 588 1664 668 ponit,
1695 601 1980 648 terrarum
2006 587 2212 648 orbem
2227 631 2245 660 ,
2273 607 2641 667 quacumque

586 691 803 757 pateat,
854 701 975 740 non
1001 683 1232 760 penitus
1258 683 1509 742 solidum
1532 695 1706 760 atque
1729 680 1971 740 densum
1995 701 2117 741 esse
2130 726 2149 755 ‚
2191 682 2294 741 sed
2322 681 2642 740 introrsum

585 785 851 831 cavatum
892 772 1161 848 latebris,
1207 789 1267 835 et
1316 786 1608 854 tamquam
1653 774 1848 848 venis,
1900 787 2086 834 totum
2133 793 2347 854 corpus
2395 793 2644 853 percur—

590 863 849 926 rentibus
866 911 885 942 ‚
934 879 1191 943 sectum,
1226 867 1389 947 aquis
1428 879 1604 947 atque
1641 867 1797 925 auris
1836 867 2144 946 permeari.
2185 871 2351 930 Hanc
2386 881 2645 926 structu-

588 977 710 1016 ram
756 971 911 1018 terra
953 951 1151 1020 utrum
1195 981 1229 1020 a
1268 960 1458 1040 prima
1509 959 1763 1038 origine,
1809 960 1892 1019 sic
1923 958 2153 1019 condita
2169 1003 2187 1032 ,
2225 959 2529 1030 babuerit,
2568 979 2642 1017 an

586 1049 661 1108 ab
692 1052 1001 1113 accedente
1044 1055 1237 1133 aliqua
1266 1075 1498 1128 caussa,
1529 1053 1666 1114 licet
1697 1066 1957 1127 vetusta,
1998 1075 2034 1113 a
2075 1054 2284 1132 spiritu
2299 1097 2318 1126 ‚
2359 1052 2432 1112 ab
2477 1053 2644 1130 aquis

587 1143 681 1216 vel
708 1143 939 1221 ignibus
962 1145 1226 1221 inclusis,
1268 1149 1479 1209 sensim
1517 1146 1982 1227 permeantibus,
2011 1161 2070 1207 et
2101 1147 2206 1205 bas
2235 1144 2348 1206 sibi
2387 1146 2511 1206 vias
2553 1148 2644 1204 sa·

587 1235 903 1310 cientibus,
937 1241 1252 1318 acceperit,
1292 1239 1357 1299 id
1392 1239 1631 1320 quidem
1669 1253 1828 1300 certo
1871 1239 2069 1300 doceri
2109 1260 2231 1299 non
2258 1253 2346 1299 est
2371 1259 2607 1297 necesse
2624 1282 2642 1311 ,

587 1347 677 1386 res
705 1328 833 1406 ipsa
862 1343 1053 1390 tamen
1080 1331 1253 1392 certis
1280 1332 1644 1392 documentis
1675 1344 1902 1392 constat
1928 1331 2012 1412 (v.
2046 1353 2150 1392 101
2180 1329 2389 1410 seqq).
2411 1330 2642 1390 Etenim

585 1419 634 1479 si
658 1420 961 1500 videmus,
974 1424 1071 1485 hic
1093 1445 1331 1505 magnos
1354 1427 1544 1487 fontes
1561 1438 1620 1484 et
1641 1419 1880 1504 rapidos
1903 1437 2190 1486 torrentes
2211 1445 2246 1484 e
2271 1436 2428 1484 terra
2445 1443 2644 1482 erum-

585 1532 758 1590 pere,
786 1516 905 1577 illic
933 1519 1174 1578 flumina
1203 1519 1459 1579 hiatibus
1486 1533 1656 1579 terrae
1683 1517 2019 1591 absorberi,
2047 1531 2107 1576 et
2131 1516 2246 1576 alio
2278 1518 2412 1576 loco
2439 1535 2646 1574 rursus

586 1626 917 1689 emergere3
948 1612 1083 1691 quis
1106 1624 1305 1690 neget,
1332 1632 1458 1672 esse
1495 1612 1606 1672 sub
1649 1625 1808 1672 terra
1835 1631 2074 1690 magnos
2099 1609 2258 1670 sinus
2281 1627 2646 1687 capacesque

588 1715 809 1762 meatus
822 1747 841 1778 ,
872 1703 1085 1784 quibus
1124 1717 1283 1766 tanta
1322 1705 1411 1766 vis
1454 1723 1738 1784 aquarum
1781 1704 1976 1782 colligi
2011 1716 2186 1782 atque
2234 1701 2418 1760 emitti
2457 1701 2645 1780 possit

590 1793 643 1874 (1
659 1793 790 1874 165?
806 1797 981 1873 Quod
1004 1799 1053 1859 si
1080 1799 1345 1859 diversos
1364 1811 1590 1859 meatus
1617 1812 1772 1859 terra
1798 1796 2004 1870 babet,
2025 1795 2240 1875 quibus
2265 1794 2506 1853 flumina
2529 1813 2642 1852 ex-

588 1887 705 1966 cipi
732 1903 791 1950 et
816 1892 1021 1968 condi,
1038 1913 1359 1973 rursusque
1386 1892 1572 1952 emitti
1601 1903 1873 1972 possunt,
1906 1911 2015 1950 nec
2044 1889 2188 1949 illud
2217 1889 2430 1947 mirum
2454 1886 2644 1946 videri

587 1980 794 2056 debet,
824 2005 947 2047 esse
972 1986 1293 2067 spiracula,
1316 1986 1530 2066 quibus
1554 1984 1772 2056 ventis,
1803 1995 1958 2045 terra
1983 1981 2217 2041 inclusis
2234 2023 2252 2052 ,
2279 1979 2434 2039 liber
2455 1978 2646 2038 exitus

588 2073 763 2135 detur
805 2079 941 2158 (127
956 2079 999 2159 ).
1036 2086 1391 2160 Argumenta
1414 2079 1540 2158 ejus
1563 2078 1651 2138 rei
1676 2075 1942 2157 praebere
1970 2084 2246 2155 possunt,
2275 2091 2408 2151 quae
2430 2070 2644 2148 passim

586 2169 769 2228 oculis
790 2173 1003 2230 nostris
1030 2171 1434 2245 observantur,
1460 2174 1723 2251 ingentes
1747 2167 2052 2248 voragines
2080 2178 2140 2225 et
2159 2165 2345 2224 ruinae
2371 2162 2645 2222 desiden-

586 2260 658 2318 tis
681 2274 877 2334 terrae,
903 2275 1027 2322 tum
1053 2275 1113 2322 et
1132 2261 1351 2324 cubilia
1375 2264 1524 2323 aeris
1544 2276 1604 2322 et
1631 2269 1806 2322 antra
1825 2261 1888 2320 in
1916 2260 2076 2320 silvis
2096 2259 2212 2317 late
2233 2257 2478 2328 effossa,
2497 2275 2644 2335 pro-

588 2353 884 2414 funditatis
909 2355 1285 2436 incomperta
1300 2400 1317 2430 ,
1340 2377 1375 2415 e
1402 2355 1615 2436 quibus
1650 2355 1950 2414 manifeste
1979 2349 2426 2434 praejacentibus
2459 2348 2646 2409 docu-

582 2460 845 2507 mentum
873 2469 1082 2528 capere
1107 2469 1414 2530 possumus
1437 2451 1769 2530 ignotarum
1794 2450 2167 2528 voraginum,
2207 2465 2338 2524 quae
2377 2443 2487 2503 sub
2527 2445 2645 2502 alta

590 2553 745 2600 terra
783 2541 967 2601 latent
1013 2542 1163 2620 (134
1184 2541 1224 2624 ).
1275 2548 1397 2604 Has
1444 2562 1721 2603 cavernas
1761 2554 1929 2601 terrae
1975 2541 2232 2601 occultas
2280 2537 2645 2598 attendamus

586 2647 852 2712 oportet,
878 2648 945 2694 ut
970 2635 1089 2694 vim
1118 2635 1268 2715 ignis
1294 2635 1661 2695 subterranei
1691 2636 2094 2716 intelligamus.
2127 2633 2240 2694 Hic
2269 2631 2426 2691 enim
2463 2651 2644 2710 quum

586 2726 841 2786 inclusus
864 2729 1115 2787 maxime
1142 2729 1337 2801 saevit,
1377 2741 1438 2788 et
1463 2727 1756 2789 obstantia
1791 2747 2039 2806 quaeque
2068 2724 2399 2805 perrumpit
2417 2767 2434 2797 ,
2476 2724 2538 2780 in
2575 2743 2644 2782 ea

585 2834 778 2879 tamen
808 2821 939 2880 loca
967 2822 1215 2881 maxime
1236 2823 1503 2897 vertitur,
1525 2841 1657 2900 quae
1678 2822 1739 2880 vi
1769 2820 1892 2899 ejus
1922 2818 2104 2898 magis
2130 2817 2371 2890 cedunt,
2393 2829 2454 2874 et
2482 2830 2648 2875 tene-

581 2912 767 2972 riores
789 2915 1067 2974 cavitates
1093 2914 1315 2974 babent
1332 2957 1350 2988 ,
1389 2913 1549 2973 unde
1579 2926 1749 2972 terrae
1785 2928 2065 2973 tremores
2087 2925 2146 2970 et
2171 2924 2364 2971 motus
2391 2927 2645 2968 nascun-

586 3017 684 3062 tur
712 3003 905 3086 (145).
934 3006 997 3066 si
1026 3007 1158 3084 quis
1184 3007 1501 3080 existimet,
1541 3006 1652 3066 hos
1697 3019 1888 3065 tantos
1926 3018 2119 3064 motus
2167 3025 2202 3064 e
2249 3002 2536 3063 meatibus
2583 3003 2645 3061 in

584 3115 809 3156 summa
839 3110 1009 3157 terrae
1034 3117 1141 3157 ora
1168 3098 1507 3179 patentibus
1534 3098 1710 3172 oriri,
1752 3112 1928 3176 atque
1957 3099 2112 3156 vires
2147 3097 2414 3176 accipere
2441 3115 2644 3175 posse;

585 3189 634 3246 is
666 3189 911 3268 cogitet,
940 3205 1145 3252 ventos
1172 3206 1231 3252 et
1261 3193 1425 3272 ignes
1452 3191 1652 3252 hiante
1678 3193 1967 3270 speluncae
1993 3189 2270 3264 introitu,
2295 3192 2435 3269 quia
2462 3188 2646 3250 libere

586 3295 813 3356 errant,
858 3283 1171 3362 languere,
1216 3285 1473 3364 angustis
1515 3282 1780 3343 faucibus
1820 3295 1878 3342 et
1917 3281 2227 3363 profundis
2268 3281 2644 3355 cavitatibus,

583 3375 798 3454 quibus
826 3377 1142 3456 compressi
1170 3397 1321 3457 aegre
1346 3390 1724 3452 moveantur,
1756 3397 1906 3456 opus
1931 3396 2084 3450 esse,
2112 3389 2181 3434 ut
2206 3376 2396 3435 solum
2423 3395 2645 3434 concu-

586 3468 764 3528 tiatur
792 3469 929 3549 (157
947 3469 990 3550 ).
1032 3471 1316 3550 Exposita
1338 3484 1508 3530 terrae
1531 3471 1816 3531 universae
1839 3485 2048 3530 natura
2076 3487 2423 3543 cavernosa,
2455 3469 2646 3527 ventis

582 3561 933 3642 ignibusque
956 3563 1351 3642 concipiendis
1373 3579 1541 3643 apta,
1567 3563 1759 3644 pergit
1780 3576 1984 3623 auctor
2003 3562 2076 3622 ad
2100 3567 2330 3622 AEtnam
2362 3575 2650 3630 montem,

585 3677 619 3716 a
645 3677 820 3716 versu
853 3666 961 3731 174
975 3701 993 3730 ,
1036 3657 1099 3715 in
1138 3677 1327 3738 eoque
1362 3657 1486 3718 haec
1517 3656 1711 3717 omnia
1738 3656 2038 3716 manifeste
2063 3653 2342 3736 probari,
2389 3653 2648 3732 ipsisque

583 3748 767 3807 oculis
810 3749 971 3808 cerni
1020 3751 1283 3809 affimat.
1322 3755 1397 3810 Et
1436 3763 1748 3830 postquam
1785 3750 2064 3809 interiore
2101 3748 2165 3806 in
2195 3746 2440 3807 cavitate
2461 3753 2650 3806 AEtnae

583 3841 838 3901 ostendit
866 3843 1089 3922 lapides
1117 3863 1435 3922 arenasque
1458 3844 1767 3922 flagrantes
1799 3856 1858 3901 et
1883 3855 2113 3901 exustas
2135 3840 2475 3919 glomerari,
2504 3859 2650 3896 con-

584 3936 894 4014 sertimque
918 3937 1082 4016 ejici,
1119 3937 1259 3995 hinc
1288 3935 1542 4015 colligit,
1587 3948 1823 3994 ventum
1848 3947 2023 4014 atque
2053 3932 2244 4012 ignem
2272 3931 2448 4010 hujus
2469 3931 2650 3990 mira-

582 4027 702 4087 culi
722 4047 949 4088 caussas
967 4049 1092 4090 esse
1105 4072 1124 4103 ,
1146 4041 1383 4088 ventum
1403 4027 1525 4108 igni
1545 4041 1768 4088 motum
1785 4041 1846 4086 et
1863 4029 1984 4086 vim
2004 4025 2251 4099 addere,
2273 4037 2340 4084 ut
2367 4037 2426 4082 et
2453 4024 2650 4083 incen-

585 4119 683 4180 dat
713 4139 965 4201 corpora
984 4120 1044 4182 in
1064 4127 1250 4183 AEtnoe
1271 4121 1622 4196 visceribus,
1651 4133 1709 4181 et
1735 4120 1970 4182 incensa
1999 4140 2212 4200 magno
2248 4119 2472 4198 impetu
2509 4138 2648 4177 eru-
