2975 4684
547 372 686 444 356
801 368 1103 441 VERBA
1153 368 1572 438 ACHILLIS
1620 368 1717 440 IN
1765 367 2413 443 PARTHENONE.

637 494 850 589 Exegi
883 516 898 560 ε
927 492 1290 561 observans
1317 489 1550 559 matris
1576 504 1912 584 praecepta
1935 492 2278 580 verendae,

635 604 880 675 Induxi
907 598 1137 671 molles
1164 599 1458 687 habituS,
1485 596 1670 670 velut
1694 598 1873 669 edita
1898 601 2125 697 virgo,
2628 626 2678 665 ss

637 714 950 783 Lusimus
977 725 1044 781 et
1069 706 1262 779 tactis
1294 706 1717 790 modulantes
1742 710 2041 780 carmina
2067 711 2354 783 chordis.

633 823 892 895 Virtuti
920 821 1266 914 adsurgat,
1305 818 1521 889 fuerat
1548 844 1986 916 quaecumque
2013 819 2358 918 voluptas3

630 934 962 1006 Succedat
989 932 1240 1024 ¹ferrum
1266 930 1569 1020 cithara-3
1599 932 1785 1026 quod
1812 933 2028 1003 nutrit
2053 957 2311 1003 amores

631 1028 1022 1142 Depensuni
1049 1058 1152 1113 est
1174 1042 1462 1130 Veneri,
1490 1041 1847 1114 reddamus
1872 1058 2111 1115 caetera
2136 1044 2363 1114 Marti.

533 1306 633 1341 nus
653 1289 829 1339 labans
845 1280 1070 1355 explicat
1091 1282 1300 1342 etiamsi,
1332 1282 1563 1348 quamvis

533 1372 676 1421 labet.

603 1446 690 1511 84.
709 1444 877 1511 Exegi
891 1460 910 1491 .·
931 1442 1211 1500 observans,
1229 1448 1333 1491 etc.
1351 1440 1562 1506 Exigua

530 1526 867 1579 Burmannus
885 1518 1060 1575 edidit
1083 1536 1114 1571 e
1134 1516 1320 1571 codice
1335 1516 1554 1570 Divion.

531 1603 694 1677 idque
719 1597 979 1655 defendit.
1011 1596 1114 1653 Sed
1131 1596 1393 1668 Excerpta
1413 1594 1562 1648 codi-

531 1682 606 1738 cis
635 1682 853 1737 Suhnas.
876 1678 966 1731 hic
990 1677 1189 1730 hubent
1213 1677 1390 1744 Exegi
1404 1677 1564 1725 obser*-

469 1820 477 1837 .
533 1782 654 1816 vans
670 1800 687 1828 ,
725 1774 777 1813 et
803 1756 922 1813 cod.
944 1754 1094 1810 Leid.
1113 1758 1268 1825 Eoet‘gi
1284 1758 1563 1807 observans.

532 1843 647 1915 Ego
665 1838 956 1911 adquiesco
971 1838 1028 1891 iu
1050 1838 1215 1905 Exegi
1229 1873 1245 1895 ,
1279 1846 1334 1887 et
1352 1850 1566 1885 versum

534 1921 608 1975 sic
639 1918 872 1993 explico:
897 1918 1264 1986 Quocumque
1298 1913 1413 1965 hoc
1439 1923 1564 1965 otas

533 2021 654 2055 mea
688 2000 874 2053 labans
893 2034 911 2061 ,
947 2006 999 2049 et
1031 2012 1276 2049 successu
1303 2010 1565 2046 annorum

528 2082 642 2154 jam
688 2078 1010 2138 decurrens,
1052 2074 1223 2137 ferre,
1259 2070 1564 2136 admittere,

533 2158 842 2233 permittere
875 2163 1048 2227 potest
1065 2188 1082 2217 ,
1129 2170 1190 2204 ea
1224 2152 1340 2223 jam
1379 2148 1531 2221 exegi
1546 2188 1562 2215 ,

533 2239 665 2304 feci,
697 2234 941 2289 absolvi:
975 2232 1266 2285 observans
1301 2239 1563 2302 praecepta

535 2316 716 2370 matris
734 2331 864 2367 mem
885 2311 1072 2363 molles
1095 2309 1316 2361 habitus
1339 2305 1561 2371 induxi,

538 2394 688 2469 quasi
729 2392 884 2463 virgo
920 2401 1047 2442 nata
1083 2395 1286 2442 essem:
1335 2385 1563 2440 lusimus

537 2474 693 2527 etiam
745 2467 1081 2525 modulantes
1141 2466 1408 2528 carmina3
1467 2464 1560 2519 sed

538 2552 642 2607 ohe
659 2552 672 2604 Ι
691 2552 804 2623 jam
829 2548 957 2602 satis
980 2557 1078 2600 est.

609 2628 699 2683 85.
735 2630 880 2681 Velut
899 2628 1032 2678 edica
1059 2626 1224 2691 virgo.
1250 2622 1379 2676 Hoc
1399 2622 1563 2676 verba

537 2708 745 2765 scheda
780 2705 994 2759 Divion.
1032 2713 1084 2756 et
1119 2701 1340 2757 Salmas.
1377 2700 1565 2755 distin-

535 2800 709 2862 guunt
731 2806 762 2841 a
786 2783 1053 2859 prioribus
1071 2784 1241 2835 molles
1257 2783 1445 2833 habitus
1461 2820 1478 2842 ,
1510 2792 1563 2834 et

541 2866 834 2921 adnectunt
864 2862 1104 2936 sequenti
1131 2862 1350 2912 lusimus
1363 2899 1380 2922 ,
1405 2858 1569 2931 idque

541 2957 836 3019 sequuntur
852 2942 943 2996 alii
960 2943 1288 3013 interpretes.
1308 2937 1412 2993 Sed
1429 2950 1573 2993 recte

543 3022 883 3079 Burmannus
905 3032 1090 3075 contra
1111 3018 1344 3091 disputat
1361 3054 1378 3081 ,
1400 3035 1571 3090 eaque

541 3102 883 3178 adjungenda
926 3100 1192 3173 prioribus
1244 3108 1424 3152 censet
1439 3138 1458 3165 ,
1508 3108 1569 3149 ut

542 3182 772 3237 Achilles
794 3181 1006 3233 dicatur
1025 3204 1050 3224 α
1077 3178 1344 3231 induxisse
1373 3176 1565 3230 molles

543 3261 760 3315 habitus
796 3269 855 3311 ut
899 3259 1049 3329 virgo
1067 3290 1083 3321 ,
1130 3275 1230 3309 non
1274 3255 1462 3309 lusisse
1510 3264 1574 3307 ut

547 3358 629 3393 vn·
665 3358 700 3392 o
728 3362 774 3391 n.

619 3358 707 3469 36.
747 3417 966 3470 Lust'mus
995 3429 1045 3467 ee
1077 3416 1214 3467 tactis
1241 3416 1567 3466 modulantes.

1649 1278 1736 1335 Sic
1768 1299 1800 1334 e
1834 1280 1956 1335 cod.
1988 1280 2211 1337 salmas.
2244 1292 2297 1335 et
2329 1278 2479 1334 Leid.
2510 1278 2683 1334 edidit

1650 1358 1987 1413 Burmannus
2007 1372 2165 1413 recte.
2194 1359 2327 1414 cod.
2346 1359 2683 1413 Divionensis

1649 1436 1883 1492 habehat
1910 1464 1936 1485 a
1960 1437 2239 1501 Lusimus,
2278 1450 2334 1493 et
2369 1438 2521 1492 tactis
2562 1458 2685 1493 mo-

1650 1517 1944 1573 dulantur-
1960 1559 1977 1587 ,
2000 1518 2161 1573 male.
2200 1519 2269 1571 Et
2294 1536 2573 1591 perperam
2591 1517 2685 1571 hic

1650 1597 1985 1653 Aristarchus
1997 1598 2307 1671 Lipsiensis,
2319 1609 2547 1651 testante
2554 1598 2688 1650 Bur-

1651 1695 1849 1731 manno
1864 1714 1881 1743 ,
1924 1678 2099 1749 legere
2140 1687 2307 1731 tentat
2346 1680 2505 1729 doctis
2520 1716 2538 1743 ,
2560 1693 2685 1749 quo

1652 1756 1743 1809 hic
1764 1756 2101 1830 ineptissima
2125 1768 2250 1811 sunt
2268 1797 2284 1823 ,
2322 1769 2377 1809 et
2400 1757 2575 1810 trihus
2594 1775 2685 1810 co·

1652 1835 1859 1889 dicibus
1884 1836 2216 1889 refelluntur.
2246 1834 2511 1887 Ceterum
2538 1838 2689 1905 tangi

1653 1914 1723 1968 de
1737 1915 1942 1971 cithara
1956 1912 2504 1969 usitatissimumwid.
2518 1913 2689 1967 Antia.

1653 1992 1768 2047 Lat.
1788 1993 1876 2046 ΙΙΙ
1895 2031 1912 2058 ,
1942 1996 2060 2061 181,
2080 2013 2162 2048 vs.
2186 1992 2246 2059 3,
2269 1992 2339 2047 de
2358 1992 2652 2047 citharaedo
2670 2015 2689 2045 ε

1654 2099 1679 2119 ι-
1700 2074 1811 2128 Stat
1846 2084 1993 2126 tactu
2016 2085 2286 2143 cantuque
2310 2082 2501 2143 potens
2526 2098 2555 2118 a·
2576 2089 2594 2135 3
2632 2084 2689 2124 et

1654 2150 1983 2206 Claudianus
1998 2190 2015 2216 ,
2034 2151 2104 2206 de
2124 2152 2286 2205 Cous.
2304 2150 2450 2204 Man.
2473 2171 2527 2205 v.
2556 2152 2685 2217 316,

1652 2258 1679 2277 ι
1702 2250 1895 2303 mag-na
1936 2232 2042 2285 levi
2078 2230 2365 2287 detrudens
2403 2248 2688 2284 murmura

1651 2322 1793 2363 tactu
1806 2337 1849 2361 ιι.
1871 2310 1971 2363 En.

1722 2391 1809 2460 87.
1832 2392 2009 2441 Virtuti
2025 2391 2297 2458 adsurgat,
2320 2388 2359 2441 i.
2382 2406 2433 2441 e.
2454 2386 2615 2442 cedat
2635 2400 2688 2443 et

1647 2469 1829 2523 locum
1852 2468 2031 2522 faciat.

1722 2548 1809 2616 89.
1831 2552 2109 2616 Depensum
2122 2560 2197 2597 est
2213 2548 2410 2599 Veneri.
2431 2544 2687 2599 Similitu-

1651 2626 1723 2680 ait
1761 2627 2042 2691 Lucanus,
2084 2626 2170 2692 X,
2208 2626 2311 2692 80,
2348 2622 2418 2679 de
2448 2626 2686 2689 Caesare,

1652 2706 1962 2779 «Tempora
1992 2704 2199 2759 Niliaco
2228 2704 2399 2779 turpis
2432 2703 2689 2777 dependit

1658 2784 1830 2840 amori
1850 2810 1891 2839 ιι.
1918 2815 1991 2825 -
2018 2783 2076 2836 Si
2104 2783 2225 2856 quis
2252 2784 2375 2837 velit
2405 2784 2689 2851 conferre,

1661 2876 1925 2937 quantum
1956 2864 2161 2917 intersit
2185 2864 2325 2916 inter
2346 2882 2602 2936 magnum
2632 2876 2690 2916 et

1662 2962 1783 2997 vere
1816 2943 2173 3015 virgilianum
2217 2955 2427 3014 poetam
2455 2983 2472 3010 ,
2528 2954 2690 3015 atque

1657 3022 1944 3078 obscurum
1961 3022 2105 3075 hunc
2126 3041 2373 3075 versuum
2397 3022 2687 3075 fabricato·

1654 3122 1770 3157 rem
1784 3141 1800 3167 ,
1824 3102 1868 3155 is
1886 3101 2040 3157 adeat
2060 3102 2361 3157 Nosti-atem
2379 3104 2428 3156 J.
2444 3104 2656 3155 Ruunt
2668 3138 2686 3165 ,

1656 3185 1938 3253 Iphigenia,
1975 3192 2076 3235 act.
2102 3180 2163 3246 1,
2202 3200 2277 3235 sc.
2310 3201 2368 3249 2,
2392 3182 2488 3234 ubi
2508 3181 2688 3252 plures

1656 3260 1924 3314 sententia
1941 3301 1958 3327 ,
1991 3278 2109 3333 qun
2134 3259 2226 3313 hic
2260 3270 2551 3313 occurrunt
2568 3298 2585 3325 ,
2608 3258 2683 3311 si·

1658 3338 1850 3393 militet·
1875 3340 2173 3393 referuntur
2192 3379 2208 3405 ,
2252 3338 2346 3393 sed
2382 3357 2545 3412 quam
2583 3336 2688 3390 dis·

1656 3418 1774 3491 pari
1794 3418 2027 3473 carmine
2049 3418 2063 3470 !
2090 3418 2195 3471 En.
