2975 4684
566 454 703 500 210

1278 424 1571 493 CORN.
1627 424 1992 493 SEVERI

660 552 1108 645 Dejectusque
1154 544 1329 615 redit
1366 546 1548 615 votis
1585 544 1876 617 Catilina
1913 543 2236 629 nefandis.

657 660 845 751 Quid
880 657 1092 743 favor,
1124 670 1245 727 aut
1284 656 1544 725 coetus?
1575 654 1756 751 pleni
1785 654 1950 749 quid
1986 655 2355 725 honoribus
2389 660 2550 727 anni

658 767 1105 841 Profuerunt?
1144 767 1347 837 sacris
1382 779 1614 865 exacta
1647 764 1812 861 quid
1850 765 2104 837 artibus
2135 764 2336 835 aetas?

658 878 955 951 Abstulit
984 901 1124 947 una
1162 876 1305 946 dies
1348 876 1467 945 aevi
1509 875 1744 962 decus,
1779 876 2044 969 ictaque
2079 873 2266 945 luctu

652 988 999 1061 Conticuit
1036 988 1245 1056 Latiae
1290 984 1500 1055 tristis
1549 984 1862 1055 facundia
1897 984 2158 1081 linguae.

620 1235 670 1287 7.
694 1214 1017 1281 Defectusque
1036 1210 1165 1261 votis
1182 1208 1437 1277 nefandis,
1459 1206 1574 1260 scil.

544 1298 719 1371 primo
752 1309 846 1363 spe
893 1290 1158 1342 honorum
1173 1324 1189 1351 ‚
1236 1298 1294 1339 ut
1335 1286 1578 1341 consula-

544 1389 629 1431 tus
646 1416 663 1441 ,
692 1371 884 1445 quibus
910 1368 1059 1422 abuti
1084 1365 1151 1420 ad
1178 1366 1397 1420 consilia
1422 1368 1574 1421 nefa-

544 1456 623 1509 ria
650 1448 981 1525 exsequenda
1013 1446 1256 1509 volebat,
1284 1465 1385 1517 qua
1416 1443 1492 1511 de,
1517 1464 1576 1499 re

542 1531 848 1594 Sallustius3
868 1525 1063 1581 deinde
1088 1526 1243 1579 etiam
1273 1544 1366 1597 spe
1390 1526 1575 1597 conju-

540 1611 765 1667 rationis
784 1607 853 1663 ad
872 1608 949 1662 rei
971 1606 1193 1679 publicae
1217 1606 1434 1657 exitium
1457 1622 1573 1676 per-

540 1689 800 1747 ficiendoe.
810 1687 1035 1757 -Dejiei
1049 1704 1142 1759 spe
1161 1724 1178 1751 ,
1194 1684 1440 1757 opinione
1452 1720 1469 1747 ,
1484 1702 1572 1736 vo-

537 1786 624 1841 to,
650 1780 845 1825 conatu
859 1807 877 1834 ,
899 1766 1135 1829 honore,
1153 1762 1348 1837 passim
1375 1760 1573 1815 dicitur

536 1849 679 1925 apud
714 1851 884 1903 bonos
912 1844 1192 1917 scriptores
1214 1882 1230 1909 ,
1256 1841 1483 1896 subinde
1518 1854 1570 1895 et

539 1932 745 1999 depelli,
766 1928 977 1980 detrudi.
999 1955 1068 1964 —
1085 1922 1136 1977 N
1139 1922 1415 1975 ominatim
1442 1920 1568 1976 Sue-

537 2024 648 2063 ton.
692 2010 747 2061 in
781 2007 890 2060 Jut.
928 2011 1035 2067 24:
1086 2004 1383 2055 «Crassum
1415 2001 1567 2053 Pom·

530 2081 1149 2161 peiumque...compulit,
1170 2093 1230 2133 ut
1243 2079 1564 2135 detrudendi

540 2164 757 2220 Domitii
786 2181 945 2217 causa
974 2160 1313 2217 consulatum
1338 2160 1574 2213 alterum'

536 2255 777 2319 peterent
797 2269 843 2295 ι.
865 2242 968 2293 En.

601 2327 655 2380 8.
700 2326 833 2393 Quid
844 2322 1022 2391 sae-or,
1057 2334 1142 2371 aas
1180 2333 1348 2371 cartus.
1387 2316 1560 2371 Coetus

528 2405 764 2475 intelligo
782 2420 872 2454 eos
889 2437 905 2463 ,
927 2399 980 2452 in
1003 2396 1193 2469 quibus
1214 2399 1361 2450 favor
1380 2397 1560 2469 populi

526 2496 577 2537 et
600 2483 829 2535 honores
852 2490 1179 2550 spectantur,
1202 2476 1291 2549 qui
1312 2477 1416 2529 hoe
1440 2476 1558 2530 loco

524 2564 937 2633 conjunguntur,
954 2576 1145 2629 nempe
1166 2556 1461 2629 frequentia
1474 2576 1560 2611 aa-

523 2640 806 2693 lutnntium
825 2638 997 2691 officia
1009 2678 1025 2703 ,
1043 2634 1407 2703 deductiones,
1430 2656 1553 2690 con-

524 2722 717 2773 ciones.
748 2720 935 2789 Neque
960 2716 1068 2769 ulla
1093 2716 1226 2767 ratio
1252 2729 1330 2769 est
1348 2756 1363 2781 ,
1392 2736 1488 2769 cur
1526 2734 1558 2769 a

523 2800 735 2871 vulgata
752 2796 977 2851 lectione
1000 2794 1307 2849 recedamus
1320 2832 1335 2857 ‚
1360 2806 1409 2846 et
1430 2814 1555 2849 cum

522 2878 735 2932 Heinsio
782 2876 1017 2947 legamus
1058 2878 1191 2942 Quid
1196 2874 1355 2943 favor
1373 2878 1556 2925 adsue-

520 2974 595 3010 tus
616 2996 632 3021 ,
660 2968 751 3009 aut
776 2974 899 3008 cum
922 2954 1160 3017 Barthio,
1188 2951 1414 3005 Advers.
1438 2952 1518 3003 IX
1535 2990 1554 3016 ,

416 3036 423 3043 ’
526 3038 592 3103 14
606 3076 622 3101 ,
651 3040 783 3103 Quid
787 3038 947 3104 favor
969 3048 1057 3084 aut
1082 3036 1253 3085 cultus.

592 3136 641 3183 9.
662 3116 973 3183 Profuemm,
998 3127 1138 3166 recte
1152 3151 1168 3178 ,
1186 3109 1427 3183 quamvis
1436 3130 1554 3178 pro.

504 3196 721 3263 ficet-ane
740 3193 827 3245 alii
849 3211 863 3244 ε
887 3205 937 3243 et
955 3194 1065 3243 vica
1086 3193 1209 3259 quid
1224 3193 1403 3239 artabus
1433 3203 1550 3241 acta

519 3272 715 3327 babent
748 3270 976 3341 autiquae
1007 3270 1217 3323 Senecae
1249 3266 1373 3320 edd.
1417 3268 1551 3321 Gro-

516 3350 705 3405 novius
726 3350 883 3402 etiam
906 3346 977 3400 sic
1000 3348 1104 3419 legi
1124 3348 1176 3399 in
1196 3347 1289 3401 MS
1305 3358 1543 3411 testatur,

516 3432 591 3484 sic
616 3432 771 3483 etiam
798 3428 1028 3499 Scaliger
1050 3439 1103 3479 et
1122 3426 1417 3497 Stephanus
1440 3425 1546 3478 edi-

512 3510 723 3564 derunt.
744 3506 848 3561 Sed
875 3522 1058 3557 exacta
1082 3508 1204 3573 quid
1223 3508 1404 3557 artibus
1422 3519 1544 3557 aetas

512 3588 741 3662 conjecit
766 3585 1045 3651 Schottus,
1074 3597 1232 3657 atque
1258 3585 1399 3638 idem
1427 3583 1546 3636 Cri-

509 3674 650 3721 nitus
676 3678 727 3719 et
754 3665 987 3718 Pithoeus
1010 3662 1302 3729 dederunt,
1326 3662 1471 3735 quod
1492 3674 1544 3714 et

512 3747 641 3799 mihi
663 3745 954 3818 elegantius
981 3744 1295 3815 graviusque
1317 3740 1543 3796 videtur.

510 3831 759 3877 —Sacroe
785 3835 920 3876 artes
948 3834 1100 3885 sunt,
1126 3821 1321 3894 quibus
1346 3840 1428 3874 res
1456 3818 1546 3873 ad-

512 3904 762 3959 discimus
779 3942 794 3965 ‚
846 3922 963 3974 quae
1021 3919 1183 3953 sacrae
1238 3898 1542 3951 hominibus

508 4004 619 4039 esse
664 3982 857 4037 debent
877 4023 891 4047 ‚
937 3980 1281 4033 humanitatis
1327 3978 1496 4031 studia
1522 4016 1538 4043 ‚

510 4062 797 4137 praesertim
821 4059 1175 4131 philosophia.

584 4161 667 4195 ιο.
696 4143 907 4192 Abstulit
938 4160 1041 4190 una
1078 4140 1201 4213 dies.
1244 4136 1537 4192 Refer-enda

507 4232 583 4274 est
626 4240 727 4272 una
765 4222 867 4271 dies
910 4236 1077 4291 quum
1121 4216 1189 4273 ad
1234 4216 1535 4289 praecedens

1662 1222 1846 1259 exacta
1869 1210 2051 1259 arn'bus
2071 1221 2217 1267 aeas,
2237 1218 2352 1260 tum
2371 1206 2440 1261 ad
2464 1228 2689 1282 sequens

1662 1291 1753 1339 oevi
1773 1291 1946 1339 dews:
1969 1285 2169 1341 scilicet
2187 1306 2296 1340 una
2315 1284 2429 1341 dies
2448 1288 2691 1355 abstulit,

1661 1366 1804 1439 quod
1855 1378 1964 1420 tota
2011 1366 2064 1419 in
2117 1364 2320 1420 artibus
2375 1382 2686 1443 consumpta

1659 1457 1781 1500 atas
1807 1457 2078 1518 paraverat
2101 1486 2116 1511 ,
2144 1457 2197 1499 et
2222 1446 2389 1500 totius
2417 1448 2516 1505 avi
2551 1449 2690 1505 illius

1659 1524 1822 1580 decus
1868 1538 2000 1579 erat.
2046 1524 2190 1579 Sicut
2233 1526 2290 1578 in
2342 1528 2577 1581 carmine
2622 1530 2690 1584 de

1657 1604 1883 1658 AEneide
1910 1606 2060 1677 Virg.
2105 1604 2202 1659 lib.
2248 1606 2302 1658 11
2342 1605 2560 1659 Anthol.
2599 1627 2684 1681 ep.

1663 1684 1764 1749 184
1797 1684 2020 1737 dicitur:
2045 1710 2070 1728 «ι
2090 1684 2262 1749 Quam
2304 1695 2382 1737 tot
2415 1698 2690 1758 congestos

1655 1777 1940 1837 noctesque
1971 1764 2186 1837 diesque
2203 1801 2219 1829 ,
2252 1764 2458 1817 labores
2483 1764 2688 1821 Hause-

1653 1842 1725 1894 rit
1762 1858 1866 1896 nnn
1900 1842 2010 1896 dies
2038 1866 2083 1896 ¹·-
2113 1874 2182 1883 --
2207 1846 2322 1895 AEvz'
2357 1846 2505 1895 decus
2545 1858 2689 1901 recte

1651 1922 1836 1995 legunt
1875 1922 2109 1976 Crinitus
2133 1962 2149 1989 ,
2188 1921 2487 1995 Stephanus
2508 1962 2523 1988 ‚
2561 1924 2689 1981 Sca-

1653 2000 1804 2073 liger,
1833 2002 2094 2057 Columna
2124 2001 2194 2055 ad
2211 2002 2477 2066 Ennium,
2503 2023 2556 2075 p.
2583 2006 2685 2071 88,

1649 2080 1899 2135 Barthius
1922 2080 1991 2134 ad
2019 2079 2202 2134 Claud.
2230 2080 2353 2133 bell.
2378 2080 2521 2134 Gild.
2555 2089 2683 2151 ²42,

1649 2161 1910 2292 ss-pmbss‘
1923 2160 2251 2292 ξῖτῖξιγονίηε.
2271 2160 2524 2292 Sss'ffl‘e‘
2540 2162 2688 2292 aplud

1704 2257 1958 2294 ir..c.
2084 2256 2292 2303 ,nt-1
2367 2257 2686 2311 uqueaeo

1645 2259 1807 2374 decies
1833 2318 1936 2372 hoc
1963 2317 2120 2386 aevi»;
2145 2330 2196 2371 et
2218 2317 2378 2372 ovid.
2406 2320 2535 2373 Her.
2558 2320 2683 2387 XV,

1646 2407 1714 2469 94
1737 2416 1752 2451 :
1792 2426 1816 2445 ·=
1836 2399 1885 2451 O
1913 2396 2103 2465 decus,
2153 2412 2312 2471 atque
2365 2400 2464 2453 aevi
2513 2400 2682 2472 gloria

1645 2497 1833 2549 magna
1879 2478 1959 2531 tui
1990 2504 2034 2531 a.
2086 2478 2286 2532 Contra
2337 2482 2452 2529 civis
2501 2484 2650 2531 decus
2667 2528 2680 2549 ,

1642 2556 1788 2630 quod
1814 2556 2075 2610 dederunt
2113 2554 2372 2621 Pithoeus,
2401 2556 2678 2623 Coralius,

1641 2638 1978 2691 Burmannus
1997 2674 2013 2699 ,
2040 2655 2216 2709 neque
2254 2638 2536 2689 commode
2570 2638 2679 2692 dici

1640 2728 1814 2789 potest
1830 2716 1896 2769 de
1915 2716 2027 2768 cive
2047 2714 2325 2787 primario,
2345 2728 2406 2768 ut
2427 2716 2677 2771 Gorallus

1640 2795 1945 2867 explicavit,
1972 2812 2144 2867 neque
2180 2806 2362 2867 aptum
2402 2797 2678 2850 sententia

1641 2888 1690 2929 et
1715 2874 1942 2929 orationi
1968 2886 2062 2927 est.
2107 2876 2292 2946 Neque
2318 2874 2522 2928 Heinsii
2550 2894 2677 2928 cou-

1631 2962 1840 3035 jectura
1869 2952 2024 3006 valde
2065 2954 2262 3027 placet,
2289 2954 2381 3026 qui
2417 2954 2482 3007 ad
2520 2954 2674 3027 Vir-g.

1641 3034 1764 3087 AEn.
1806 3035 1866 3097 Ι,
1905 3032 2006 3087 513
2056 3032 2289 3107 reposuit
2329 3036 2458 3084 urbis
2503 3038 2670 3087 decus.

1637 3143 1706 3152 —
1737 3119 1946 3180 Ictaque
1981 3116 2123 3164 luctu,
2157 3113 2235 3165 De
2262 3111 2423 3165 animi
2462 3112 2674 3166 affecti-

1637 3191 1734 3243 bus
1769 3190 1874 3244 hoe
1914 3190 2152 3263 inprimis
2181 3206 2515 3265 usurpatum.
2541 3192 2670 3246 Hor.

1637 3269 1811 3322 Carm.
1853 3270 1953 3333 IV,
1987 3268 2016 3321 5
2039 3309 2054 3333 ,
2089 3268 2150 3321 15
2177 3288 2190 3322 :
2225 3294 2250 3315 ι
2273 3270 2359 3323 Sic
2400 3269 2674 3324 desideriis

1634 3356 1734 3406 icta
1779 3346 2020 3401 fidelibus
2043 3348 2249 3417 ,Quaerit
2286 3351 2452 3420 patria
2491 3351 2669 3404 Caesa-

1631 3446 1742 3479 rem
1765 3454 1805 3479 n.
1827 3428 1977 3499 Virg.
2007 3428 2062 3479 in
2086 3426 2216 3489 Ciri,
2237 3432 2336 3481 166
2356 3445 2370 3478 :
2391 3455 2416 3473 α
2440 3429 2664 3501 Ictaque

1631 3506 1908 3561 barbarico
1937 3506 2158 3579 Cybeles
2186 3507 2420 3561 antistita
2449 3508 2593 3561 buxo
2618 3535 2664 3561 ιο.

1633 3586 1840 3638 Petron.
1869 3585 1998 3637 Bell.
2027 3587 2127 3641 civ,
2155 3586 2290 3637 223:
2319 3610 2345 3631 α
2364 3585 2488 3650 Quo
2515 3606 2664 3643 meus

1638 3665 1739 3719 icta
1760 3666 1938 3736 jubet,
1961 3662 2167 3717 deserta
2196 3661 2412 3715 ducitur
2443 3666 2576 3719 urbe
2599 3692 2644 3719 n.

1708 3762 1730 3796 1
1743 3762 1766 3797 1
1780 3784 1792 3797 .
1812 3748 2051 3797 Conticuit
2061 3747 2230 3795 Βατία.
2247 3742 2442 3796 Narrat
2453 3744 2668 3809 seneca,

1631 3836 1914 3896 postquam
1951 3823 2048 3876 hos
2083 3824 2245 3875 Corn.
2283 3822 2465 3875 Severi
2487 3840 2667 3878 versus

1631 3902 1853 3974 protulit
1867 3943 1882 3969 ‚
1904 3902 2049 3955 hunc
2071 3919 2278 3955 versum
2302 3919 2365 3952 ex
2383 3902 2488 3954 alio
2509 3903 2672 3956 Sexti-

1629 3982 1683 4034 lii
1703 3983 1864 4035 Henae
1887 3980 2200 4053 processisse
2218 4017 2233 4044 ,
2259 3980 2351 4052 qui
2376 3980 2668 4054 aliquando

1627 4080 1838 4115 carmen
1858 4061 1914 4113 in
1932 4060 2369 4133 proscriptionem
2388 4061 2668 4116 Ciceronis

1625 4136 1853 4195 recitans
1891 4140 1994 4197 hoc
2018 4159 2176 4195 versu
2210 4158 2362 4192 orsus
2387 4139 2489 4193 sit:
2519 4169 2544 4187 κ
2565 4143 2665 4195 De-

1624 4218 1830 4273 flendus
1849 4220 2034 4273 Cicero
2052 4229 2150 4283 est,
2163 4220 2435 4291 Latiaeque
2453 4220 2668 4275 silentia
