2975 4684
565 359 696 434 156

1149 366 1549 434 LUCILII
1606 369 2083 438 IUNIORIS

651 487 924 556 Divitiis
956 487 1345 576 hominum,
1373 503 1493 558 aut
1521 515 1703 560 sacra
1740 515 2071 560 marmora
2090 544 2109 579 ,
2147 515 2337 562 resve
2367 505 2681 572 vetustas,

650 598 1048 692 Trajicimus
1075 601 1286 668 maria
1315 615 1384 669 et
1409 615 1658 688 terras3
1702 625 1823 696 per
1850 602 2161 695 proxima
2182 601 2333 671 fatis

2605 629 2677 666 565

651 710 1030 794 Currimus,
1054 726 1257 806 atque
1289 711 1464 780 avidi
1494 713 1733 782 veteris
1766 711 2108 782 mendacia
2144 712 2333 783 famae

651 821 999 908 Eruimus,
1027 837 1436 916 cunctasque
1471 820 1635 890 libet
1670 846 2061 916 percurrere
2092 837 2342 917 genteS.

652 933 715 1001 N
720 956 851 1000 unc
877 931 1070 1026 juvat
1104 933 1391 1028 Ogygiis
1425 932 1837 1002 circumdata
1872 933 2117 1002 moenia
2144 931 2391 1002 Thebis

648 1045 1075 1136 Cernereque
1103 1057 1170 1111 et
1196 1042 1432 1113 fratres
1461 1043 1615 1138 (ille
1648 1044 1933 1138 impiger
1953 1097 1972 1130 ,
2008 1045 2130 1112 iste
2156 1067 2439 1114 canorus

549 1267 633 1321 dis
653 1280 704 1322 et
730 1268 1086 1322 custodiendis
1109 1289 1304 1342 magno
1321 1271 1503 1326 labore
1520 1283 1573 1326 et

552 1365 681 1401 cura
703 1369 835 1421 opus
853 1362 945 1404 est.
964 1351 1187 1404 Gemina
1211 1351 1298 1404 his
1321 1365 1442 1404 sunt
1458 1372 1573 1406 ver-

551 1429 622 1481 ba
643 1429 932 1501 Propertii,
961 1432 1019 1496 1,
1049 1435 1082 1484 6
1105 1469 1121 1494 ,
1155 1433 1250 1486 13:
1281 1435 1408 1484 «An
1439 1433 1573 1486 mihi

549 1509 618 1562 sit
637 1512 766 1564 tanti
785 1511 968 1564 doctas
983 1531 1298 1584 cognoscere
1317 1511 1571 1579 Athenas,

552 1589 724 1662 Atque
769 1591 904 1644 Asia
944 1604 1142 1646 veteres
1185 1611 1401 1646 cernere
1437 1591 1573 1645 divi-

551 1670 652 1722 tias
673 1696 716 1724 ι.
748 1703 820 1712 -
837 1672 905 1725 Et
929 1673 1200 1725 Iuvenalis
1219 1712 1235 1737 ,
1273 1672 1356 1723 III
1373 1711 1389 1738 ,
1435 1675 1569 1726 218:

549 1777 574 1794 ιι
591 1749 908 1804 Asianorum
921 1764 1096 1806 vetere
1113 1764 1424 1808 ornamenta
1441 1754 1576 1806 Deo·

552 1848 670 1882 rum
691 1855 714 1876 ι
739 1844 1014 1885 memorat.
1037 1833 1143 1885 En.

623 1911 742 1975 564.
765 1917 920 1964 Sacra
955 1933 1228 1974 mannam,
1271 1933 1404 1966 resve
1439 1930 1577 1966 νεαι-

549 2005 673 2042 stas.
721 1991 808 2045 Sic
844 1992 1042 2065 optime
1083 2013 1294 2047 versum
1349 1996 1575 2049 restituit

551 2069 781 2143 Scaliger
816 2091 846 2125 e
879 2075 1279 2147 corruptissima
1333 2075 1573 2128 omnium

551 2163 874 2206 vetustarum
911 2155 1170 2226 scriptura
1209 2174 1358 2206 saera
1391 2175 1575 2206 memo-

551 2251 664 2282 rare
691 2247 882 2284 vetusta
900 2255 918 2285 .·
942 2234 1163 2304 scriptus
1189 2233 1414 2288 Helmst.
1435 2250 1577 2286 vetu-

552 2325 657 2362 stas
685 2311 895 2365 exhibet
919 2327 970 2366 et
987 2315 1156 2367 latens
1176 2333 1361 2367 verum
1381 2315 1571 2386 prodit.

551 2389 699 2444 Lucii
722 2391 886 2446 editio
906 2393 1187 2447 emendare
1205 2393 1414 2448 videtur
1432 2397 1573 2469 prio-

551 2488 635 2522 res
655 2488 668 2522 ἶ
699 2491 846 2523 Sacra
865 2493 1242 2526 OOWEMOMOWC
1257 2489 1471 2530 vem-tta.

627 2550 744 2605 565.
777 2557 999 2606 Traduce
1021 2559 1228 2607 materia
1255 2571 1302 2606 et
1321 2558 1459 2608 terris
1483 2576 1578 2624 per

541 2634 782 2700 proxima
791 2634 941 2698 fatis.
965 2633 1050 2686 Sic
1079 2652 1288 2686 versum
1314 2633 1461 2688 hunc
1485 2653 1575 2686 ex-

551 2711 788 2780 primunt
817 2731 1000 2764 omnes
1030 2725 1264 2766 vetusta.
1297 2717 1426 2766 Duae
1455 2727 1575 2767 tan-

552 2801 664 2842 tum
681 2830 697 2856 ,
719 2789 971 2861 Scaiigeri
989 2802 1042 2844 et
1066 2791 1205 2844 Pith.
1225 2797 1357 2845 tetris
1375 2793 1575 2846 habent

550 2887 651 2940 pro
678 2873 815 2922 terris
832 2889 852 2920 .·
883 2869 1098 2923 Helmst.
1121 2872 1350 2942 scriptus
1381 2878 1575 2924 Tradu-

549 2951 614 2999 σει·
637 2967 734 3018 pro
763 2953 984 3010 traduce,
1013 2961 1066 3003 et
1089 2950 1338 3004 Gorallus
1363 2971 1577 3005 neeesse

549 3027 736 3081 habuit
771 3045 861 3080 aue
893 3049 991 3099 pro
1023 3045 1074 3080 et
1099 3049 1309 3101 ponere.
1335 3031 1576 3084 Lectioni

549 3107 768 3178 vulgatae
787 3128 854 3160 ne
875 3108 1107 3180 Scaliger
1127 3121 1178 3161 et
1194 3109 1442 3163 Gorallus
1459 3112 1577 3183 qui-

549 3185 672 3239 dem
695 3188 818 3240 satis
849 3188 1156 3254 confidunt,
1173 3190 1385 3242 interim
1405 3190 1573 3263 expli-

551 3277 636 3317 cat
667 3265 896 3339 Scaliger
943 3289 1092 3337 opem
1129 3273 1332 3322 traduce
1366 3273 1575 3323 materia

553 3344 620 3397 de
635 3343 695 3398 iis
713 3387 727 3411 ,
749 3366 866 3418 quae
885 3347 1056 3402 Graeci
1081 3351 1337 3420 ἀρχέτυπα
1356 3361 1571 3413 vocant,

551 3435 733 3494 utpote
759 3444 818 3479 ex
845 3427 1038 3498 quibus
1075 3428 1241 3481 multa
1281 3429 1468 3481 similia
1504 3429 1573 3482 ad

551 3505 846 3576 exemplum
886 3505 1114 3558 derivata
1153 3520 1291 3560 sunt.
1325 3507 1573 3562 Gorallus

549 3603 652 3655 pro
679 3584 743 3637 iis
768 3584 958 3648 habet,
979 3603 1096 3664 quae
1122 3585 1257 3638 adeo
1275 3585 1426 3639 firma
1455 3607 1569 3640 ma·

550 3664 680 3717 teria
703 3665 900 3716 fuerint
918 3702 934 3727 ,
960 3677 1020 3716 ut
1045 3663 1113 3717 ad
1139 3679 1378 3737 posteros
1404 3685 1573 3738 usque

547 3742 753 3796 traduci
770 3744 1036 3816 potuerint
1052 3781 1068 3806 ,
1084 3757 1290 3808 caetera,
1303 3764 1420 3817 quae
1437 3751 1573 3798 tetris

531 3825 665 3890 fatis
681 3844 775 3892 per
791 3827 1026 3891 proxima
1054 3824 1122 3876 ab
1147 3843 1332 3877 eorum
1354 3823 1571 3878 conditu

547 3914 783 3974 tempora
801 3902 886 3954 vix
908 3904 1104 3956 servari
1123 3917 1428 3976 potuerunt.
1450 3906 1571 3958 val-

548 3981 616 4036 de
635 3993 812 4036 coacta
833 3981 944 4035 hoec
961 4003 1094 4049 esse,
1113 3995 1274 4055 atque
1293 3984 1563 4038 meliorem

549 4061 826 4115 lectionem
871 4060 1172 4116 desiderare
1188 4102 1204 4127 ,
1251 4083 1409 4116 nemo
1451 4083 1561 4118 non

546 4140 802 4214 intelligit.
845 4143 1074 4198 Maxime
1097 4145 1267 4218 probo
1283 4183 1298 4209 ‚
1343 4157 1394 4198 et
1443 4145 1557 4218 ipso

1656 1284 1901 1326 contexto
1910 1273 2129 1344 dignam
2146 1293 2337 1328 censeo
2352 1273 2687 1328 emendatio-

1658 1369 1781 1404 nem
1797 1353 2011 1406 Antonii
2028 1357 2091 1406 de
2109 1355 2339 1421 Roqr,V.
2354 1354 2437 1406 Cl-
2452 1353 2547 1425 qui
2566 1354 2687 1406 ecri-

1661 1431 1738 1483 bit
1760 1451 1776 1486 x
1806 1460 1831 1478 «ι
1848 1433 2165 1504 Trajicimus
2202 1433 2369 1486 maria
2394 1448 2447 1486 et
2478 1445 2647 1486 terras
2666 1471 2683 1495 ,

1660 1531 1755 1583 per
1778 1512 2013 1583 proxima
2034 1513 2157 1566 fatis
2177 1513 2453 1566 Curi-imus
2478 1537 2524 1564 ι.
2546 1513 2687 1565 Con·

1662 1589 1873 1645 firmant
1909 1611 1971 1645 ea
1990 1634 2006 1659 ,
2044 1611 2161 1664 qun
2186 1604 2369 1646 auctor
2398 1611 2553 1645 versu
2582 1590 2685 1661 594

1663 1672 1907 1743 subjicit:
1930 1701 1955 1720 κ
1974 1675 2099 1727 Hac
2122 1673 2333 1726 visenda
2355 1686 2511 1746 putas
2528 1685 2687 1726 terra

1661 1750 1961 1826 dubiusque
1996 1753 2263 1826 marisque
2280 1781 2326 1806 a.
2358 1755 2425 1806 Et
2450 1773 2543 1822 per
2566 1773 2689 1822 pm-

1662 1836 1803 1884 aeima
1829 1834 1963 1902 fatis
1999 1834 2314 1904 interpretor
2348 1853 2443 1905 per
2474 1851 2687 1885 summa

1662 1911 1969 1967 discrimina
1984 1951 2000 1978 ,
2020 1931 2137 1986 quie
2157 1934 2187 1966 a
2210 1915 2319 1967 fato
2338 1913 2573 1985 proxime
2596 1912 2689 1966 ab·

1660 2003 1785 2046 sunt
1801 2032 1817 2057 ,
1834 2005 1887 2045 et
1911 2004 2220 2066 presentem
2242 1994 2437 2046 afferre
2456 2003 2687 2044 mortem

1660 2085 1913 2145 possunt,
1942 2073 2099 2147 quale
2125 2073 2406 2126 discrimen
2442 2071 2689 2144 inprimis

1660 2155 1887 2206 subeunt
1928 2151 2116 2208 navitae
2136 2192 2150 2217 ,
2188 2154 2255 2206 de
2290 2154 2481 2226 quibus
2514 2151 2682 2204 ovid.

1660 2234 1779 2285 Am.
1802 2235 1890 2298 11,
1916 2255 1972 2288 xl
1992 2274 2008 2299 ,
2040 2239 2135 2288 26:
2164 2260 2187 2281 ι
2209 2235 2277 2288 Et
2301 2252 2467 2307 prope
2486 2243 2597 2284 tam
2614 2232 2693 2282 le·

1661 2325 1777 2366 tum
1796 2351 1812 2378 ,
1841 2333 2003 2387 quam
2032 2333 2197 2387 prope
2223 2315 2393 2369 cernit
2419 2329 2615 2384 aquam
2640 2336 2681 2362 ι.

1732 2395 1851 2449 566.
1869 2399 2057 2447 Veteris
2076 2395 2505 2464 mendaq'asamoe
2520 2431 2533 2452 ,
2554 2391 2610 2443 h.
2634 2411 2684 2443 e.

1665 2492 1727 2526 ea
1746 2514 1762 2540 ,
1790 2493 1907 2546 quae
1923 2475 2177 2528 Veterum
2206 2471 2398 2525 fabulis
2419 2471 2687 2524 celebrata

1664 2566 1800 2606 sunt.
1846 2555 1932 2609 Sic
1982 2559 2268 2606 mendosam
2302 2555 2503 2622 famam
2550 2550 2689 2604 dixit

1664 2653 1714 2686 v.
1745 2651 1847 2702 723
1874 2639 2161 2686 mendacem
2175 2635 2381 2703 famam
2398 2651 2449 2683 v.
2476 2633 2593 2684 366.

1736 2713 1855 2766 568.
1873 2717 2080 2782 Ogygiis
2093 2750 2106 2764 .
2120 2752 2131 2763 .
2146 2752 2159 2765 .
2197 2714 2388 2772 Thebis,
2408 2711 2478 2762 ab
2497 2711 2689 2781 Ogyge

1662 2791 1747 2843 vel
1784 2793 1974 2865 Ogygo
2006 2793 2317 2845 Thebarum
2354 2809 2476 2862 rege
2510 2791 2687 2842 nomi·

1662 2883 1818 2922 natis.

1736 2954 1855 3020 569.
1882 2952 2066 3005 Plures
2093 2964 2304 3005 vetuste
2336 2952 2543 3023 legunt:
2580 2955 2689 3002 Cer-

1663 3051 1780 3082 nere
1798 3035 2125 3100 quodsi-aeres
2140 3072 2154 3092 ,
2180 3033 2293 3084 alite
2322 3036 2625 3098 Cer-uereque
2642 3045 2694 3082 ee

1645 3113 1860 3179 fratres,
1886 3111 2033 3183 quod
2062 3111 2257 3164 durum
2296 3123 2348 3163 et
2374 3123 2685 3180 corruptum

1661 3190 1963 3243 existimaus
1992 3191 2244 3244 Gor-allus
2276 3194 2577 3256 cernet-eque
2606 3192 2688 3241 hie

1644 3271 1837 3338 frou-es
1886 3271 2153 3343 reposuit3
2196 3269 2289 3322 sed
2332 3269 2573 3322 defendit
2634 3283 2689 3322 et

1660 3349 1936 3404 Gorallum
1980 3352 2175 3404 refutat
2201 3351 2515 3403 Menkeuius
2548 3349 2587 3400 l.
2630 3369 2683 3402 c.

1660 3449 1783 3501 pag.
1812 3431 1912 3497 349
1934 3449 2042 3502 seq.
2070 3430 2157 3483 cui
2174 3449 2268 3501 ego
2288 3429 2542 3482 adsentio.
2565 3435 2690 3480 Fra-

1663 3524 1761 3560 tres
1792 3509 2155 3581 intelliguntur
2180 3510 2443 3580 Amphion
2492 3520 2543 3560 et
2591 3509 2689 3562 Ze-

1661 3589 1811 3654 thus,
1849 3589 1996 3643 Jovis
2040 3601 2091 3641 et
2117 3589 2359 3660 Antiopa
2396 3589 2527 3652 filii,
2550 3588 2689 3641 The-

1658 3669 1922 3721 banorum
1954 3667 2253 3722 conditores
2286 3669 2538 3721 moeuium
2559 3705 2575 3730 ,
2612 3667 2685 3720 de

1660 3749 1856 3820 quibus
1878 3749 2168 3810 Homerus,
2193 3747 2385 3820 Odyss.
2408 3748 2512 3811 xl,
2538 3751 2633 3800 261
2666 3765 2684 3811 ;

1658 3829 1885 3881 Pausan.
1914 3829 2079 3881 Boeot.
2106 3847 2223 3899 cap.
2256 3827 2321 3890 ὅς
2354 3827 2533 3880 Horat.
2566 3829 2683 3879 Art.

1656 3907 1805 3960 Poet.
1842 3906 1960 3975 394.
1994 3909 2191 3960 Eorum
2232 3908 2455 3960 fratrum
2488 3907 2683 3958 Zethus

1654 3987 1845 4040 dicitur
1862 3991 2082 4057 impiger,
2112 3987 2257 4059 quod
2291 3987 2571 4058 pecuarius
2596 3987 2683 4038 vel

1652 4068 1889 4138 agricola
1923 4066 2083 4120 fuisse
2115 4069 2311 4128 fertur,
2342 4079 2401 4118 ut
2424 4065 2643 4120 Horatio
2664 4106 2683 4129 ,

1648 4145 1827 4200 Carm.
1850 4147 1955 4212 ΠΙ,
1976 4151 2040 4200 16
2053 4185 2070 4212 ,
2091 4151 2174 4212 ²6,
2192 4145 2523 4213 dicitur,n0n
2536 4147 2687 4214 piger
