2975 4684
760 368 895 436 AD
959 367 1298 437 SALEII
1359 369 1645 438 BASSI
1703 371 2151 440 CARMEN.
2380 393 2509 466 29¹

387 489 570 554 culos
598 486 1104 556 considerandos
1119 537 1140 572 ,
1166 511 1334 577 quos
1367 488 1661 554 Isidorus
1688 491 2041 554 nominatis
2066 513 2295 558 eorum
2324 491 2524 558 diven-

389 593 474 656 sis
520 591 865 680 generibus
909 589 1282 679 subjungit,
1309 607 1507 680 atque
1538 593 1756 654 ἰησίτοε
1794 607 2003 656 vooet.
2026 623 2053 650 ι
2074 591 2239 674 Qui,
2272 593 2522 682 inquit,

391 693 636 757 moveri
659 692 938 809 omnino
969 715 1102 755 non
1137 709 1446 780 possunt,
1471 693 1707 757 incitos
1742 691 1989 758 dicunt.
2018 693 2209 760 Unde
2236 712 2300 760 et
2326 720 2525 788 egen·
2580 683 2587 690 ’

391 811 488 860 tes
525 795 822 860 hommes
854 794 1034 859 inciti
1063 811 1402 877 vocantur,
1435 795 1674 883 quibus
1729 818 1875 882 spes
1923 795 2091 860 ultra
2132 796 2528 884 procedendi

391 898 569 962 nulla
591 912 808 962 restat.
827 929 852 953 υ
883 895 1100 960 Palam
1128 911 1246 978 est,
1268 898 1509 976 ιἠσιῖοε,
1530 897 1645 984 qui
1668 896 1749 959 ab
1772 893 2026 960 Isidoro
2050 894 2531 982 describuntur,

393 1021 528 1062 non
551 999 876 1088 singulare
903 1017 1108 1087 genus
1141 998 1537 1062 calculorum
1565 1019 1705 1064 esse
1721 1047 1739 1080 ,
1766 998 1881 1086 qui
1908 1013 2139 1064 natura
2162 1015 2229 1062 et
2253 997 2533 1064 destina-

393 1099 574 1164 tione
593 1112 718 1164 'sua
741 1120 1086 1186 nunquam
1119 1099 1364 1163 moveri
1384 1099 1680 1188 possint,
1708 1121 1831 1163 nec
1860 1097 2170 1182 debeant,
2200 1099 2314 1166 sed
2346 1104 2460 1190 qui
2494 1127 2531 1167 e

391 1221 660 1290 quoque
691 1223 929 1290 genere
964 1223 1084 1288 per
1113 1215 1318 1264 artem
1347 1201 1583 1264 lusoris
1615 1199 1976 1266 reddantur
2014 1201 2225 1285 inciti,
2254 1201 2321 1268 h.
2350 1227 2406 1268 e.
2445 1205 2535 1270 ita

390 1304 754 1394 alligentur,
777 1318 855 1366 ut
881 1302 1129 1368 moveri
1157 1324 1294 1366 non
1321 1302 1595 1391 possint.
1626 1303 1835 1392 Igitur
1862 1323 1997 1391 quo
2024 1304 2256 1368 melius
2292 1306 2531 1372 horum

391 1407 708 1470 rationem
753 1403 1219 1493 intelligamus,
1259 1404 1442 1492 prius
1490 1402 1573 1469 de
1622 1406 1926 1468 universa
1961 1403 2101 1470 ludi
2142 1407 2393 1473 ratione
2413 1459 2433 1492 ,
2470 1427 2537 1474 et

391 1506 474 1572 de
505 1523 645 1571 arte
680 1528 756 1569 ac
789 1504 1077 1595 legibus,
1107 1505 1348 1594 quibus
1386 1521 1720 1593 peractus,
1748 1507 1937 1572 nobis
1970 1507 2297 1596 agendum
2331 1527 2446 1576 est.

480 1611 708 1674 Artem
743 1607 1040 1695 inprimis
1091 1624 1155 1672 et
1196 1608 1535 1696 ingenium
1576 1609 1645 1671 in
1692 1607 1849 1672 ludo
1883 1632 1964 1672 eo
2015 1609 2376 1676 exercendo
2424 1637 2535 1678 va·

393 1711 624 1792 luisse,
655 1709 918 1798 plurimi
947 1709 1260 1774 Veterum
1293 1709 1418 1773 loci
1452 1709 1733 1796 probant
1752 1758 1770 1792 ,
1801 1711 1911 1798 qui
1947 1727 2011 1774 et
2042 1709 2447 1779 calliditatem
2478 1718 2537 1780 ei

392 1813 696 1877 tribuunt
714 1861 732 1894 ,
757 1828 833 1876 ut
865 1810 1123 1892 Noster,
1153 1827 1216 1873 et
1247 1809 1669 1874 subtilitatem
1702 1809 1898 1892 aden,
1924 1826 2000 1874 ut
2032 1811 2272 1876 Seneca
2291 1862 2309 1896 ,
2334 1815 2537 1904 Epist.

393 1937 531 1980 cvl:
577 1911 984 1978 Lacrunculis
1031 1911 1306 1976 ludz‘tnus
1327 1960 1348 1991 ,
1393 1914 1460 1975 in
1494 1915 1885 2002 supervacuis
1928 1913 2243 1978 subtilitas
2296 1919 2539 1982 teritur.

393 2015 706 2082 Primaria
737 2015 838 2078 lex
871 2015 1069 2079 totius
1103 2013 1242 2077 ludi
1272 2031 1438 2095 erat,
1468 2011 1813 2077 adversarii
1840 2014 2118 2078 calculos
2141 2017 2240 2078 vel
2268 2015 2542 2106 alligare

393 2121 492 2184 vel
518 2119 751 2184 tollere.
780 2117 1124 2207 Alligabat,
1150 2117 1202 2179 si
1230 2118 1318 2181 ita
1340 2115 1679 2181 obsidebat
1708 2117 1962 2181 calculis
1996 2118 2159 2199 suis,
2188 2135 2263 2182 ut
2294 2123 2539 2185 moveri

393 2223 534 2287 sine
573 2219 862 2310 periculo
895 2243 1031 2283 non
1064 2235 1326 2307 posset:
1364 2218 1633 2283 tollebat
1657 2219 1711 2281 si
1740 2242 1935 2307 quem
1974 2219 2227 2284 nudum
2264 2240 2330 2286 et
2361 2221 2540 2287 ind'e-

395 2325 652 2389 fensum
673 2319 1209 2411 deprehenderet,
1238 2337 1303 2384 et
1331 2320 1617 2384 medium
1647 2320 1818 2382 inter
1843 2319 1979 2384 duo
2005 2320 2352 2387 discolores
2381 2348 2541 2388 con-

395 2423 655 2490 cludere
681 2439 919 2512 posset.
949 2419 1150 2504 Quod
1180 2420 1525 2486 artificium
1550 2437 1677 2484 tam
1698 2421 2071 2508 frequenter
2096 2423 2449 2488 exercitum
2468 2425 2535 2488 in

396 2550 476 2590 eo
503 2525 660 2590 ludo
679 2575 696 2607 ,
721 2541 796 2588 ut
827 2523 1007 2611 quasi
1042 2523 1381 2611 proprium
1407 2539 1471 2588 et
1501 2521 1880 2611 primarium
1898 2523 2033 2602 ejus
2052 2523 2297 2588 laudari
2317 2527 2536 2590 soleat.

397 2629 426 2692 J
435 2627 603 2692 ullus
620 2625 854 2691 Pollux
867 2625 978 2690 lib.
1003 2625 1132 2706 IX,
1157 2648 1211 2688 c.
1231 2649 1270 2711 7
1296 2637 1633 2704 τΔιῃρημὲνων
1661 2629 1723 2685 δὲ
1753 2635 1817 2693 ti:
1846 2629 1938 2686 δύο
1970 2641 2065 2686 τῶν
2096 2635 2261 2704 ψνὶφων
2285 2637 2418 2688 κατὰ
2445 2639 2537 2699 τὰς

393 2741 573 2811 χρόας,
595 2739 626 2796 ’ἦ
654 2740 798 2806 τέχνη
823 2740 912 2798 τῆς
939 2731 1148 2797 παιδιᾶς
1171 2738 1308 2800 ἔστι,
1327 2735 1575 2805 πιριλῆψει
1606 2742 1700 2786 τῶν
1728 2727 1820 2786 800
1853 2733 2017 2802 ψήφων
2048 2737 2291 2804 ὁμοχρόων
2319 2738 2406 2793 τὴν
2436 2739 2537 2789 ἔτι·

397 2835 586 2904 ρόχρουν
623 2832 848 2900 ἀναιρεῖν.
874 2820 977 2883 Sic
1000 2818 1295 2898 Ovidius,
1313 2819 1445 2882 Art.
1477 2819 1611 2898 111,
1644 2814 1804 2896 358,
1831 2832 1897 2880 et
1920 2817 2116 2879 Trist.
2156 2819 2249 2898 Π,
2280 2817 2444 2906 478τ

679 2988 860 3052 Quum
889 2984 1096 3038 medius
1121 2984 1335 3054 gemino
1357 2982 1591 3036 calculus
1618 2981 1768 3034 hoste
1794 2981 1941 3051 perit.

401 3131 484 3195 Et
513 3125 820 3194 Martialis
839 3173 858 3204 ,
897 3124 1074 3207 XIV,
1125 3147 1241 3211 17:
1287 3122 1584 3188 Calculus
1630 3123 1731 3185 lu'c
1758 3123 2019 3207 gemino
2059 3119 2332 3185 discolor
2369 3123 2539 3189 hoste

390 3234 572 3322 perit.
593 3229 766 3295 Hinc
793 3229 962 3292 inter
981 3227 1154 3315 leges
1183 3224 1322 3288 ludi
1345 3240 1509 3306 erat,
1534 3246 1617 3287 ne
1646 3222 1791 3311 quis
1820 3222 2098 3286 calculus
2122 3223 2539 3289 incomitatus

399 3329 814 3423 procederet,
838 3329 906 3392 h.
930 3351 985 3393 e.
1025 3343 1101 3390 ut
1140 3349 1292 3390 eum
1333 3326 1404 3390 in
1442 3326 1661 3389 locum
1699 3339 2091 3406 moveretur,
2122 3324 2191 3388 in
2220 3347 2357 3414 quo
2382 3350 2541 3391 con-

403 3435 635 3498 coloris
669 3430 893 3495 calculi
925 3427 1224 3517 praesidio
1257 3425 1519 3492 defendi
1548 3441 1786 3515 posset.
1814 3422 2004 3489 Ovid.
2030 3425 2228 3492 Trist.
2252 3427 2348 3511 11,
2372 3432 2499 3515 479
2524 3453 2537 3492 :

683 3575 758 3625 Ut
787 3592 936 3644 mage
967 3571 1102 3625 velle
1133 3571 1282 3644 sequi
1305 3571 1464 3636 sciat,
1493 3579 1545 3621 et
1566 3586 1815 3622 revocare
1839 3567 2071 3639 priorem
2094 3586 2109 3630 ;

697 3685 706 3688 ·
757 3657 838 3710 Ne
867 3669 984 3709 tuto
1011 3657 1222 3727 fugiens
1251 3653 1588 3707 incomitatus
1612 3664 1709 3703 eat.

409 3799 542 3879 Qui
584 3793 798 3860 nudus
837 3791 1238 3881 deprehendi
1269 3808 1336 3855 et
1369 3791 1511 3878 capi
1550 3803 1840 3876 poterat,
1878 3785 2035 3849 scite
2084 3808 2153 3846 se
2194 3787 2543 3874 recipiebat

405 3903 472 3964 in
509 3915 744 3963 tutum.
775 3894 964 3962 ovid.
999 3898 1134 3960 Art.
1167 3894 1296 3972 III,
1323 3891 1488 3977 359:

693 4045 1028 4114 Bellatorque
1057 4057 1154 4094 suo
1181 4057 1403 4112 prensus
1434 4037 1547 4090 sine
1576 4053 1823 4108 compare
1846 4032 2037 4095 bellat3

761 4129 1001 4182 AEmulus
1031 4137 1082 4179 et
1110 4135 1340 4196 coeptum
1369 4141 1511 4194 sape
1538 4121 1763 4174 recurrit
1794 4119 1908 4172 iter.

2132 4232 2249 4302 19.
