2975 4684
28 4275 38 4458 .-*.—-

515 306 656 390 340
1307 298 1856 370 REPOSIANI

603 430 710 498 Da
745 423 910 496 mihi
949 421 1278 510 solamen,
1317 422 1440 492 sub
1477 437 1541 492 te
1574 447 1851 497 securus
1881 421 2128 510 amavi3
2573 447 2651 486 ιε..

601 533 850 606 Fabula
870 589 891 622 ‚
927 559 1065 602 non
1103 533 1354 603 crimen
1395 533 1607 602 nostri
1644 532 1959 602 dicuntur
2002 555 2257 601 amores
2276 561 2329 601 n.

603 650 764 716 Haec
797 645 932 727 ait,
969 659 1036 712 et
1080 643 1274 714 dictis
1301 641 1681 714 Vulcanum
1718 643 1989 736 instigat
2023 644 2301 714 amaris:

605 757 786 827 «Dic
821 755 938 824 ubi
969 755 1056 825 sit
1091 736 1422 850 Cytherea
1457 754 1733 840 decens,
1770 777 1997 824 secure
2034 756 2305 838 marite,

603 871 700 937 Te
731 879 1066 960 exspectat
1097 863 1497 960 lacrymans,
1532 877 1785 934 castum
1822 864 1945 934 tihi
1982 879 2197 934 servat
2222 889 2541 954 amorem3
2604 893 2615 904 ‘

607 980 852 1069 Quaere
883 973 1081 1046 simul
1109 978 1396 1045 Martem
1419 1029 1438 1059 ‚
1473 975 1584 1044 cui
1622 991 1696 1044 tu
1726 976 1929 1045 modo
1965 973 2092 1045 tela
2136 976 2411 1072 parasti,
2566 999 2642 1037 2⁵⁵

597 1086 726 1162 Vel
763 1088 818 1156 si
855 1086 1024 1175 forte
1059 1101 1190 1155 tuae
1219 1085 1505 1156 Veneris
1540 1085 1679 1154 fera
1712 1085 1992 1156 crimina
2020 1086 2233 1154 nescis
2250 1113 2349 1154 n...

596 1199 828 1284 Dixit,
865 1211 934 1266 et
967 1194 1188 1266 infuso
1223 1194 1529 1264 radiabat
1565 1193 1819 1265 lumine
1854 1194 2041 1266 lucus
2063 1248 2082 1281 ‚

596 1313 812 1402 Inque
843 1305 1044 1376 fidem
1083 1302 1345 1376 sceleris
1373 1319 1551 1376 totos
1588 1305 1931 1375 dimiserat
1962 1305 2173 1401 ignes·

595 1423 897 1489 Haeserat
937 1415 1351 1512 ignipotens,
1392 1415 1802 1512 stupefactus
1836 1416 2115 1488 crimine
2149 1413 2369 1501 tanto,

593 1517 742 1601 Jam
777 1529 966 1624 quasi
1001 1542 1420 1624 torpescens,
1450 1527 1561 1596 vix
1594 1527 1841 1597 sufficit
1878 1527 1978 1596 ira
2015 1523 2277 1613 dolori3
2566 1552 2642 1590 ιε..

593 1644 731 1710 Ore
768 1638 1021 1724 fremit,
1057 1652 1427 1731 moestoque
1455 1637 1662 1706 modo
1696 1638 1901 1732 gemit
1936 1635 2178 1706 ultima
2216 1633 2496 1731 pulsans

595 1749 754 1837 Ilia,
787 1763 856 1818 et
893 1747 1249 1842 indignans
1281 1749 1567 1843 suspiria
1598 1771 1821 1843 pressa
1852 1746 2107 1842 fatigat.

595 1867 811 1933 Antra
850 1859 1076 1929 furens
1117 1859 1370 1928 AEtnaea
1409 1860 1620 1954 petit:
1657 1860 1767 1929 vix
1796 1859 2081 1952 jusserat
2101 1910 2121 1946 ‚
2153 1881 2383 1926 omnes

499 2083 560 2125 ut
597 2088 730 2142 egre
764 2067 1000 2139 aliquam
1038 2065 1418 2122 correctionem
1453 2068 1535 2120 in·

500 2151 726 2202 veniam.
765 2207 774 2216 ,

577 2227 690 2281 151.
705 2227 917 2284 Fabula,
943 2241 1043 2274 non
1065 2225 1275 2283 crhnen,
1298 2221 1406 2275 hoc
1429 2233 1534 2296 est,

504 2324 711 2361 amores
730 2301 952 2376 quidem
977 2301 1149 2352 nostri
1173 2300 1285 2353 Diis
1301 2299 1533 2354 homini-

497 2389 706 2466 busque
744 2400 842 2454 pro
889 2378 1071 2432 fabula
1114 2390 1272 2442 sunt;
1314 2379 1533 2432 minime

501 2479 680 2520 tamen
731 2462 931 2516 crimen
979 2458 1144 2524 inest,
1181 2477 1293 2528 quo
1337 2457 1531 2530 injuria

500 2544 660 2598 alicui
685 2543 826 2597 facta
849 2539 931 2592 sit.
963 2537 1070 2590 Pro
1097 2541 1328 2590 dicuntur
1360 2537 1531 2592 codex

499 2622 648 2676 Laid.
667 2622 828 2674 habet
848 2621 1086 2671 dicentur.

576 2702 692 2765 154.
729 2705 796 2751 Te
827 2712 1080 2766 exspectat
1107 2701 1407 2763 lacrymans.
1437 2697 1523 2753 Sic

499 2785 560 2836 in
593 2781 812 2835 Salmas.
846 2789 897 2830 et
934 2777 1244 2830 Divionens.
1276 2777 1488 2830 schedis
1506 2817 1522 2844 ,

499 2875 562 2916 ut
582 2878 744 2933 supra
773 2877 852 2912 vs.
883 2856 967 2923 51,
987 2859 1077 2908 Hic
1107 2861 1315 2908 Martem
1343 2877 1523 2925 exspe-

498 2956 634 2994 ctare
651 2943 775 2991 solet
795 2958 814 2990 .·
838 2936 1032 2990 rectius
1055 2947 1232 2988 tamen
1257 2935 1313 2988 in
1336 2934 1520 2990 codice

495 3019 740 3088 Leid2Te
773 3030 959 3086 spectat
994 3019 1302 3080 lacrymans,
1339 3014 1394 3067 id
1414 3026 1522 3083 est,

500 3109 800 3172 exspectat:
827 3097 944 3149 hoec
969 3095 1116 3148 enim
1150 3111 1286 3165 sape
1317 3107 1521 3149 mutata

501 3179 771 3232 docebunt
794 3188 930 3228 notae
963 3173 1032 3227 ad
1061 3174 1272 3228 Petron.
1296 3191 1412 3245 cap.
1444 3192 1526 3245 17,

508 3269 560 3311 et
584 3254 653 3309 ad
677 3254 868 3308 sustin.
885 3253 982 3306 lib.
1005 3251 1134 3319 XX,
1166 3271 1210 3306 c.
1231 3252 1311 3306 18.
1345 3253 1524 3306 Bmuu.

580 3335 695 3388 156.
722 3337 815 3384 Vel
833 3335 876 3383 si
881 3334 1023 3400 sorte
1047 3345 1146 3382 τηατ
1184 3333 1384 3383 Veneris
1398 3332 1526 3399 sera

502 3415 710 3467 crimina
747 3415 933 3471 neseis,
977 3421 1056 3462 est
1089 3408 1434 3481 aposiopesis,
1473 3421 1528 3462 et

503 3492 674 3548 oratio
699 3490 1042 3544 continuatur
1067 3506 1180 3541 non
1209 3488 1412 3554 verbis,
1433 3487 1527 3540 sed

505 3574 648 3627 facto
671 3611 688 3638 ‚
741 3565 1068 3622 ostendendo
1115 3578 1168 3620 et
1214 3565 1527 3621 illustrando

500 3653 702 3705 lucum.

579 3729 694 3783 158.
727 3727 994 3778 Dimiserat
1023 3727 1182 3794 ignes.
1215 3722 1346 3777 Cod.
1374 3723 1524 3777 Leid.

499 3812 759 3862 demiserat
772 3825 790 3855 .·
811 3822 911 3874 ego
924 3803 1104 3856 malim
1124 3805 1400 3855 immiserat.
1415 3803 1527 3856 Uti-

497 3899 585 3942 tur
603 3905 730 3941 vero
745 3883 936 3936 Noster
953 3883 1236 3954 plusquam
1261 3883 1521 3953 perfecte,

499 3986 595 4037 pro
614 3962 878 4037 praeterito
900 3962 1110 4021 dimisit,
1154 3959 1235 4012 vel
1261 3973 1518 4032 praesente

497 4047 712 4106 dimittit,
739 4058 887 4093 more
919 4039 1210 4092 multorum
1235 4051 1515 4112 poetarum

1620 2066 1878 2138 sequioris
1900 2066 2017 2121 evi.
2040 2065 2124 2120 Sic
2146 2076 2198 2118 et
2214 2083 2373 2118 versu
2394 2076 2645 2138 sequente

1620 2150 1863 2198 Hoecerat.

1697 2228 1812 2279 161.
1841 2230 2016 2276 Moesto
2035 2225 2059 2250 “
2081 2227 2226 2276 modo
2243 2226 2415 2292 gemit.
2434 2223 2518 2278 Sic
2534 2223 2645 2278 Sal-

1621 2320 1751 2356 mas.
1782 2315 1834 2357 et
1860 2303 2067 2358 Divion.
2102 2310 2199 2355 Ore
2222 2304 2399 2371 fremit
2434 2318 2641 2364 moesta,

1620 2386 1767 2435 modo
1788 2387 1948 2453 gemit
1970 2384 2023 2435 in
2044 2382 2193 2436 Leid.
2225 2385 2359 2440 sorte
2380 2399 2647 2452 moestoque

1620 2467 1768 2516 modo
1777 2500 1793 2523 ‚
1829 2462 1914 2516 vel
1941 2476 2231 2530 maestosque
2256 2469 2428 2516 modos
2452 2465 2639 2534 gemit,

1617 2544 1789 2594 ultima
1814 2545 2025 2610 pulsans
2043 2545 2144 2594 Ilia
2165 2562 2183 2592 .-
2222 2562 2341 2616 quae
2374 2543 2645 2597 adherent

1618 2620 1843 2691 virgilio
1860 2660 1877 2686 ,
1916 2620 2107 2691 Geor-g.
2138 2622 2247 2688 111,
2279 2622 2380 2676 505
2406 2642 2421 2676 :
2448 2612 2476 2670 ἰ
2501 2623 2646 2676 Tum

1610 2718 1739 2752 vero
1757 2697 1998 2753 ardentes
2014 2698 2155 2752 oculi
2166 2741 2182 2768 ‚
2200 2713 2360 2774 atque
2386 2714 2645 2757 attractus

1610 2779 1678 2832 ab
1714 2780 1821 2831 alto
1857 2778 2105 2849 Spiritus,
2136 2779 2406 2834 interdum
2438 2781 2644 2852 gemitu

1608 2857 1787 2929 gravis
1801 2898 1817 2924 ,
1842 2858 2054 2930 imaque
2092 2857 2254 2930 longo
2276 2861 2373 2912 Ilia
2406 2861 2647 2932 singultu

1609 2935 1838 2989 tendunt
1856 2954 1913 3000 ις
1938 2945 1991 2990 et
2014 2937 2218 2992 AEneid.
2240 2941 2319 2994 lx
2334 2981 2349 3006 ,
2384 2939 2509 3005 41⁵,
2537 2965 2563 2986 n
2587 2952 2643 2993 et

1609 3014 1785 3087 longis
1834 3015 2149 3087 singultibus
2205 3017 2294 3071 ilia
2352 3019 2572 3090 pulsant
2596 3045 2641 3073 n.

1610 3095 1797 3147 Btmn.

1691 3176 1805 3227 162.
1828 3177 2044 3244 Susptbia
2064 3195 2241 3245 pressa
2267 3179 2497 3248 fatigat,
2532 3178 2569 3230 i.
2592 3197 2640 3232 e.

1614 3253 1801 3306 crebra
1843 3265 1896 3306 et
1937 3255 2091 3326 quasi
2140 3254 2363 3311 densata
2416 3270 2643 3330 angusto

1612 3341 1825 3400 pectore
1844 3333 2068 3404 suspiria
2090 3335 2315 3406 graviter
2336 3334 2513 3390 ducit:
2535 3355 2643 3409 qua

1614 3407 1727 3460 fere
1766 3409 1977 3482 phrasi,
2016 3410 2083 3464 de
2124 3413 2343 3467 follibus
2386 3416 2611 3487 loquens
2626 3456 2643 3474 ‚

1617 3488 1860 3541 utebatur
1884 3490 2123 3544 Lucilius
2144 3491 2203 3544 in
2222 3495 2409 3561 AEtna,
2426 3513 2479 3546 v.
2504 3494 2635 3560 559:

1628 3589 1650 3610 ι
1670 3565 1929 3640 follesque
1968 3581 2249 3624 trementes
2286 3568 2605 3622 Exanimant
2622 3610 2641 3637 ,

1614 3663 1927 3718 pressosque
1970 3649 2221 3718 instigant
2261 3648 2473 3719 agmine
2512 3669 2639 3703 ven-

1615 3736 1696 3778 tos
1717 3751 1758 3779 n.
1779 3726 2031 3782 Similiter
2049 3725 2323 3780 claudian.
2350 3726 2407 3780 in
2424 3729 2543 3780 Rus.
2562 3729 2638 3796 11,

1615 3823 1691 3858 vs.
1732 3806 1833 3875 ²⁵9
1856 3823 1871 3858 :
1930 3830 1953 3852 ι
1993 3823 2335 3877 pressamque
2374 3809 2637 3861 morantia

1610 3903 1793 3940 vocem
1824 3885 2127 3939 Thoracum
2165 3887 2368 3941 validos
2423 3887 2637 3960 pulsant

1607 3965 1829 4037 suspiria
1855 3983 2021 4018 nexus
2038 3991 2081 4018 n.

1682 4043 1795 4096 163.
1818 4046 1920 4096 Vix
1930 4047 2171 4113 jusserat,
2188 4065 2355 4099 omnes
2374 4051 2642 4099 Incubuere
