2975 4684
451 397 589 478 [μα

1283 387 1739 458 LICENTII

543 519 754 586 Posco
779 537 1036 596 amens,
1071 509 1366 605 aliasque
1393 533 1625 604 graves
1657 508 1926 578 offendo
1958 511 2263 580 tenebras
2291 540 2307 581 :

545 625 652 695 Ad
688 646 1048 705 summam,
1084 637 1419 705 astrorum
1455 643 1719 689 caussas
1758 615 2103 714 clarosque
2136 637 2429 711 meatus,

543 734 886 804 Obscuros
923 754 1211 824 quorum
1249 726 1359 798 ille
1399 729 1567 799 situs
1604 752 1727 821 per
1760 726 1993 798 nubila
2028 747 2377 801 monstrat.
2634 813 2641 820 .

545 844 656 914 Sic
685 843 865 938 jacui
903 855 1146 909 nutans
1169 893 1188 924 ,
1233 853 1310 908 ut
1349 837 1551 908 talem
1591 839 1868 907 omnino
1900 841 2196 927 ruinam,
2530 866 2581 905 ις

541 957 684 1025 Nec
714 953 829 1047 qui
863 976 985 1020 nos
1010 949 1324 1044 prohibet
1361 945 1645 1017 latebras
1680 971 2084 1044 cognoscere
2116 949 2293 1040 caeli,

547 1069 690 1138 Nec
725 1087 1012 1157 persona
1051 1061 1241 1130 daret
1277 1059 1661 1130 functorum
1706 1056 1875 1128 freta
1911 1061 2232 1130 cavernis,

455 1285 728 1338 meliorem
742 1283 1069 1336 intellectum
1083 1299 1262 1336 rerum
1275 1280 1474 1351 figuras

451 1369 511 1419 in
531 1363 751 1436 pulvere
773 1363 1014 1415 scribere.
1030 1361 1296 1415 Licentius
1317 1360 1476 1430 igitur

453 1444 692 1498 oratione
711 1443 935 1495 obscura
952 1441 1212 1494 vax-mnis
1230 1451 1444 1494 vexatus
1458 1475 1475 1502 ‚

452 1521 587 1577 dicit
621 1540 680 1576 se
713 1521 910 1592 figuras
947 1538 1125 1573 rerum
1167 1521 1222 1572 in
1260 1519 1478 1591 pulvere

452 1613 662 1669 notatas
692 1618 942 1672 poscere,
965 1612 1026 1653 ut
1059 1599 1246 1653 melius
1281 1597 1477 1652 intelli·

455 1693 565 1754 gat.
591 1681 678 1736 sic
701 1681 1059 1753 Augustinus,
1092 1679 1246 1732 Conf.
1265 1678 1368 1730 lib:
1381 1679 1478 1738 IV,

455 1780 506 1815 c.
530 1753 626 1827 26,
650 1761 746 1824 ait,
769 1757 1411 1832 «categoriasAristotelis
1423 1775 1480 1810 se

459 1841 634 1894 solum
661 1839 847 1913 legisse
879 1850 931 1892 et
959 1838 1272 1892 intellexisse
1284 1855 1478 1908 ,quum

398 1927 408 1932 '
453 1939 544 1974 eas
567 1919 658 1972 alii
679 1919 768 1973 vix
793 1917 1052 1990 magistris
1076 1915 1438 1970 eruditissimis
1459 1957 1476 1980 ,

453 2019 562 2053 nou
579 1999 919 2072 loquentibus
940 2009 1144 2050 tantum
1163 2038 1179 2062 ,
1201 1996 1294 2050 sed
1317 1994 1479 2048 multa

454 2080 510 2132 in
547 2079 766 2152 pulvere
805 2076 1216 2150 depingentibus
1235 2119 1249 2142 ,
1275 2075 1478 2129 intelle-

458 2159 656 2222 xissent
673 2184 720 2210 u.

533 2239 613 2292 13.
649 2243 904 2290 Asemmm
961 2255 1168 2288 caussas
1219 2241 1480 2304 clarosque

457 2331 646 2368 meatus
659 2353 674 2378 ,
708 2315 1042 2386 subintellige
1061 2334 1238 2384 poseo,
1283 2315 1369 2369 vel
1391 2319 1478 2366 de

458 2397 636 2446 sidero.
665 2397 833 2446 Clarus
861 2409 1079 2456 meones,
1118 2407 1179 2447 ut
1199 2393 1329 2448 mihi
1355 2412 1478 2447 cnr·

455 2491 546 2526 sus
587 2485 851 2526 astrorum
901 2472 1049 2526 clare
1097 2485 1476 2528 monstrentur.

455 2551 724 2612 Barthius,
737 2551 916 2615 xvn,
941 2553 1022 2617 18,
1034 2552 1208 2623 legere
1217 2553 1328 2606 vult
1345 2556 1481 2604 clau-

463 2651 546 2684 sos
568 2637 827 2699 clarosque
845 2645 1032 2684 meatus
1048 2669 1064 2696 ,
1083 2631 1228 2703 quod
1249 2630 1318 2685 ad
1341 2649 1483 2684 scru-

463 2721 663 2764 tantem
687 2710 868 2764 abdita
894 2709 1186 2764 Licentium
1213 2712 1381 2783 magis
1405 2711 1482 2764 fa-

463 2791 586 2844 ciat.
611 2789 714 2848 Sed
737 2790 850 2842 haec
872 2789 1129 2844 correctio
1154 2791 1290 2843 nihil
1316 2795 1480 2863 iuvat.

537 2871 622 2924 1⁸5.
667 2873 746 2922 Siz-
781 2872 930 2938 jacm'
971 2885 1170 2924 nutans.
1208 2867 1343 2924 Vide
1359 2912 1375 2938 ,
1412 2889 1481 2923 an

459 2947 742 3020 legendum
767 2948 834 3004 sit
854 2953 990 3001 tacui
1009 2963 1214 3011 nutans,
1232 2950 1270 3002 i.
1295 2969 1343 3002 e.
1370 2968 1481 3021 pras

459 3039 675 3100 stupore
711 3029 787 3081 sic
821 3030 984 3100 quasi
1012 3040 1192 3082 mutus
1226 3029 1354 3082 hoesi
1373 3066 1390 3094 ,
1423 3040 1484 3082 ut

461 3107 592 3180 quid
615 3106 684 3161 de
703 3127 762 3162 re
784 3105 1014 3162 dicerem
1033 3145 1050 3173 ,
1075 3127 1186 3162 non
1207 3108 1479 3162 haberem.

461 3187 602 3240 Nam
623 3199 908 3258 utrumque
929 3188 1088 3241 etiam
1110 3189 1284 3261 jungit
1305 3191 1483 3259 Augu-

459 3268 646 3330 stinus,
666 3266 759 3319 lib.
778 3269 806 3318 1
818 3267 886 3320 de
897 3267 1122 3332 Ordine,
1137 3286 1252 3340 cap.
1269 3268 1324 3330 8,
1342 3269 1372 3336 S
1387 3275 1478 3335 24:

465 3371 487 3392 ιι
510 3345 610 3400 Hic
641 3345 728 3399 ille
758 3347 946 3398 tacitus
973 3365 1036 3400 ac
1065 3346 1160 3400 diu
1186 3347 1483 3400 considera-

463 3425 610 3479 tione
629 3435 850 3490 nutans‚
878 3436 1077 3479 motato
1099 3428 1272 3499 capite
1293 3427 1494 3481 absces-

463 3504 532 3558 sit
545 3531 588 3558 a.
605 3504 673 3556 Et
691 3507 829 3556 taciti
839 3505 925 3575 *gel
943 3510 1062 3557 muci
1078 3505 1205 3562 alias
1223 3506 1490 3570 dicuntur,

464 3585 559 3656 qui
582 3585 804 3658 alicujus
819 3586 896 3638 rei
917 3584 1116 3640 admira
1123 3589 1268 3640 tione
1285 3588 1489 3660 percul-

467 3665 542 3730 si,
565 3665 692 3737 quia
715 3683 926 3718 caussas
949 3665 1228 3736 ignorant,
1248 3667 1488 3720 obmute-

468 3744 774 3798 neunevid.
800 3757 910 3820 not.
935 3745 1002 3798 ad
1024 3745 1212 3798 Lucilii
1232 3749 1448 3800 AEtnam
1467 3785 1486 3810 ,

467 3841 516 3877 ν.
566 3826 687 3895 273·
729 3825 834 3878 Sed
878 3838 1054 3878 tamen
1096 3835 1148 3878 et
1176 3828 1324 3894 jacui
1362 3828 1488 3880 satis

469 3915 651 3974 aptum
665 3915 744 3956 est
761 3906 1001 3977 sequenti
1013 3908 1185 3957 minoe.
1199 3903 1268 3956 Et
1277 3905 1488 3959 Boetius

469 3981 688 4051 pariter,
717 3983 808 4035 lib.
835 3983 884 4049 Ι,
911 3997 1061 4037 metr.
1080 4003 1108 4036 s
1133 4001 1149 4036 ε
1181 4009 1203 4032 ι
1226 3984 1380 4038 Νιιιιο
1401 3987 1488 4057 ja-

467 4071 550 4109 cet
580 4061 740 4112 esfeto
772 4063 974 4118 lumine
1005 4065 1248 4117 mentis».
1295 4063 1488 4119 Licen-

465 4139 576 4189 tius
598 4139 711 4210 ipse
729 4141 824 4194 inf.
849 4161 895 4197 v.
920 4143 988 4196 83
1004 4183 1020 4210 ‚
1047 4170 1070 4188 ..
1086 4143 1326 4216 ratioque
1344 4145 1488 4215 jacet

1532 1255 1539 1267 ’
1560 1281 1851 1350 stupefacta
1878 1280 2095 1352 regendi
2110 1285 2457 1332 ·.-flm·nam
2482 1298 2587 1354 ap·-

1560 1356 1761 1429 pellare
1784 1357 1998 1412 videtur
2035 1359 2489 1431 perturbationem
2530 1372 2587 1412 et

1560 1437 1907 1510 dejectionem
1933 1441 2124 1494 mentis
2140 1479 2159 1504 ,
2186 1451 2246 1493 ut
2269 1439 2431 1496 Ovid.
2456 1439 2589 1496 Her.

1562 1519 1703 1583 XII,
1728 1521 1829 1574 32:
1868 1520 2001 1573 -Ina
2037 1520 2139 1573 fuit
2174 1520 2366 1573 mentis
2404 1520 2591 1592 prima

1562 1601 1717 1658 ruina
1746 1617 1921 1654 mem·
1930 1600 2153 1655 ‚simile
2179 1599 2313 1653 illud
2326 1600 2451 1656 val.
2478 1600 2589 1652 Ca·

1563 1679 1738 1743 tonis,
1772 1700 1825 1734 v.
1866 1681 1998 1744 182,
2032 1678 2246 1734 «cordis
2288 1679 2462 1734 fecere
2498 1697 2593 1733 m·

1563 1759 1793 1829 pinam-

1640 1840 1722 1891 16.
1740 1842 1845 1890 Nec
1863 1841 1951 1906 qui
1965 1857 2055 1890 nos
2066 1841 2306 1907 prohibet.
2328 1837 2428 1892 Hic
2449 1838 2591 1890 mihi

1564 1917 1829 1970 hariolum
1856 1919 2065 1989 optavi,
2090 1919 2181 1991 qui
2210 1919 2371 1992 hujus
2410 1929 2465 1970 et
2500 1935 2591 1970 se-

1562 1997 1775 2070 quentis
1813 2016 1997 2051 versus
2043 2016 2258 2052 sensum
2306 1996 2593 2051 evolveret.

1563 2077 1703 2128 Dum
1768 2077 1988 2134 meliora
2050 2089 2364 2132 succurrant
2386 2114 2403 2140 ,
2456 2088 2595 2146 puto

1564 2167 1737 2210 vatem
1784 2157 2107 2228 astrologum
2171 2169 2225 2210 et
2271 2159 2593 2230 νικρομοὶντιν

1563 2235 1866 2328 significari.
1888 2237 1965 2288 Ea
1986 2255 2185 2301 rerum,
2204 2235 2397 2308 inquit,
2406 2237 2599 2290 obscu-

1561 2316 1689 2368 ritas
1726 2315 1820 2368 tali
1860 2333 1945 2372 me
1986 2327 2203 2388 stupore
2240 2315 2501 2386 perculit,
2530 2327 2597 2368 ut

1565 2396 1764 2465 majore
1780 2413 1955 2467 neque
1974 2396 2267 2468 astrologus
2282 2395 2479 2467 possit,
2495 2395 2595 2468 qui

1564 2494 1756 2529 uonna
1809 2473 1941 2528 mihi
1995 2475 2230 2530 siderum
2279 2486 2504 2538 narrat,
2540 2487 2599 2528 et

1564 2566 1743 2606 tamen
1787 2553 2035 2625 prohibet
2082 2555 2374 2627 inspicere·
2359 2590 2375 2617 ,
2416 2571 2598 2626 neque

1567 2633 1657 2686 ille
1676 2671 1691 2696 ,
1728 2634 1819 2704 qui
1856 2635 2071 2688 umbras
2110 2633 2363 2705 sepulcris
2394 2649 2593 2688 evoca·

1566 2723 1645 2765 tas
1668 2712 1816 2785 jubet
1839 2714 2060 2765 obscura
2085 2711 2329 2785 quedam
2348 2709 2599 2765 vaticinia

1566 2809 1831 2863 promere.
1852 2822 1925 2833 —
1941 2797 2233 2862 Agnoscere
2282 2793 2417 2843 caelr‘s
2466 2791 2597 2862 legit

1566 2890 1703 2924 nova
1734 2871 1895 2925 editio
1914 2875 2183 2943 Antwerp.
2218 2869 2363 2943 quod
2390 2870 2479 2923 vix
2515 2883 2599 2923 est

1568 2949 1924 3023 probandum.
2477 2979 2484 2987 ·

1644 3049 1729 3101 17.
1756 3033 1862 3082 Nec
1894 3049 2111 3098 persona
2143 3032 2593 3098 daretfhnesomm

1554 3110 1697 3176 fieta
1732 3113 1970 3162 cavernis.
2008 3108 2239 3162 Pithoeus
2264 3107 2432 3162 edidit
2461 3129 2599 3176 pun-

1567 3201 1771 3241 ctorum.
1802 3189 1868 3240 Et
1903 3189 2146 3242 Barthius
2186 3189 2223 3242 1.
2258 3207 2311 3242 c.
2350 3187 2421 3241 ad
2460 3187 2599 3240 hoo:

1570 3267 1711 3321 Miro
1764 3267 1997 3340 quodam
2048 3278 2100 3320 et
2142 3267 2296 3321 nobis
2356 3267 2603 3320 inaudito

1574 3345 1738 3399 modo
1764 3364 2013 3401 cavernas
2037 3360 2358 3418 punctorum
2381 3366 2481 3418 pro
2508 3349 2604 3400 ab·

1578 3424 1703 3478 ditis
1721 3427 1849 3497 ipsis
1868 3427 2079 3498 punctis
2097 3437 2149 3479 et
2165 3426 2445 3480 latentibus
2454 3426 2607 3494 velut

1577 3505 1634 3558 in
1672 3515 1835 3577 puteo
1869 3505 2157 3558 Democriti
2189 3506 2478 3579 usurpavit.
2498 3507 2607 3562 sed

1578 3583 1793 3656 reliqum
1812 3583 1937 3638 edd.
1958 3585 2155 3638 rectius
2158 3586 2453 3654 fitne-mmm
2454 3587 2607 3654 fieta

1577 3667 1821 3728 cavernis,
1842 3665 1879 3718 i.
1913 3685 1962 3719 e.
2001 3666 2253 3737 sepulcris
2271 3704 2287 3730 ,
2319 3666 2377 3719 in
2410 3665 2607 3738 quibus

1576 3742 1813 3798 habitare
1824 3745 1948 3799 facit
1963 3745 2239 3810 Erichtho,
2253 3763 2430 3817 sagam
2440 3745 2611 3798 Thes-

1578 3824 1793 3884 salicam
1807 3863 1825 3889 ,
1851 3827 2097 3879 Lucanus
2116 3864 2131 3889 ,
2157 3826 2235 3877 VI
2254 3867 2270 3892 ,
2298 3825 2360 3878 51
2374 3843 2396 3877 1
2421 3843 2436 3879 ε
2466 3851 2494 3875 ιι
2508 3825 2611 3878 de-

1576 3915 1821 3975 sertaque
1849 3905 2003 3958 busta
2032 3903 2261 3970 Incolit;
2292 3916 2343 3957 et
2370 3903 2613 3956 tumulos

1578 3984 1805 4055 expulsis
1846 3985 2051 4038 obtinet
2089 3983 2296 4038 umbris
2316 4009 2451 4036 ».-
2467 3981 2616 4054 Magi

1577 4063 1782 4118 animas
1801 4063 1857 4116 in
1878 4063 2131 4136 sepulcris
2151 4063 2461 4117 oberrantes
2482 4079 2615 4113 eon·

1578 4143 1749 4196 sulere
1776 4140 2141 4196 credebantur.
2166 4140 2433 4196 Ammian.
2464 4141 2616 4194 Mar-
