2975 4684
1245 385 1558 460 AETNA.

2341 384 2474 484 159

430 511 533 580 En
579 504 769 577 volat
798 506 867 576 in
904 505 1125 596 silviS‚
1154 523 1223 578 et
1251 523 1359 594 tu,
1406 533 1599 578 soror
1635 508 1938 604 hospita,
1989 511 2181 578 tectis

433 619 809 714 Acciperis3
838 618 995 690 solis
1022 623 1273 690 Tereus
1302 619 1481 690 serus
1507 617 1768 690 exsulat
1797 620 1998 714 agris.

432 730 767 800 Miramur
787 730 1005 824 Trojae
1042 731 1301 801 cineres
1326 745 1393 800 et
1420 729 1638 800 flebile
1665 731 1859 800 victis

430 844 841 936 Pergamon,
868 843 1360 937 exstinctosque
1388 868 1511 914 suo
1533 842 1831 938 Phrygas
1853 847 2163 929 Hectore,
2191 867 2474 937 parvum

435 951 909 1045 Conspicimus
935 953 1163 1046 magni
1194 950 1534 1022 tumulum
1564 952 1789 1042 ducis;
1823 953 1938 1021 hic
1965 967 2034 1021 et
2059 947 2355 1023 Achilles
2406 975 2484 1014 ⁵³⁶

434 1061 735 1157 Impiger
766 1076 833 1130 et
859 1062 1072 1132 victus
1102 1063 1329 1157 magni
1354 1063 1532 1157 jacet
1556 1062 1868 1132 Hectoris
1901 1061 2106 1132 ultor.
2191 1047 2202 1059 ¹

434 1172 621 1262 Quin
653 1171 855 1241 etiam
896 1173 1120 1242 Graiae
1161 1172 1330 1244 fixos
1364 1189 1638 1243 tenuere
1681 1171 1972 1256 tabellae,

333 1367 519 1422 hulam
536 1367 606 1423 de
630 1367 919 1422 Philomela
934 1407 950 1434 ,
968 1367 1174 1443 Progne
1196 1381 1249 1423 et
1266 1369 1367 1424 Te·

332 1465 428 1501 reo
452 1448 507 1501 in
529 1466 654 1502 aves
671 1448 884 1502 mutatis
900 1461 1079 1521 petere
1105 1461 1325 1522 possunt
1346 1486 1363 1513 ‚

332 1526 529 1598 quibus
561 1546 697 1600 opus
716 1540 810 1582 est.
837 1527 1071 1600 Breviter
1097 1529 1257 1582 etiam
1281 1540 1360 1582 at·

332 1605 448 1678 tigit
465 1605 619 1680 Virg.
640 1607 833 1661 Ecl.V1
846 1647 863 1674 ,
884 1611 953 1678 78
973 1613 1366 1680 seq.—-Canoroe

332 1686 479 1739 silvae
502 1726 520 1752 ,
548 1704 669 1758 qum
699 1701 861 1742 cantu
886 1689 1066 1742 avium
1090 1700 1362 1742 resonant.

332 1763 551 1819 Petron.
578 1765 645 1819 de
671 1767 820 1820 Bello
844 1767 957 1822 civ.
978 1788 1027 1822 v.
1064 1787 1129 1840 7²
1155 1809 1172 1836 ,
1208 1789 1364 1821 verno

324 1863 551 1911 persona
582 1862 733 1898 cantu
764 1850 989 1918 virgulta
1020 1847 1247 1921 appellat
1268 1885 1286 1912 ,
1312 1859 1365 1902 et

334 1921 553 1996 Pervig.
576 1925 713 1978 Ven.
737 1946 793 1980 v.
820 1945 870 1988 1,
892 1947 988 1978 ver
1002 1947 1257 1986 canorum.

408 2005 533 2070 584.
564 2007 744 2058 Flebile
780 2009 929 2058 victe}
962 2013 1236 2076 Pergamon
1252 2045 1268 2068 ,
1306 2018 1367 2060 ut

332 2085 618 2149 lacrymosa
643 2087 1001 2154 ijoefimera
1019 2084 1153 2139 dixit
1175 2085 1359 2140 Horat.

334 2163 515 2216 Carm.
534 2163 561 2214 1
586 2203 601 2228 ,
628 2166 661 2216 8
677 2205 693 2230 ,
722 2171 807 2229 14.

409 2242 531 2296 585.
577 2233 963 2312 Exstinctosque
1004 2265 1092 2296 suo
1142 2249 1364 2314 Phrygas

334 2327 559 2374 Hectore.
598 2323 688 2375 Sic
719 2336 861 2377 recte
894 2323 1194 2378 emendavit
1230 2325 1365 2380 scal.

333 2421 507 2474 quum
542 2415 744 2456 veteres
784 2401 911 2456 edd.
952 2423 1111 2476 prave
1152 2405 1362 2476 legant:

333 2485 703 2550 exstinctosque
740 2503 854 2533 suos
885 2486 1103 2552 Phrygas
1130 2489 1361 2536 Hectora.

334 2559 463 2614 Haec
508 2561 739 2632 vulgaris
777 2573 1053 2632 poetarum
1110 2567 1325 2635 querela
1348 2600 1363 2625 ‚

337 2639 582 2712 Phrygas
616 2658 739 2694 cum
778 2641 1004 2695 Hectore
1042 2661 1139 2694 suo
1178 2643 1369 2695 exstin-

332 2732 468 2772 ctos.
498 2721 578 2772 Ex
608 2720 721 2792 ipso
747 2721 979 2774 Homero
1002 2733 1369 2794 expresserunt

334 2812 523 2852 auctor
560 2800 813 2872 epitomes
840 2801 1095 2864 Homeri,
1126 2800 1369 2870 pluribus

334 2879 465 2932 locis
481 2897 497 2943 ;
514 2879 777 2932 Ausonius
796 2880 853 2932 in
870 2879 1116 2953 Epitaph.
1133 2881 1371 2933 Heroum

334 2957 489 3022 XIV,
510 2969 563 3010 et
580 2958 864 3012 Pentadius
881 2960 935 3012 in
957 2960 1165 3013 tumulo
1183 2961 1372 3014 Hecto·

333 3037 799 3092 ris.—-Videantur
814 3051 993 3092 notata
1006 3051 1212 3104 nostra,
1226 3052 1371 3092 tomo

339 3115 397 3168 11
419 3156 436 3182 ,
478 3115 628 3171 Poet.
650 3117 782 3171 Min.
816 3139 869 3192 p.
902 3118 1025 3186 3²9·
1048 3119 1150 3172 En.
1187 3150 1255 3158 —
1283 3118 1377 3170 His

338 3193 468 3246 addi
490 3205 662 3266 potest
679 3197 927 3250 Horatius
943 3235 959 3260 ,
983 3197 1160 3250 Car-m.
1178 3197 1235 3249 ΙΙ
1255 3239 1269 3262 ,
1296 3217 1376 3264 tv,

346 3291 443 3326 xo:
472 3299 496 3318 ‹-
519 3285 573 3326 et
608 3273 883 3346 ademptus
908 3277 1105 3329 Hector
1130 3273 1380 3329 Tradidit

340 3351 493 3405 sessis
514 3352 715 3406 leviora
734 3353 847 3406 tolli
868 3354 1123 3426 Pergama
1141 3354 1319 3408 Graiis
1337 3379 1375 3408 a.

339 3429 507 3497 Quod
539 3430 788 3504 quaedam
826 3443 1028 3485 veteres
1060 3433 1149 3486 hic
1196 3433 1377 3505 legunt

338 3515 557 3562 Hectora
584 3513 794 3580 primum
810 3551 824 3572 ,
848 3509 905 3564 id
939 3512 1121 3564 Barth.
1150 3511 1371 3566 Advers.

338 3589 439 3642 lib.
463 3589 679 3643 XXXII
694 3632 710 3657 ,
740 3609 857 3662 cap.
886 3595 945 3643 16
965 3633 982 3656 ‚
1006 3591 1203 3645 servari
1224 3611 1376 3663 posse

338 3679 496 3740 putat
514 3706 531 3732 ‚
558 3681 615 3721 ut
642 3669 905 3742 eleganter
927 3668 1100 3734 dicat,
1128 3671 1208 3722 his
1242 3671 1378 3723 occi-

342 3747 487 3801 disse
516 3749 735 3813 ‘l'rojam
758 3790 774 3815 ,
814 3761 865 3802 et
896 3750 1125 3820 primum
1158 3749 1377 3822 quidem

340 3828 401 3879 in
426 3827 657 3882 Hectore
685 3847 823 3882 caeso
842 3865 857 3890 ‚
888 3827 1080 3881 deiude
1102 3847 1269 3900 quum
1292 3847 1379 3881 oc-

342 3919 537 3978 cupata
558 3920 655 3961 est.

417 3985 541 4040 586.
576 3994 786 4038 Parvum
828 3989 1150 4054 conspicimus
1186 3989 1380 4055 magni.

344 4065 443 4117 Hic
490 4066 713 4140 quidem
747 4085 930 4134 parvus
966 4077 1147 4137 argute
1184 4063 1385 4118 dicitur

342 4143 400 4196 in
428 4146 769 4220 oppositione
797 4143 865 4198 ad
887 4164 1121 4213 magnum
1155 4143 1384 4207 ducem3

1453 1368 1748 1442 generatim
1787 1380 1966 1423 tamen
2007 1388 2195 1438 parvus
2237 1372 2450 1421 tumulus
2464 1409 2480 1432 ,

1451 1451 1604 1501 brevis
1623 1468 1752 1500 uma
1772 1447 1880 1504 dici
1905 1468 1934 1503 a
1959 1447 2129 1520 poetis
2147 1447 2280 1500 solet
2300 1488 2316 1513 ,
2336 1446 2485 1521 quod

1450 1526 1697 1600 reliquias
1717 1527 2092 1581 defunctorum
2115 1527 2486 1580 continent.-—-

1450 1606 1577 1661 vid.
1597 1620 1709 1661 not.
1735 1607 1806 1662 ad
1824 1605 2321 1679 Epitaph.Homon.
2350 1620 2388 1661 t.
2421 1607 2480 1659 11

1450 1685 1567 1762 huj.
1583 1688 1774 1759 operis,
1787 1707 1842 1759 p.
1859 1687 2345 1757 269.En.-Simi1e
2357 1688 2485 1740 huic

1452 1764 1597 1820 dicto
1625 1778 1703 1820 est
1724 1767 1894 1840 epigr.
1917 1765 1986 1820 de
2007 1765 2252 1839 sepulcro
2269 1767 2486 1821 Catonis

1450 1845 1509 1897 in
1528 1845 1714 1898 Burm.
1739 1845 1954 1898 Anthol.
1989 1845 2045 1898 11
2065 1884 2081 1910 ,
2104 1844 2201 1898 53:
2224 1873 2248 1891 α
2277 1847 2358 1899 Ne
2383 1847 2488 1899 mi-

1451 1943 1572 1977 rere
1599 1923 1734 1977 sacri
1769 1921 2032 1978 deformia
2057 1925 2214 1978 busta
2235 1925 2482 1979 Catonis:

1452 2001 1718 2056 Visuntur
1742 2003 1920 2076 magni
1942 2020 2108 2074 parva
2135 2005 2370 2076 sepulcra
2395 2005 2485 2056 Jo-

1452 2081 1529 2134 vis
1547 2109 1592 2134 a.
1617 2113 1688 2122 —
1712 2085 2040 2152 conspicimus
2063 2102 2083 2133 .·
2112 2101 2204 2136 seu
2222 2103 2369 2150 vere,
2389 2103 2484 2138 seu

1453 2159 1587 2214 falso
1609 2161 1790 2214 multis
1815 2173 1999 2234 postea
2019 2163 2225 2216 saeculis
2247 2163 2488 2218 ostende-

1452 2241 1650 2294 bantur
1689 2241 1882 2294 tumuli
1923 2240 2174 2310 Achillis,
2217 2241 2448 2297 Patrocli
2472 2286 2488 2310 ,

1453 2321 1790 2392 aliorumque
1806 2321 2030 2375 heroum
2056 2341 2069 2373 :
2091 2321 2196 2374 hoc
2215 2323 2370 2375 etiam
2392 2323 2486 2377 fie-

1453 2400 1548 2452 bat
1577 2399 1856 2453 Strabonis
1899 2411 2051 2454 astate
2079 2443 2094 2468 ‚
2141 2413 2200 2453 ut
2235 2401 2486 2475 colligere

1451 2477 1574 2532 licet
1613 2497 1642 2532 e
1677 2477 2034 2556 descriptione
2073 2479 2300 2535 Troadis
2325 2521 2341 2546 ‚
2391 2483 2484 2536 lib.

1455 2557 1612 2610 xm.
1633 2557 1742 2612 En.
2166 2601 2174 2608 .

1531 2638 1653 2708 587.
1705 2641 1926 2691 Hectoris
1961 2643 2114 2700 ultor,
2150 2639 2266 2694 sine
2317 2639 2487 2693 dubio

1456 2717 1608 2770 Paris
1636 2729 1715 2770 est
1731 2755 1747 2781 ,
1785 2716 1878 2789 qui
1904 2718 2164 2771 Achillem
2190 2719 2378 2790 sagitta
2405 2719 2487 2772 in-

1456 2797 1662 2851 terfecit
1680 2835 1696 2862 ,
1719 2810 1770 2850 et
1788 2810 2010 2850 mortem
2031 2797 2207 2851 fratris
2225 2799 2368 2851 ultus
2385 2811 2486 2852 est.

1458 2879 1619 2950 Casp.
1662 2878 1906 2931 Barthius
1951 2891 2128 2932 autem
2150 2917 2164 2940 ,
2207 2897 2280 2931 ne
2328 2881 2489 2931 vietus

1460 2957 1595 3010 forte
1614 2957 1935 3029 intelligatur
1951 2997 1966 3022 ,
1985 2957 2052 3010 de
2075 2957 2259 3009 Troilo
2279 2995 2297 3021 ‚
2317 2958 2492 3028 legen-

1459 3035 1588 3090 dum
1610 3049 1788 3091 censet
1803 3040 2022 3106 etjaceus
2035 3075 2050 3096 ,
2071 3037 2124 3088 in
2131 3035 2492 3107 telligendum-

1462 3136 1570 3189 que
1596 3115 1663 3169 de
1695 3118 2045 3188 Astyanacte,
2077 3134 2236 3186 quem
2266 3117 2491 3169 ultorem

1465 3193 1811 3248 metuendum
1835 3207 2066 3266 paternae
2088 3193 2246 3246 caedis
2273 3193 2339 3247 de
2359 3195 2492 3248 turri

1463 3274 1809 3346 praecipitavit
1823 3272 2026 3346 Ulyssis
2045 3273 2252 3326 astutia.
2271 3273 2493 3328 Advers.

1464 3354 1556 3406 lib.
1585 3351 1760 3404 XLIX
1775 3389 1790 3416 ,
1813 3371 1929 3422 cap.
1951 3357 2002 3404 6.

1539 3432 1657 3485 588.
1689 3434 1854 3483 Graia·
1877 3435 2026 3504 fixos
2061 3447 2256 3485 tenuere
2283 3437 2490 3486 tabella.

1464 3511 1548 3568 Sic
1571 3523 1713 3564 recte
1735 3531 1798 3564 ex
1817 3512 1947 3564 meis
1968 3513 2146 3583 legunt
2167 3511 2326 3566 Basil.
2351 3512 2494 3566 scal.

1462 3593 1594 3644 Luc.
1631 3603 1830 3644 caeterae
1872 3591 2123 3645 mendose
2158 3595 2325 3642 Graiae
2342 3595 2495 3664 fixas

1464 3675 1662 3722 timuere
1689 3675 1918 3723 tabellas.
1963 3669 2198 3741 Scaliger
2223 3681 2378 3741 putat
2409 3691 2495 3724 ex-

1466 3750 1626 3821 primi
1669 3749 1736 3802 ab
1782 3761 1995 3801 auctore
2039 3749 2388 3800 Horatianum
2427 3750 2492 3802 il-

1466 3827 1564 3881 lud
1594 3829 1752 3900 Epist.
1789 3829 1844 3880 H
1864 3867 1880 3892 ‚
1919 3847 1941 3880 1
1965 3866 1981 3892 ,
2001 3823 2010 3832 ’
2029 3847 2123 3897 97:
2169 3854 2192 3872 «ι
2211 3829 2496 3898 Suspendit

1470 3909 1607 3979 picta
1635 3909 1841 3961 vultum
1867 3919 2204 3977 mentemque
2232 3907 2419 3960 tabella
2441 3933 2463 3954 ι
2481 3949 2495 3962 .

1470 3987 1608 4040 Mihi
1630 4007 1740 4040 non
1757 3987 1932 4039 minus
1951 3987 2054 4039 hoc
2072 3984 2338 4056 quadrare
2359 3985 2500 4040 vide·

1474 4077 1562 4118 tur
1580 4067 1688 4121 Sat.
1709 4067 1794 4132 11,
1816 4083 1871 4135 7,
1886 4065 1979 4134 95:
2003 4089 2025 4112 ι
2047 4065 2151 4116 vel
2172 4082 2338 4134 quum
2362 4065 2500 4121 Pau-

1474 4146 1610 4199 siaca
1640 4157 1814 4217 torpes
1841 4144 2022 4198 insane
2049 4143 2244 4200 tabella
2263 4171 2307 4196 »-
