2975 4684
469 331 564 428 78
809 329 1180 400 SUMMA
1227 329 1733 400 CARMINIS
1780 329 1915 400 DE
1964 328 2280 400 AETNA.

549 453 904 532 limacum,
936 449 1050 508 nisi
1077 467 1242 508 venoe
1275 448 1484 529 lapidis
1514 449 1751 508 molaris
1780 449 2057 528 permista
2082 449 2199 510 nint
2230 447 2422 530 (532).
2456 455 2623 510 Post·

523 547 672 606 haec
693 543 944 624 amplius
969 539 1260 622 probatur
1293 542 1509 622 lapidis
1534 541 1773 602 molaris
1800 543 1983 602 fusilis
2012 555 2249 614 natura,
2282 563 2359 602 nc
2390 543 2487 604 cui
2520 542 2619 600 ui-

543 639 650 698 mis
675 633 959 696 mirabilis
983 645 1046 693 et
1073 631 1432 693 incredibilis
1457 631 1743 694 videntur.
1774 633 1931 694 Nihil
1960 655 2085 694 eune
2114 633 2192 694 ab
2222 635 2359 714 igne
2384 635 2621 716 insupe-

543 729 766 790 rabile:
796 727 1136 788 densissima
1159 725 1334 786 etiam
1355 743 1607 804 corpora
1628 743 1703 784 eo
1722 725 1977 798 domari,
2004 745 2086 786 ωε
2104 725 2239 806 igne
2262 728 2615 806 liquescere,

541 821 850 903 plumbum
873 834 936 880 et
965 819 1186 878 serrum
1213 817 1362 878 adeo
1387 817 1649 878 omnium
1678 817 2086 894 durissimum3
2136 818 2365 899 lapides
2400 822 2615 892 etiam,

541 915 758 996 quibus
788 913 920 974 auri
945 911 1166 971 semina
1193 909 1476 984 admixta,
1510 911 1573 970 in
1602 909 1939 972 fornacibus
1962 913 2289 992 pretiosum
2312 914 2617 974 metallum

541 1005 850 1068 exsudare.
889 1003 1128 1065 Etiamsi
1165 1003 1316 1082 lapis
1353 1001 1450 1062 hic
1489 1002 1703 1076 durus,
1731 1003 1943 1084 exiguo
1972 1004 2093 1082 igni
2122 1003 2187 1062 in
2226 1023 2363 1063 aere
2402 1018 2617 1084 aperto

545 1099 816 1159 admotus
851 1093 1386 1168 fortasseroeistat,
1425 1095 1623 1154 clausa
1657 1107 1849 1154 tamen
1890 1097 2125 1156 fornace
2166 1097 2285 1154 vim
2312 1096 2441 1174 ejus
2474 1117 2617 1178 per-

544 1193 700 1251 ferre
739 1207 862 1246 non
913 1205 1104 1265 poene.
1154 1185 1350 1246 Inito
1395 1199 1593 1246 autem
1634 1187 1913 1266 majorem
1962 1201 2023 1248 et
2069 1187 2575 1250 vehementiorem
2593 1235 2613 1264 ‚

543 1277 2313 1365 qmquinoehmnnafflripoeuinignninlnmae
2344 1281 2619 1340 cavernis

547 1392 964 1449 32,st
999 1371 1222 1430 scilicet
1253 1384 1316 1431 et
1349 1372 2131 1450 perone-,acdestim
2162 1373 2619 1452 igniumfulmi-

545 1487 806 1546 numque
833 1479 1060 1526 natura
1095 1464 1456 1543 propiorem.
1481 1464 1579 1524 Ad
1612 1465 1779 1544 cujus
1812 1464 1967 1524 vires
2006 1464 2292 1526 accedere
2315 1467 2617 1547 ingenmm

547 1563 748 1621 flatum
773 1557 960 1628 venti,
991 1555 1164 1616 arctis
1193 1551 1459 1615 saucibus
1486 1556 1651 1629 elisi,
1688 1575 1809 1635 quo
1834 1555 1993 1616 haud
2016 1558 2221 1631 aliter,
2248 1579 2431 1638 quam
2452 1560 2621 1620 foni-

541 1655 654 1716 bus
691 1652 994 1714 fabrorum
1031 1647 1439 1722 ferrariorum,
1463 1669 1709 1709 massam
1746 1649 1886 1710 ferri
1922 1649 2138 1711 cudere
2174 1651 2579 1712 laborantium
2596 1696 2619 1725 ,

549 1747 698 1830 ignis
735 1742 1102 1806 vehementia
1141 1753 1424 1822 augeatur
1467 1739 1646 1820 (561).
1677 1741 1785 1802 His
1812 1743 2091 1822 expositis
2114 1757 2293 1824 poeta
2324 1763 2623 1804 summam

543 1843 826 1902 hactenus
848 1837 1142 1896 dictorum
1167 1849 1228 1894 et
1253 1833 1584 1893 universam
1612 1833 1866 1893 incendii
1884 1836 2092 1894 AEtnaei
2118 1837 2409 1896 rationem
2442 1837 2621 1896 brevi

541 1934 993 2016 epiphonemate
1023 1927 1432 2006 complectitur
1465 1925 1621 2006 (564
1636 1926 1677 2004 ).
1706 1926 2055 1986 Coronidem
2077 1929 2335 2006 poemati
2360 1929 2620 2008 imponit

544 2043 750 2090 auctor
767 2023 1170 2104 pulcherrimo
1194 2020 1428 2100 epilogo
1441 2063 1458 2092 ,
1483 2039 1607 2098 quo
1634 2020 1879 2080 lectores
1904 2021 1979 2080 ad
2006 2023 2405 2100 spectaculum
2436 2035 2619 2082 natu—

543 2141 624 2182 rae
649 2119 958 2178 mirificum
985 2117 1050 2174 in
1076 2120 1252 2174 AEtna
1287 2113 1537 2193 propius
1562 2112 2069 2191 contemplandum
2106 2115 2322 2174 excitat
2338 2157 2357 2187 ,
2400 2135 2619 2194 repre-

543 2215 726 2273 hensa
749 2210 914 2289 prius
933 2225 1086 2266 vana
1113 2203 1448 2262 curiositate
1477 2202 1782 2262 hominum
1799 2247 1819 2276 ,
1857 2205 2077 2282 quires
2114 2205 2529 2266 memorabiles
2556 2222 2621 2266 et

545 2317 836 2373 vetusta,
887 2298 1046 2377 apud
1091 2310 1322 2355 exteros
1359 2293 1765 2369 inveniendas,
1793 2296 1946 2356 aedes
1973 2297 2328 2376 magnificas,
2358 2302 2617 2380 templa,

543 2412 764 2459 statuas
777 2437 794 2466 ,
823 2389 998 2450 urbes
1039 2407 1362 2466 eorumque
1404 2385 1645 2458 rudera,
1672 2387 1927 2464 picturas
1972 2403 2032 2447 et
2072 2405 2455 2450 monumenta
2496 2393 2618 2450 alia

543 2507 740 2548 rerum
771 2487 1060 2563 gestarum
1085 2492 1348 2557 spectare
1378 2477 1567 2551 avidi,
1594 2480 1949 2557 peregrinari
1974 2494 2035 2539 et
2058 2497 2299 2542 cunctas
2328 2485 2451 2542 fere
2476 2505 2621 2564 gen-

545 2595 630 2640 tes
659 2591 1005 2656 percurrere
1032 2584 1320 2646 satagant,
1347 2569 1462 2630 hoc
1502 2569 1841 2630 miraculum
1872 2579 2058 2634 AEtnae
2094 2577 2389 2654 negligant
2416 2577 2617 2656 (599).

543 2665 725 2732 Addit
769 2679 962 2725 tamen
982 2706 1001 2736 ,
1039 2662 1251 2721 montis
1289 2661 1464 2739 hujus
1481 2703 1501 2734 ,
1542 2663 1803 2739 quamvis
1845 2664 2029 2724 rarius
2072 2669 2315 2745 spectati
2334 2712 2353 2741 ,
2393 2669 2619 2730 famam

535 2767 658 2843 jam
705 2757 1024 2835 antiquitus
1071 2753 1336 2812 miranda
1376 2753 1572 2831 aliqua
1630 2747 1827 2814 fabula
1888 2755 2245 2837 divulgatam
2296 2779 2453 2836 esse,
2508 2764 2621 2825 illa

543 2871 754 2932 nempe
786 2848 860 2908 de
883 2847 998 2927 piis
1023 2843 1332 2916 fratribus,
1373 2850 1484 2904 Am
1494 2845 1768 2923 phinomo
1794 2859 1853 2904 et
1884 2852 2110 2928 Anapia
2126 2895 2143 2923 ,
2182 2873 2395 2934 magno
2416 2861 2619 2918 AEtnae

541 2943 814 3006 incendio
843 2953 1115 3022 parentes
1145 2957 1280 2997 suos
1295 2980 1312 3009 ‚
1333 2936 1593 2996 humeris
1616 2936 1875 2998 sublatos
1894 2941 2098 3002 mediis
2118 2964 2151 3003 e
2176 2946 2423 3006 flammis
2442 2949 2617 3010 urbis

537 3033 999 3119 exportantibus.
1029 3037 1160 3108 Qua
1184 3027 1384 3088 fabula
1402 3042 1637 3089 narrata
1658 3029 1847 3108 ipsum
1870 3053 2102 3094 carmen
2123 3038 2440 3098 concludit.
