2975 4684
1365 283 1579 354 AETN
1590 288 1672 354 A.
1770 323 1773 326 ·

537 404 796 474 Effluat
827 405 898 472 in
935 403 1279 492 flammas,
1323 407 1564 475 sensit
1606 431 1878 476 securus
1913 409 1999 476 ab
2040 406 2233 503 illis),

543 520 1050 611 Conservatque
1085 530 1278 586 notas
1299 570 1319 603 ‚
1361 541 1488 586 nec
1528 516 1719 587 vultu
1762 517 2055 612 perdidit
2096 520 2306 613 ignes,

536 626 724 715 Quin
766 627 968 695 etiam
1003 641 1352 696 externum
1390 627 1557 698 nulli
1596 627 1785 698 color
1825 629 1967 724 ipse
2012 628 2315 717 resolvit,

533 741 694 809 Non
735 736 929 826 odor,
955 753 1074 806 aut
1113 736 1389 807 levitas:
1429 739 1649 834 putris
1688 739 1903 834 magis
1941 738 2080 828 ille,
2112 743 2491 836 magisque,

539 851 694 919 Una
729 849 954 943 operis
989 847 1228 936 facies,
1270 847 1637 944 eademque
1684 873 1805 944 per
1840 850 2069 919 omnia
2104 864 2283 920 terra
2319 865 2436 921 est.

537 961 678 1031 Nec
713 972 936 1027 tamen
977 957 1243 1028 inficior
1286 957 1543 1055 lapides
1578 959 1927 1031 ardescere
1962 975 2181 1030 certos
2202 1015 2222 1046 ‚
2332 939 2339 946 ⁸

539 1069 832 1139 Interius
865 1067 1087 1138 furere
1123 1093 1472 1140 accensos:
1526 1071 1669 1140 haec
1712 1071 1985 1166 propria
2020 1072 2260 1140 virtus.
2513 1092 2587 1131 ⁵2⁵

540 1179 728 1267 Quin
768 1178 934 1272 ipsis
969 1177 1274 1273 quaedam
1311 1179 1519 1250 Siculi
1542 1182 1965 1276 *cognomina
2006 1183 2179 1250 saxis

538 1293 926 1384 Imposuere
955 1290 1220 1376 Fricas,
1247 1291 1450 1359 etiam
1483 1291 1632 1386 ipso
1665 1291 1939 1360 nomine
1977 1291 2248 1385 signant

435 1548 512 1560 --
529 1521 790 1570 Madentes
800 1519 1044 1588 flammas
1072 1515 1204 1569 dixit
1217 1555 1235 1581 ‚
1259 1529 1320 1570 ut
1342 1517 1472 1571 alias

437 1595 656 1668 liquida
675 1607 729 1650 et
745 1607 1004 1648 torrentes
1019 1597 1472 1650 vocantur.Clau—

361 1695 378 1712 ·
437 1676 634 1730 dianus
665 1677 720 1729 in
751 1677 924 1747 Raptu
945 1675 1189 1746 Proserp.
1213 1675 1272 1739 Ι,
1327 1683 1424 1739 ²4¹
1453 1693 1468 1727 τ

439 1779 470 1802 α
491 1758 772 1810 lncoctum
817 1753 1024 1808 maduit
1073 1755 1208 1808 lassa
1257 1753 1474 1808 fornace

444 1836 725 1890 metallum
748 1861 792 1888 ιι.

517 1917 639 1970 520.
696 1919 802 1967 Nec
846 1918 988 1966 vultu
1027 1915 1252 1982 perdidit
1289 1915 1432 1981 ignes
1457 1955 1474 1978 ‚

438 1995 501 2048 h.
548 2013 596 2047 e.
636 2005 848 2048 externa
893 1991 1068 2064 specie
1107 1991 1282 2045 adhuc
1322 1993 1472 2064 ignes

437 2075 652 2146 prefert
673 2112 690 2137 ‚
714 2091 850 2146 quos
871 2072 1174 2144 complexus
1197 2084 1275 2126 est
1308 2071 1472 2144 lique-

440 2155 632 2208 factus.
667 2153 752 2206 Ita
771 2171 900 2206 vero
920 2153 1080 2205 habet
1101 2151 1260 2204 lectio
1283 2151 1471 2222 vulga·-

439 2245 499 2288 ια
533 2231 658 2287 edd.
708 2249 948 2285 mearum
983 2232 1245 2284 omnium.
1275 2230 1471 2283 Aldina

439 2313 604 2367 habet
623 2333 718 2364 nec
733 2315 926 2364 vultum
943 2313 1161 2380 perdidit
1179 2313 1333 2380 ignis.
1352 2311 1474 2363 Sca·

439 2393 578 2465 liger
591 2393 780 2445 maluit
796 2412 888 2444 nec
905 2395 1095 2444 vulmm
1103 2393 1324 2459 perdidit
1337 2393 1471 2459 Igne.

517 2471 640 2525 5²1.
655 2471 898 2542 Antiqua
915 2481 1124 2543 ponunt
1142 2487 1156 2522 ε
1179 2473 1304 2538 Quia
1323 2471 1472 2522 etiam

439 2567 706 2604 estunam
733 2555 897 2603 multis
934 2557 1072 2604 color
1101 2553 1204 2620 {pse
1243 2553 1436 2602 resolvit
1450 2571 1471 2611 ‚⁰

439 2649 546 2703 pro
568 2649 678 2702 quo
699 2629 931 2702 Scaliger
951 2649 964 2684 :
996 2632 1124 2702 Quin
1149 2632 1294 2682 eciam
1314 2643 1474 2681 excer-

441 2729 562 2762 nam
581 2712 730 2762 uitiis
750 2713 898 2762 color.
917 2709 1164 2763 Gorallus
1179 2746 1194 2772 ,
1217 2723 1473 2760 externum

401 2823 408 2828 -
441 2792 522 2841 m'l
538 2790 586 2842 ei
595 2829 612 2851 ‚
635 2788 762 2861 quia
783 2788 1045 2862 precessit
1068 2787 1346 2860 singularis
1369 2806 1473 2840 nu·-

441 2887 624 2922 merus
646 2906 663 2933 ,
696 2879 749 2922 et
769 2873 910 2922 calor
947 2887 1046 2940 pro
1077 2872 1215 2919 color
1243 2869 1437 2918 resolvit
1453 2887 1472 2915 .-

441 2949 503 3002 iu
534 2967 646 3020 quo
684 2960 862 3002 tamen
897 2949 1084 3002 vitium
1121 2946 1277 3000 metri
1307 2946 1476 3000 inesse

441 3041 598 3100 puto.
619 3027 769 3080 Idem
789 3029 844 3080 in
865 3027 1206 3100 sequentibus
1224 3032 1338 3078 Non
1353 3029 1478 3077 odor

443 3122 498 3160 ee
517 3110 687 3160 levitas
705 3107 1098 3179 soloecophanes
1113 3107 1196 3159 vel
1217 3107 1478 3178 hyperba-

447 3200 542 3240 ton
578 3189 777 3240 statuit.
815 3187 939 3258 Ego·
956 3185 1268 3258 corruptelas
1293 3203 1474 3238 versus

445 3285 558 3320 non
589 3266 742 3320 aliter
769 3265 970 3320 mederi
989 3263 1176 3319 videor
1195 3307 1212 3332 ,
1234 3283 1395 3338 quam
1433 3263 1476 3316 si

443 3347 620 3420 legam
643 3363 658 3399 τ
685 3350 812 3414 Quin
838 3350 984 3399 eciam
1006 3359 1261 3397 externum
1285 3347 1304 3410 (
1323 3343 1472 3396 intel-

447 3425 550 3498 lige
573 3425 780 3479 vultum
802 3465 818 3492 ,
833 3445 992 3498 quem
1015 3436 1138 3480 ante
1157 3423 1316 3492 dixit)
1352 3425 1479 3474 nulli

449 3511 587 3558 color·
603 3507 708 3576 ipse
735 3508 953 3566 resolvit,
985 3505 1020 3558 i.
1049 3523 1098 3557 e.
1123 3515 1296 3558 mutat
1319 3541 1334 3568 ,
1358 3497 1472 3556 ivon

405 3601 415 3612 ·
449 3589 576 3637 odor
604 3599 692 3636 aut
721 3587 906 3636 levitas.
924 3583 1072 3637 Nihil
1111 3584 1304 3637 mutari
1327 3583 1476 3636 colo·

449 3681 563 3717 rem
580 3665 638 3717 in
655 3662 830 3736 lapide
849 3664 1038 3716 molari
1057 3702 1072 3727 ,
1091 3673 1308 3716 testatur
1320 3661 1474 3715 etiam

449 3743 642 3798 Strabo
659 3781 675 3807 ,
699 3743 794 3796 lib.
809 3743 893 3796 'VI
911 3782 924 3807 ,
945 3762 1062 3815 pag.
1089 3745 1221 3812 269:
1245 3747 1312 3798 Τὸ
1333 3747 1478 3816 ὓπερ-

447 3827 588 3895 χυθὶν
609 3831 693 3887 τῆς
713 3833 914 3898 κορυφῆς
933 3829 1070 3897 ὑγρὸν
1095 3827 1243 3884 πηλός
1271 3827 1375 3878 ἐστι
1397 3825 1479 3894 μα’-

449 3914 538 3967 λας
551 3939 568 3968 ‚
592 3909 708 3978 ῥέων
727 3905 862 3958 κατὰ
879 3911 966 3967 τῆς
986 3909 1180 3977 ὀρεινῆς·
1207 3898 1316 3958 εἶτα.
1333 3905 1474 3968 πῆξιν

446 3983 617 4040 λαβὼν
635 4025 650 4051 ,
677 3987 866 4057 γίνεται
887 3987 1014 4047 λίθος
1043 3987 1244 4056 μυλίας,
1275 3985 1362 4042 τὴν
1395 3987 1478 4040 αὖ·

453 4067 543 4122 τὴν
571 4067 824 4136 φυλάττων
844 4067 989 4138 χρόαν
1005 4101 1022 4130 ,
1051 4068 1106 4125 ἣν
1138 4065 1253 4136 ῥέων
1275 4059 1395 4134 ιῖχι.

1636 1521 1761 1574 ⁵22.
1776 1521 1998 1575 Veteres
2016 1521 2279 1592 pleraeque
2299 1538 2312 1573 :
2338 1525 2450 1572 Non
2468 1523 2593 1570 odor

1562 1615 1653 1650 aut
1669 1614 1813 1653 aetas.
1846 1600 1975 1653 Luc.
1998 1605 2112 1652 Non
2142 1602 2264 1650 ordo
2292 1613 2379 1650 auc
2404 1601 2589 1651 levitas.

1562 1676 1719 1732 Basil.
1739 1690 1789 1733 et
1806 1678 1989 1750 Scalig.
2010 1683 2123 1730 Non
2144 1681 2274 1729 odor
2292 1692 2381 1728 aue
2396 1681 2585 1739 levitas,

1562 1757 1710 1830 quod
1732 1768 1935 1810 rectum
1959 1753 2191 1810 videtur.

1634 1836 1756 1892 525.
1808 1839 2019 1898 Interius
2036 1837 2235 1907 fier-ere,
2282 1853 2499 1907 crepare
2539 1847 2592 1888 et

1562 1917 1837 1972 consumi:
1861 1917 2058 1989 quippe
2100 1915 2212 1986 ipse
2248 1914 2385 1986 iguis
2416 1913 2592 1967 furere

1560 1995 1761 2050 dicitur
1778 2033 1794 2061 ,
1817 2006 1878 2048 ut
1900 2014 2059 2068 supra
2083 2014 2135 2048 v.
2167 1994 2291 2064 507,
2331 2005 2381 2045 et
2402 1993 2591 2066 virgil.

1558 2077 1681 2129 AEn.
1699 2076 1777 2139 11,
1804 2075 1930 2146 759:
1950 2100 1975 2120 α
1989 2085 2306 2145 exsuperant
2323 2071 2549 2126 flammas
2572 2093 2587 2138 ς

1558 2155 1689 2208 furit
1711 2167 1868 2208 aestus
1891 2152 1959 2207 ad
1986 2172 2141 2208 auras
2169 2179 2215 2206 ι.

1633 2233 1751 2304 5²7·
1771 2239 1954 2302 Impos.
1974 2235 2157 2306 [πίσω.
2187 2229 2325 2286 Cod.
2371 2229 2594 2284 Helmst.

1560 2313 1741 2367 scribit
1748 2316 1975 2382 pbr-icas,
1993 2331 2099 2364 non
2118 2311 2275 2364 male.
2292 2311 2371 2363 De
2389 2329 2595 2364 eavoce

1560 2413 1669 2446 non
1702 2392 1877 2446 habeo
1918 2409 2037 2465 quoe
2084 2389 2257 2444 dicam
2278 2429 2293 2456 ‚
2337 2400 2591 2462 praterea

1560 2491 1677 2546 quoe
1714 2472 1949 2544 Scaliger
1981 2483 2033 2526 et
2074 2471 2320 2524 Gorallus
2349 2477 2459 2543 jam
2500 2467 2593 2522 do—

1560 2565 1799 2606 cuerunt.
1816 2553 1921 2606 Pro
1939 2551 2129 2604 Latina
2151 2549 2349 2623 pariter
2362 2568 2425 2602 ac
2445 2547 2591 2602 Grae-

1561 2652 1626 2686 ca
1660 2633 1843 2686 haberi
1880 2643 2050 2704 potest
2075 2668 2090 2694 ,
2128 2627 2393 2702 siquidem
2431 2627 2591 2682 Siculi

1560 2711 1821 2784 bilingues
1862 2722 1913 2764 et
1958 2709 2233 2781 trilingues
2274 2707 2409 2761 adeo
2434 2725 2451 2770 3
2498 2707 2591 2760 sed

1561 2810 1662 2866 pro
1686 2791 1867 2843 Graeca
1892 2789 2072 2860 magis.
2108 2791 2253 2840 Frica
2290 2787 2453 2839 latine
2479 2785 2589 2839 dici

1561 2870 1757 2944 potuit,
1788 2881 1847 2922 ut
1880 2872 2011 2922 mica
2048 2880 2102 2920 et
2131 2869 2259 2926 sica,
2304 2865 2521 2918 sortasse
2560 2883 2593 2916 a

1561 2948 1836 3012 fricando,
1874 2945 2019 3021 quod
2064 2945 2126 3004 iis
2167 2943 2235 2997 ad
2292 2942 2591 2996 fricandum

1562 3041 1835 3084 uterentur
1852 3066 1868 3090 ‚
1890 3021 2347 3098 quemadmodum
2366 3021 2590 3088 Plinius,

1563 3111 1655 3168 lib.
1674 3107 1909 3160 XXXVI
1927 3143 1944 3169 ,
1966 3126 2015 3158 c.
2038 3107 2070 3158 6
2089 3141 2105 3168 ,
2126 3121 2296 3157 areuae
2320 3099 2591 3174 quoddam

1563 3207 1728 3262 genus
1764 3195 2071 3257 usurpatum
2094 3182 2222 3236 dicit
2247 3180 2314 3235 ad
2342 3179 2589 3252 polienda

1562 3285 1852 3322 marmora.
1886 3263 2150 3329 Quoniam
2188 3281 2315 3318 vero
2356 3259 2591 3313 Lucilius

1562 3346 1710 3401 addit
1729 3388 1744 3413 ‚
1775 3344 2013 3411 Siculos,
2052 3343 2165 3415 ipso
2204 3343 2309 3395 hoc
2333 3341 2552 3394 nomine
2572 3379 2593 3406 ,

1563 3426 1884 3500 significasse
1918 3463 1933 3488 ,
1980 3424 2043 3477 iis
2096 3420 2367 3496 lapidibus
2419 3421 2595 3472 inesse

1561 3519 1716 3560 notas
1733 3545 1750 3572 ,
1776 3507 1859 3559 vel
1882 3503 2227 3576 proprietates
2258 3498 2491 3552 fusilium
2518 3497 2593 3549 la-

1562 3586 1746 3658 pidum
1769 3604 1784 3648 ;
1808 3583 2138 3656 probabilius
2158 3579 2370 3634 videtur
2390 3615 2405 3642 ‚
2425 3575 2591 3648 respi-

1563 3684 1681 3720 cere
1716 3683 1838 3717 eum
1874 3661 1943 3716 ad
1983 3661 2205 3732 verbum
2227 3661 2403 3729 frigo,
2443 3655 2591 3728 quod

1563 3744 1705 3799 idem
1728 3743 1989 3816 significat
2003 3778 2020 3804 ,
2038 3759 2098 3793 ac
2116 3753 2291 3792 torreo
2310 3776 2325 3802 ,
2346 3749 2397 3790 et
2414 3735 2591 3809 ipsum

1563 3836 1639 3879 est
1658 3823 1904 3877 Graecum
1922 3825 2080 3895 φρὺγω
2096 3859 2112 3886 ,
2128 3819 2210 3873 vel
2224 3821 2435 3892 φρύσσω.
2453 3815 2589 3870 Inde

1564 3903 1732 3975 potuit
1768 3899 1959 3954 deduci
1985 3902 2124 3974 φρὺξ,
2153 3897 2299 3972 quod
2326 3909 2459 3950 esset
2488 3917 2590 3950 no·

1566 4001 1687 4036 men
1706 3977 1897 4054 lapidis
1914 4017 1929 4045 ‚
1954 3993 2006 4032 ct
2027 3979 2387 4032 accusativum
2409 3977 2587 4049 plura-

1566 4062 1669 4116 lem
1686 4061 1907 4115 haberet
1928 4061 2127 4134 φρῡκσίς.
2152 4057 2485 4112 Videbantur
2507 4051 2603 4109 er·'
