2975 4684
487 321 626 421 378
981 323 1398 392 PRAEFAT.
1451 289 1587 392 An
1636 325 2099 394 EPITHAL.

487 453 764 521 debetur
777 501 796 534 ,
827 453 882 518 si
907 451 990 522 ad
1015 453 1426 542 Epithalamii
1441 503 1459 537 ,
1479 477 1677 542 quam
1692 455 1956 526 Veteres
1978 453 2273 536 tradunt,
2298 453 2619 544 signifiea-

488 558 735 625 tionem
765 557 1182 628 attendimus.
1214 559 1381 627 Nam
1421 575 1497 622 ut
1525 559 1793 630 proclus
1835 561 1906 628 in
1947 559 2310 628 Chrestom.
2340 575 2519 650 poet.
2552 575 2622 626 et

489 664 860 732 scholiastes
877 665 1210 732 Theocriti
1241 663 1324 732 ad
1373 664 1559 754 Idyu.
1587 666 1807 735 XVIII
1840 683 2096 749 monet,
2130 666 2621 754 epithalamium

490 771 676 839 novis
711 771 932 859 nuptis
963 771 1320 839 thalamum
1348 771 1651 859 ingressis
1680 773 1961 860 virgines
1974 819 1995 854 ,
2030 787 2145 840 aut
2168 795 2319 838 eum
2346 772 2621 860 virgini·

485 877 610 944 bus
632 878 856 966 pueri,
889 877 1174 945 thalamo
1205 874 1564 959 adstantes,
1596 878 2051 944 concinebant.
2087 878 2166 946 Iu
2199 879 2329 946 hoc
2360 893 2426 942 et
2449 877 2621 958 jocis

491 983 888 1070 nuptialibus
961 981 1303 1062 ludebant,
1361 1004 1605 1069 sponso
1654 1003 2037 1071 sponsaeque
2094 983 2621 1072 gratulabantur,

485 1088 786 1156 admixtis
811 1088 1152 1177 utriusque
1173 1085 1474 1154 laudibus
1492 1136 1511 1170 ,
1534 1089 1743 1177 iisque
1770 1090 1941 1156 bene
1964 1091 2414 1178 precabantur,
2442 1090 2626 1180 inge-

489 1198 734 1264 minato
771 1197 1106 1284 Hymenaei
1139 1198 1421 1264 nomine.
1435 1197 1627 1262 Unde
1658 1214 1723 1265 et
1748 1198 1877 1263 hoe
1902 1220 2164 1264 carmen
2184 1201 2624 1287 Hymenaeum

487 1302 768 1368 subinde
785 1302 914 1370 dici
931 1319 998 1368 et
1014 1304 1414 1370 Fescennina
1431 1303 1731 1372 arbitror.
1752 1305 1897 1372 Hoc
1918 1327 2115 1372 sensu
2132 1327 2169 1370 e
2188 1305 2456 1387 Latinis,
2472 1327 2625 1393 quae

485 1410 931 1476 recensuimus
951 1458 970 1493 ,
1015 1411 1412 1478 carminibus
1447 1435 1677 1477 verum
1718 1429 1785 1477 et
1822 1429 2073 1478 certum
2112 1411 2625 1500 Epithalamium

485 1517 740 1582 nullum
771 1518 926 1597 erit,
953 1518 1074 1582 nisi
1095 1517 1434 1584 Claudiani
1465 1519 1535 1582 in
1564 1517 1825 1606 Nuptiis
1852 1519 2025 1586 Hon.
2054 1535 2123 1584 et
2150 1517 2367 1584 Marias
2384 1565 2405 1598 ,
2436 1501 2645 1606 quod*

484 1622 886 1689 Fescennina
907 1622 1284 1690 inscribitur
1299 1671 1317 1704 ,
1335 1638 1402 1688 et
1423 1645 1567 1710 quae
1588 1645 1667 1690 ex
1689 1623 1945 1690 Senecae
1969 1621 2197 1690 Medea
2216 1639 2283 1688 et
2296 1623 2627 1690 Martiano

487 1730 744 1818 Capella
763 1731 1194 1820 allegavimus.
1226 1730 1460 1796 Catulli
1477 1730 1923 1820 Epithalamiis
1942 1731 2123 1798 litem
2146 1729 2227 1796 de
2251 1753 2331 1794 eo
2348 1730 2629 1796 nomine
2736 1781 2743 1788 .

489 1856 710 1903 movet
729 1839 1024 1903 Muretus
1045 1887 1064 1920 ,
1097 1839 1212 1926 qui
1243 1839 1310 1902 in
1341 1853 1694 1904 comment.
1720 1837 1805 1902 ad
1831 1861 2093 1905 carmen
2114 1839 2327 1922 LXII,
2353 1839 2448 1906 sic
2474 1840 2632 1905 scri-

487 1944 625 2008 bit:
663 1975 689 2000 ι
709 1945 826 2009 Est
855 1945 984 2009 hoc
1016 1967 1276 2010 carmen
1309 1944 1575 2033 quidem
1603 1945 1893 2032 nuptiale
1912 1992 1931 2025 ,
1964 1967 2181 2034 neque
2214 1961 2432 2010 tamen
2460 1927 2629 2032 pro'-

487 2051 628 2138 prie
673 2051 1161 2138 epithalamium
1189 2073 1204 2114 :
1252 2073 1403 2114 nam
1451 2049 1859 2138 epithalamia
1904 2049 2309 2115 canebantur
2350 2073 2389 2114 a
2432 2049 2635 2139 virgi·

490 2156 685 2220 nibus
703 2203 721 2237 ,
741 2179 949 2243 quum
976 2156 1108 2236 jam
1133 2178 1307 2220 nova
1331 2171 1535 2244 nupta
1564 2156 1633 2220 in
1662 2156 1829 2220 lecto
1854 2155 1975 2218 viri
2000 2155 2309 2224 collocata
2332 2171 2503 2222 esset
2508 2201 2625 2222 .....

488 2253 576 2325 A't
601 2259 730 2324 hoc
747 2283 942 2326 versu
963 2276 1029 2325 et
1055 2260 1282 2348 puellae
1311 2261 1464 2348 ipsoe
1487 2258 1962 2340 admonentur,
1994 2275 2072 2326 ut
2098 2276 2334 2324 canant
2351 2307 2372 2341 ,
2394 2275 2461 2324 et
2485 2275 2631 2326 tota

487 2367 792 2453 nuptialis
823 2389 1063 2454 pompa
1086 2365 1474 2430 describitur
1493 2414 1512 2449 ,
1548 2381 1653 2447 ut,
1687 2363 2242 2454 quemadmodum
2271 2383 2423 2430 ante
2448 2365 2629 2450 dixi,

487 2473 971 2561 epithalamium
1007 2495 1145 2538 esse
1171 2472 1276 2538 vix
1301 2473 1545 2560 possit:
1584 2472 1709 2538 nisi
1736 2473 1881 2561 quis
1908 2472 2316 2562 Epithalamii
2350 2473 2629 2538 nomine

488 2579 678 2644 latius
715 2595 1016 2666 accepto,
1053 2601 1250 2642 omne
1283 2578 1571 2666 nuptiale
1593 2601 1853 2642 carmen
1886 2577 2230 2668 significari
2257 2593 2507 2665 putet».
2538 2581 2631 2644 At

486 2685 784 2750 Muretus
835 2683 1244 2773 Epithalamii
1297 2684 1635 2749 notionem
1680 2701 1856 2750 arcte
1898 2684 2091 2748 nimis
2126 2684 2629 2750 circumscribit.

487 2791 738 2857 Sufficit
767 2792 834 2855 in
863 2792 1236 2858 Catullianis
1267 2792 1479 2858 inesse
1508 2813 1765 2858 carmen
1782 2790 1981 2873 illud,
2014 2791 2147 2858 sive
2166 2791 2587 2879 hymenaeum
2606 2839 2627 2872 ,

489 2900 604 2986 qui
625 2899 1010 2981 canebatur,
1033 2899 1101 2962 in
1132 2919 1344 2984 eoque
1381 2921 1456 2962 ea
1479 2897 1699 2963 omnia
1727 2897 1889 2980 dici,
1924 2920 2070 2986 quoe
2096 2896 2163 2964 iu
2194 2897 2627 2986 epithalamiis

485 3007 799 3072 solebant.
835 3007 1050 3071 Poetae
1071 3005 1337 3095 ingenio
1363 3021 1430 3068 et
1453 3005 1723 3071 arbitrio
1747 3005 2043 3070 relictum
2066 3021 2196 3086 est,
2226 3019 2453 3069 utrum
2482 3003 2629 3068 hoec

487 3137 522 3178 a
557 3113 914 3203 virginibus
942 3113 1292 3201 puerisque
1319 3127 1573 3176 cantata
1594 3126 1848 3176 tantum
1880 3111 2154 3194 referre,
2192 3109 2373 3198 quod
2399 3109 2629 3174 Theo-

489 3221 690 3284 critus
720 3221 789 3283 in
819 3220 1250 3308 Epithalamio
1273 3219 1533 3284 Helenae
1563 3219 1749 3300 fecit,
1783 3242 1866 3282 an
1892 3240 2047 3282 vero
2076 3218 2215 3306 ipse
2236 3217 2422 3305 quasi
2450 3239 2625 3304 Ρω-

487 3342 822 3390 centorem
855 3325 1038 3390 chori
1065 3347 1254 3413 agere
1271 3373 1290 3407 ,
1341 3341 1408 3390 et
1448 3323 1855 3390 Fescennina
1892 3325 1993 3388 vel
2022 3339 2173 3389 vota
2206 3323 2463 3411 sponsis
2510 3345 2626 3388 ca-

493 3429 705 3495 nenda
753 3431 936 3518 quasi
975 3429 1214 3494 dictare
1271 3446 1334 3494 et
1379 3430 1607 3517 praeire
1651 3429 1863 3494 verbis
1915 3416 2088 3494 velit.
2142 3431 2287 3495 Hoc
2326 3429 2623 3494 Catullus

489 3555 772 3625 utroque
825 3537 892 3600 in
929 3537 1249 3616 carmine,
1283 3535 1394 3600 sed
1439 3535 1507 3598 in
1564 3534 1780 3623 priore
1815 3534 2024 3600 fusius
2042 3584 2059 3617 ‚
2096 3549 2162 3600 et
2212 3533 2299 3598 ad
2348 3557 2623 3600 omnem

489 3665 796 3734 pompam
843 3641 1196 3729 nuptialem
1233 3639 1752 3721 accommodate,
1796 3641 1865 3703 in
1899 3639 2257 3728 posteriore
2310 3640 2571 3706 brevius
2598 3689 2619 3723 ,

489 3751 742 3840 sponsis
769 3749 900 3828 jam
932 3749 999 3812 in
1026 3748 1380 3812 thalamum
1404 3745 1837 3829 deducendis,
1864 3746 2015 3836 agit.
2044 3747 2364 3816 Caeterum
2392 3746 2446 3810 si
2466 3745 2622 3810 reli-

491 3879 774 3946 quorum
795 3873 1136 3944 poetarum
1159 3877 1198 3918 a
1220 3853 1410 3918 nobis
1433 3867 1785 3920 memorata
1810 3852 2213 3940 epithalamia
2236 3873 2386 3921 oum
2406 3851 2625 3918 Catul-

487 3965 674 4028 lianis
697 3963 1116 4030 conferantur
1135 4011 1152 4044 ,
1185 3958 1362 4026 haud
1389 3959 1617 4049 exigua
1636 3982 1867 4027 eorum
1888 3957 2217 4024 diversitas
2241 3958 2618 4047 percipitur,

495 4085 920 4158 apparetque,
957 4068 1361 4156 Epithalamii
1393 4090 1631 4132 nomen
1654 4068 1718 4134 in
1750 4067 1851 4132 his
1868 4065 2131 4155 quidem
2158 4067 2384 4130 latiore
2414 4063 2619 4153 signi·-
