<?xml version="1.0" encoding="UTF-8"?>
<!DOCTYPE html PUBLIC "-//W3C//DTD XHTML 1.0 Transitional//EN"
    "http://www.w3.org/TR/xhtml1/DTD/xhtml1-transitional.dtd">
<html xmlns="http://www.w3.org/1999/xhtml" xml:lang="en" lang="en">
 <head>
  <title>
</title>
<meta http-equiv="Content-Type" content="text/html;charset=utf-8" />
  <meta name='ocr-system' content='tesseract 3.04.00' />
  <meta name='ocr-capabilities' content='ocr_page ocr_carea ocr_par ocr_line ocrx_word'/>
</head>
<body>
  <div class='ocr_page' id='page_1' title='image "./poetaelatinimin00unkngoog_0134.png"; bbox 0 0 2975 4684; ppageno 0'>
   <div class='ocr_carea' id='block_1_1' title="bbox 1198 353 1510 422">
    <p class='ocr_par' dir='ltr' id='par_1_1' title="bbox 1198 353 1510 422">
     <span class='ocr_line' id='line_1_1' title="bbox 1198 353 1510 422; baseline -0.006 0"><span class='ocrx_word' id='word_1_1' title='bbox 1198 353 1510 422; x_wconf 82' lang='lat' dir='ltr'><strong>AETNA.</strong></span> 
     </span>
    </p>
   </div>
   <div class='ocr_carea' id='block_1_2' title="bbox 2281 339 2409 417">
    <p class='ocr_par' dir='ltr' id='par_1_2' title="bbox 2281 339 2409 417">
     <span class='ocr_line' id='line_1_2' title="bbox 2281 339 2409 417; baseline -0.008 -1"><span class='ocrx_word' id='word_1_2' title='bbox 2281 339 2409 417; x_wconf 80' lang='lat'>125</span> 
     </span>
    </p>
   </div>
   <div class='ocr_carea' id='block_1_3' title="bbox 383 473 2426 1338">
    <p class='ocr_par' dir='ltr' id='par_1_3' title="bbox 383 473 2049 572">
     <span class='ocr_line' id='line_1_3' title="bbox 383 473 2049 572; baseline -0.007 -21"><span class='ocrx_word' id='word_1_3' title='bbox 383 477 867 572; x_wconf 71' lang='lat' dir='ltr'>principiisque</span> <span class='ocrx_word' id='word_1_4' title='bbox 905 473 1053 544; x_wconf 81' lang='lat' dir='ltr'>aliis</span> <span class='ocrx_word' id='word_1_5' title='bbox 1086 475 1316 546; x_wconf 85' lang='lat' dir='ltr'>credas</span> <span class='ocrx_word' id='word_1_6' title='bbox 1352 477 1754 568; x_wconf 78' lang='lat' dir='ltr'>consurgere</span> <span class='ocrx_word' id='word_1_7' title='bbox 1784 487 2049 558; x_wconf 88' lang='lat' dir='ltr'>ventos,</span> 
     </span>
    </p>

    <p class='ocr_par' dir='ltr' id='par_1_4' title="bbox 385 583 2418 1006">
     <span class='ocr_line' id='line_1_4' title="bbox 385 583 2418 680; baseline -0.009 -19"><span class='ocrx_word' id='word_1_8' title='bbox 385 593 546 661; x_wconf 87' lang='lat' dir='ltr'>Non</span> <span class='ocrx_word' id='word_1_9' title='bbox 589 586 869 656; x_wconf 87' lang='lat' dir='ltr'>dubium</span> <span class='ocrx_word' id='word_1_10' title='bbox 904 609 1105 680; x_wconf 86' lang='lat' dir='ltr'>rupes</span> <span class='ocrx_word' id='word_1_11' title='bbox 1140 583 1439 679; x_wconf 86' lang='lat' dir='ltr'>aliquas,</span> <span class='ocrx_word' id='word_1_12' title='bbox 1482 583 1880 678; x_wconf 82' lang='lat' dir='ltr'>penitusque</span> <span class='ocrx_word' id='word_1_13' title='bbox 1919 604 2235 651; x_wconf 80' lang='lat' dir='ltr'>cavernas</span> <span class='ocrx_word' id='word_1_14' title='bbox 2342 605 2418 642; x_wconf 67' lang='lat' dir='ltr'>soz</span> 
     </span>
     <span class='ocr_line' id='line_1_5' title="bbox 388 692 2084 790; baseline -0.007 -19"><span class='ocrx_word' id='word_1_15' title='bbox 388 705 713 771; x_wconf 86' lang='lat' dir='ltr'>Proruere</span> <span class='ocrx_word' id='word_1_16' title='bbox 750 695 1009 790; x_wconf 84' lang='lat' dir='ltr'>ingenti</span> <span class='ocrx_word' id='word_1_17' title='bbox 1045 695 1309 780; x_wconf 89' lang='lat' dir='ltr'>sonitu,</span> <span class='ocrx_word' id='word_1_18' title='bbox 1345 717 1636 788; x_wconf 85' lang='lat' dir='ltr'>casuque</span> <span class='ocrx_word' id='word_1_19' title='bbox 1673 692 2084 788; x_wconf 88' lang='lat' dir='ltr'>propinquas</span> 
     </span>
     <span class='ocr_line' id='line_1_6' title="bbox 388 801 2304 904; baseline -0.004 -27"><span class='ocrx_word' id='word_1_20' title='bbox 388 807 741 904; x_wconf 72' lang='lat' dir='ltr'>Diffugere</span> <span class='ocrx_word' id='word_1_21' title='bbox 781 801 1165 900; x_wconf 88' lang='lat' dir='ltr'>impellique</span> <span class='ocrx_word' id='word_1_22' title='bbox 1205 805 1496 889; x_wconf 85' lang='lat' dir='ltr'>animas;</span> <span class='ocrx_word' id='word_1_23' title='bbox 1537 803 1698 872; x_wconf 87' lang='lat' dir='ltr'>hinc</span> <span class='ocrx_word' id='word_1_24' title='bbox 1725 825 1996 872; x_wconf 89' lang='lat' dir='ltr'>cernere</span> <span class='ocrx_word' id='word_1_25' title='bbox 2033 815 2304 886; x_wconf 68' lang='lat' dir='ltr'>ventor»,</span> 
     </span>
     <span class='ocr_line' id='line_1_7' title="bbox 393 910 2050 1006; baseline -0.004 -19"><span class='ocrx_word' id='word_1_26' title='bbox 393 919 531 988; x_wconf 85' lang='lat' dir='ltr'>Aut</span> <span class='ocrx_word' id='word_1_27' title='bbox 566 916 849 985; x_wconf 86' lang='lat' dir='ltr'>humore</span> <span class='ocrx_word' id='word_1_28' title='bbox 891 913 1092 984; x_wconf 88' lang='lat' dir='ltr'>etiam</span> <span class='ocrx_word' id='word_1_29' title='bbox 1137 912 1415 984; x_wconf 86' lang='lat' dir='ltr'>nebulas</span> <span class='ocrx_word' id='word_1_30' title='bbox 1446 912 1792 982; x_wconf 84' lang='lat' dir='ltr'>effundere</span> <span class='ocrx_word' id='word_1_31' title='bbox 1829 910 2050 1006; x_wconf 79' lang='lat' dir='ltr'>largn,</span> 
     </span>
    </p>

    <p class='ocr_par' dir='ltr' id='par_1_5' title="bbox 394 1022 2426 1338">
     <span class='ocr_line' id='line_1_8' title="bbox 394 1022 2173 1121; baseline -0.005 -22"><span class='ocrx_word' id='word_1_32' title='bbox 394 1033 491 1100; x_wconf 87' lang='lat' dir='ltr'>Ut</span> <span class='ocrx_word' id='word_1_33' title='bbox 533 1026 787 1121; x_wconf 89' lang='lat' dir='ltr'>campis</span> <span class='ocrx_word' id='word_1_34' title='bbox 827 1025 1141 1121; x_wconf 88' lang='lat' dir='ltr'>agrisque</span> <span class='ocrx_word' id='word_1_35' title='bbox 1176 1023 1435 1112; x_wconf 80' lang='lat' dir='ltr'>solent,</span> <span class='ocrx_word' id='word_1_36' title='bbox 1471 1049 1642 1118; x_wconf 89' lang='lat' dir='ltr'>quos</span> <span class='ocrx_word' id='word_1_37' title='bbox 1676 1023 1904 1093; x_wconf 89' lang='lat' dir='ltr'>obruit</span> <span class='ocrx_word' id='word_1_38' title='bbox 1935 1022 2173 1093; x_wconf 86' lang='lat' dir='ltr'>amnis.</span> 
     </span>
     <span class='ocr_line' id='line_1_9' title="bbox 396 1132 2426 1229; baseline -0.006 -23"><span class='ocrx_word' id='word_1_39' title='bbox 396 1135 703 1206; x_wconf 88' lang='lat' dir='ltr'>Vallibus</span> <span class='ocrx_word' id='word_1_40' title='bbox 737 1135 1042 1204; x_wconf 86' lang='lat' dir='ltr'>exoriens</span> <span class='ocrx_word' id='word_1_41' title='bbox 1076 1133 1321 1229; x_wconf 84' lang='lat' dir='ltr'>caligat</span> <span class='ocrx_word' id='word_1_42' title='bbox 1354 1132 1626 1204; x_wconf 86' lang='lat' dir='ltr'>nubilus</span> <span class='ocrx_word' id='word_1_43' title='bbox 1656 1159 1771 1203; x_wconf 88' lang='lat' dir='ltr'>aer</span> <span class='ocrx_word' id='word_1_44' title='bbox 1797 1187 1817 1218; x_wconf 86' lang='lat'>‚</span> <span class='ocrx_word' id='word_1_45' title='bbox 2348 1157 2426 1196; x_wconf 75' lang='lat'>310</span> 
     </span>
     <span class='ocr_line' id='line_1_10' title="bbox 396 1244 2320 1338; baseline -0.002 -22"><span class='ocrx_word' id='word_1_46' title='bbox 396 1245 707 1316; x_wconf 88' lang='lat' dir='ltr'>Flumina</span> <span class='ocrx_word' id='word_1_47' title='bbox 736 1269 941 1338; x_wconf 89' lang='lat' dir='ltr'>parva</span> <span class='ocrx_word' id='word_1_48' title='bbox 967 1244 1194 1314; x_wconf 88' lang='lat' dir='ltr'>ferunt</span> <span class='ocrx_word' id='word_1_49' title='bbox 1222 1269 1456 1333; x_wconf 61' lang='lat' dir='ltr'>auram,</span> <span class='ocrx_word' id='word_1_50' title='bbox 1488 1246 1588 1314; x_wconf 84' lang='lat' dir='ltr'>vis</span> <span class='ocrx_word' id='word_1_51' title='bbox 1617 1244 1924 1338; x_wconf 85' lang='lat' dir='ltr'>proxima</span> <span class='ocrx_word' id='word_1_52' title='bbox 1959 1257 2160 1312; x_wconf 85' lang='lat' dir='ltr'>vento</span> <span class='ocrx_word' id='word_1_53' title='bbox 2195 1257 2320 1331; x_wconf 66' lang='lat' dir='ltr'>est,</span> 
     </span>
    </p>
   </div>
   <div class='ocr_carea' id='block_1_4' title="bbox 304 1413 2437 1666">
    <p class='ocr_par' dir='ltr' id='par_1_6' title="bbox 304 1413 2437 1666">
     <span class='ocr_line' id='line_1_11' title="bbox 374 1413 2434 1508; baseline -0.001 -18"><span class='ocrx_word' id='word_1_54' title='bbox 374 1437 496 1500; x_wconf 74' lang='lat'><strong>304.</strong></span> <span class='ocrx_word' id='word_1_55' title='bbox 527 1437 787 1504; x_wconf 69' lang='lat' dir='ltr'>Principiis</span> <span class='ocrx_word' id='word_1_56' title='bbox 806 1437 945 1503; x_wconf 80' lang='lat' dir='ltr'>quod</span> <span class='ocrx_word' id='word_1_57' title='bbox 962 1439 1027 1487; x_wconf 76' lang='lat' dir='ltr'>ab</span> <span class='ocrx_word' id='word_1_58' title='bbox 1054 1413 1128 1488; x_wconf 71' lang='lat' dir='ltr'>his</span> <span class='ocrx_word' id='word_1_59' title='bbox 1155 1438 1328 1486; x_wconf 79' lang='lat' dir='ltr'>eredas</span> <span class='ocrx_word' id='word_1_60' title='bbox 1415 1460 1442 1481; x_wconf 71' lang='grc' dir='ltr'><strong>υ</strong></span> <span class='ocrx_word' id='word_1_61' title='bbox 1465 1435 1620 1488; x_wconf 73' lang='lat' dir='ltr'>Mons</span> <span class='ocrx_word' id='word_1_62' title='bbox 1647 1436 1844 1489; x_wconf 84' lang='lat' dir='ltr'>fractus</span> <span class='ocrx_word' id='word_1_63' title='bbox 1860 1434 1998 1490; x_wconf 83' lang='lat' dir='ltr'>cadit</span> <span class='ocrx_word' id='word_1_64' title='bbox 2023 1436 2092 1488; x_wconf 89' lang='lat' dir='ltr'>ab</span> <span class='ocrx_word' id='word_1_65' title='bbox 2113 1453 2226 1489; x_wconf 82' lang='lat' dir='ltr'>sese</span> <span class='ocrx_word' id='word_1_66' title='bbox 2247 1435 2402 1508; x_wconf 83' lang='lat' dir='ltr'>longe</span> <span class='ocrx_word' id='word_1_67' title='bbox 2418 1476 2434 1500; x_wconf 82' lang='grc'><em>,</em></span> 
     </span>
     <span class='ocr_line' id='line_1_12' title="bbox 304 1513 2437 1588; baseline -0.001 -20"><span class='ocrx_word' id='word_1_68' title='bbox 304 1517 445 1569; x_wconf 86' lang='lat' dir='ltr'>Ven.</span> <span class='ocrx_word' id='word_1_69' title='bbox 477 1513 653 1588; x_wconf 83' lang='lat' dir='ltr'>Lugd.</span> <span class='ocrx_word' id='word_1_70' title='bbox 696 1529 750 1569; x_wconf 88' lang='lat' dir='ltr'>et</span> <span class='ocrx_word' id='word_1_71' title='bbox 794 1514 930 1587; x_wconf 80' lang='lat' dir='ltr'>Hag.</span> <span class='ocrx_word' id='word_1_72' title='bbox 978 1513 1099 1568; x_wconf 83' lang='lat' dir='ltr'>edd.</span> <span class='ocrx_word' id='word_1_73' title='bbox 1147 1514 1331 1586; x_wconf 76' lang='lat' dir='ltr'>legum</span> <span class='ocrx_word' id='word_1_74' title='bbox 1414 1513 1647 1586; x_wconf 78' lang='lat' dir='ltr'>fragore,</span> <span class='ocrx_word' id='word_1_75' title='bbox 1667 1513 1761 1585; x_wconf 88' lang='lat' dir='ltr'>qui</span> <span class='ocrx_word' id='word_1_76' title='bbox 1783 1513 2234 1585; x_wconf 83' lang='lat' dir='ltr'>concipihumana</span> <span class='ocrx_word' id='word_1_77' title='bbox 2261 1529 2437 1568; x_wconf 85' lang='lat' dir='ltr'>mente</span> 
     </span>
     <span class='ocr_line' id='line_1_13' title="bbox 304 1591 2436 1666; baseline -0.001 -18"><span class='ocrx_word' id='word_1_78' title='bbox 304 1593 451 1666; x_wconf 88' lang='lat' dir='ltr'>quod</span> <span class='ocrx_word' id='word_1_79' title='bbox 476 1593 713 1665; x_wconf 77' lang='lat' dir='ltr'>Scaliger</span> <span class='ocrx_word' id='word_1_80' title='bbox 748 1592 1040 1646; x_wconf 80' lang='lat' dir='ltr'>difficulter</span> <span class='ocrx_word' id='word_1_81' title='bbox 1072 1591 1329 1646; x_wconf 78' lang='lat' dir='ltr'>defendit.</span> <span class='ocrx_word' id='word_1_82' title='bbox 1416 1612 1526 1646; x_wconf 87' lang='lat' dir='ltr'>non</span> <span class='ocrx_word' id='word_1_83' title='bbox 1555 1594 1744 1665; x_wconf 83' lang='lat' dir='ltr'>possit,</span> <span class='ocrx_word' id='word_1_84' title='bbox 1767 1605 1818 1646; x_wconf 87' lang='lat' dir='ltr'>et</span> <span class='ocrx_word' id='word_1_85' title='bbox 1836 1593 1966 1647; x_wconf 84' lang='lat' dir='ltr'>ssatu</span> <span class='ocrx_word' id='word_1_86' title='bbox 1982 1592 2279 1646; x_wconf 82' lang='lat' dir='ltr'>incredibili</span> <span class='ocrx_word' id='word_1_87' title='bbox 2296 1619 2318 1640; x_wconf 75' lang='grc' dir='ltr'>ι</span> <span class='ocrx_word' id='word_1_88' title='bbox 2333 1636 2345 1646; x_wconf 92' lang='grc'><em>.</em></span> <span class='ocrx_word' id='word_1_89' title='bbox 2365 1625 2436 1636; x_wconf 82' lang='lat'>-—</span> 
     </span>
    </p>
   </div>
   <div class='ocr_carea' id='block_1_5' title="bbox 306 1675 1325 1826">
    <p class='ocr_par' dir='ltr' id='par_1_7' title="bbox 306 1675 1325 1826">
     <span class='ocr_line' id='line_1_14' title="bbox 306 1675 1325 1740; baseline -0.004 -12"><span class='ocrx_word' id='word_1_90' title='bbox 306 1675 511 1728; x_wconf 81' lang='lat' dir='ltr'>Rectius</span> <span class='ocrx_word' id='word_1_91' title='bbox 552 1687 751 1726; x_wconf 71' lang='lat' dir='ltr'>caeterae</span> <span class='ocrx_word' id='word_1_92' title='bbox 795 1675 1156 1740; x_wconf 78' lang='lat' dir='ltr'>Principiisque</span> <span class='ocrx_word' id='word_1_93' title='bbox 1189 1675 1325 1733; x_wconf 83' lang='lat' dir='ltr'>aliis,</span> 
     </span>
     <span class='ocr_line' id='line_1_15' title="bbox 306 1750 942 1826; baseline -0.006 -20"><span class='ocrx_word' id='word_1_94' title='bbox 306 1755 468 1826; x_wconf 84' lang='lat' dir='ltr'>idque</span> <span class='ocrx_word' id='word_1_95' title='bbox 493 1771 679 1808; x_wconf 80' lang='lat' dir='ltr'>sensus</span> <span class='ocrx_word' id='word_1_96' title='bbox 698 1750 942 1823; x_wconf 83' lang='lat' dir='ltr'>postulat.</span> 
     </span>
    </p>
   </div>
   <div class='ocr_carea' id='block_1_6' title="bbox 1418 1668 2440 1823">
    <p class='ocr_par' dir='ltr' id='par_1_8' title="bbox 1418 1668 2440 1823">
     <span class='ocr_line' id='line_1_16' title="bbox 1419 1668 2434 1745; baseline 0 -22"><span class='ocrx_word' id='word_1_97' title='bbox 1419 1676 1548 1724; x_wconf 80' lang='lat' dir='ltr'>Hine</span> <span class='ocrx_word' id='word_1_98' title='bbox 1587 1692 1782 1724; x_wconf 82' lang='lat' dir='ltr'>cernere</span> <span class='ocrx_word' id='word_1_99' title='bbox 1814 1687 1988 1726; x_wconf 78' lang='lat' dir='ltr'>ventos</span> <span class='ocrx_word' id='word_1_100' title='bbox 2013 1692 2202 1726; x_wconf 80' lang='lat' dir='ltr'>omnes</span> <span class='ocrx_word' id='word_1_101' title='bbox 2221 1668 2434 1745; x_wconf 81' lang='lat' dir='ltr'>quidem</span> 
     </span>
     <span class='ocr_line' id='line_1_17' title="bbox 1418 1749 2440 1823; baseline 0 -19"><span class='ocrx_word' id='word_1_102' title='bbox 1418 1749 1538 1804; x_wconf 81' lang='lat' dir='ltr'>libri</span> <span class='ocrx_word' id='word_1_103' title='bbox 1559 1763 1755 1805; x_wconf 81' lang='lat' dir='ltr'>veteres</span> <span class='ocrx_word' id='word_1_104' title='bbox 1773 1753 1955 1823; x_wconf 86' lang='lat' dir='ltr'>legunt</span> <span class='ocrx_word' id='word_1_105' title='bbox 1972 1793 1988 1819; x_wconf 89' lang='lat'><strong>,</strong></span> <span class='ocrx_word' id='word_1_106' title='bbox 2013 1751 2105 1805; x_wconf 83' lang='lat' dir='ltr'>sed</span> <span class='ocrx_word' id='word_1_107' title='bbox 2131 1765 2240 1804; x_wconf 84' lang='lat' dir='ltr'>tam</span> <span class='ocrx_word' id='word_1_108' title='bbox 2260 1765 2440 1805; x_wconf 78' lang='lat' dir='ltr'>coacta</span> 
     </span>
    </p>
   </div>
   <div class='ocr_carea' id='block_1_7' title="bbox 378 1829 2440 1903">
    <p class='ocr_par' dir='ltr' id='par_1_9' title="bbox 378 1829 2440 1903">
     <span class='ocr_line' id='line_1_18' title="bbox 378 1829 2440 1903; baseline -0.003 -15"><span class='ocrx_word' id='word_1_109' title='bbox 378 1833 503 1888; x_wconf 81' lang='lat'><strong>305.</strong></span> <span class='ocrx_word' id='word_1_110' title='bbox 528 1831 635 1884; x_wconf 88' lang='lat' dir='ltr'>Pro</span> <span class='ocrx_word' id='word_1_111' title='bbox 660 1833 854 1900; x_wconf 77' lang='lat' dir='ltr'>penitus</span> <span class='ocrx_word' id='word_1_112' title='bbox 886 1829 1188 1883; x_wconf 72' lang='lat' dir='ltr'>Gronovius</span> <span class='ocrx_word' id='word_1_113' title='bbox 1219 1829 1257 1881; x_wconf 90' lang='lat' dir='ltr'>l.</span> <span class='ocrx_word' id='word_1_114' title='bbox 1281 1848 1331 1883; x_wconf 92' lang='lat' dir='ltr'>c.</span> <span class='ocrx_word' id='word_1_115' title='bbox 1422 1847 1500 1885; x_wconf 84' lang='lat' dir='ltr'>est</span> <span class='ocrx_word' id='word_1_116' title='bbox 1525 1849 1708 1884; x_wconf 86' lang='lat' dir='ltr'>eorum</span> <span class='ocrx_word' id='word_1_117' title='bbox 1746 1833 2028 1886; x_wconf 80' lang='lat' dir='ltr'>verborum</span> <span class='ocrx_word' id='word_1_118' title='bbox 2046 1870 2062 1895; x_wconf 90' lang='lat'>‚</span> <span class='ocrx_word' id='word_1_119' title='bbox 2089 1851 2252 1903; x_wconf 86' lang='lat' dir='ltr'>quam</span> <span class='ocrx_word' id='word_1_120' title='bbox 2278 1833 2440 1885; x_wconf 83' lang='lat' dir='ltr'>Scali-</span> 
     </span>
    </p>
   </div>
   <div class='ocr_carea' id='block_1_8' title="bbox 296 1909 2444 2062">
    <p class='ocr_par' dir='ltr' id='par_1_10' title="bbox 296 1909 2444 2062">
     <span class='ocr_line' id='line_1_19' title="bbox 308 1909 2440 1985; baseline -0.002 -19"><span class='ocrx_word' id='word_1_121' title='bbox 308 1913 427 1985; x_wconf 84' lang='lat' dir='ltr'>legit</span> <span class='ocrx_word' id='word_1_122' title='bbox 446 1913 749 1982; x_wconf 75' lang='lat' dir='ltr'>penitusque</span> <span class='ocrx_word' id='word_1_123' title='bbox 772 1928 1035 1970; x_wconf 76' lang='lat' dir='ltr'>cavernas,</span> <span class='ocrx_word' id='word_1_124' title='bbox 1062 1920 1121 1960; x_wconf 88' lang='lat' dir='ltr'>ut</span> <span class='ocrx_word' id='word_1_125' title='bbox 1136 1912 1336 1977; x_wconf 79' lang='lat' dir='ltr'>penitas</span> <span class='ocrx_word' id='word_1_126' title='bbox 1422 1931 1520 1984; x_wconf 82' lang='lat' dir='ltr'>ger</span> <span class='ocrx_word' id='word_1_127' title='bbox 1535 1922 1587 1964; x_wconf 87' lang='lat' dir='ltr'>et</span> <span class='ocrx_word' id='word_1_128' title='bbox 1611 1909 1859 1964; x_wconf 82' lang='lat' dir='ltr'>Gorallus</span> <span class='ocrx_word' id='word_1_129' title='bbox 1884 1909 1977 1964; x_wconf 86' lang='lat' dir='ltr'>dat</span> <span class='ocrx_word' id='word_1_130' title='bbox 1997 1951 2014 1976; x_wconf 92' lang='lat'><strong>,</strong></span> <span class='ocrx_word' id='word_1_131' title='bbox 2044 1910 2401 1983; x_wconf 81' lang='lat' dir='ltr'>interpretatio</span> <span class='ocrx_word' id='word_1_132' title='bbox 2425 1951 2440 1976; x_wconf 85' lang='lat'><em>‚</em></span> 
     </span>
     <span class='ocr_line' id='line_1_20' title="bbox 296 1989 2444 2062; baseline -0.001 -18"><span class='ocrx_word' id='word_1_133' title='bbox 296 1995 475 2062; x_wconf 73' lang='lat' dir='ltr'>fauces</span> <span class='ocrx_word' id='word_1_134' title='bbox 492 1989 631 2044; x_wconf 84' lang='lat' dir='ltr'>dixit</span> <span class='ocrx_word' id='word_1_135' title='bbox 654 1989 885 2053; x_wconf 84' lang='lat' dir='ltr'>Plautus,</span> <span class='ocrx_word' id='word_1_136' title='bbox 906 1989 1053 2041; x_wconf 80' lang='lat' dir='ltr'>Asin.</span> <span class='ocrx_word' id='word_1_137' title='bbox 1078 1990 1105 2041; x_wconf 96' lang='lat' dir='ltr'>I</span> <span class='ocrx_word' id='word_1_138' title='bbox 1130 2026 1147 2052; x_wconf 85' lang='lat'>,</span> <span class='ocrx_word' id='word_1_139' title='bbox 1177 2007 1224 2054; x_wconf 88' lang='lat'>1,</span> <span class='ocrx_word' id='word_1_140' title='bbox 1249 1989 1336 2042; x_wconf 78' lang='lat'>28.</span> <span class='ocrx_word' id='word_1_141' title='bbox 1426 2003 1485 2045; x_wconf 86' lang='lat' dir='ltr'>ut</span> <span class='ocrx_word' id='word_1_142' title='bbox 1497 1993 1640 2043; x_wconf 86' lang='lat' dir='ltr'>ultro</span> <span class='ocrx_word' id='word_1_143' title='bbox 1651 1991 1938 2062; x_wconf 85' lang='lat' dir='ltr'>amplectar</span> <span class='ocrx_word' id='word_1_144' title='bbox 1950 1991 2258 2044; x_wconf 82' lang='lat' dir='ltr'>facillimam</span> <span class='ocrx_word' id='word_1_145' title='bbox 2273 2009 2444 2044; x_wconf 87' lang='lat' dir='ltr'>emen-</span> 
     </span>
    </p>
   </div>
   <div class='ocr_carea' id='block_1_9' title="bbox 306 2068 1375 4200">
    <p class='ocr_par' dir='ltr' id='par_1_11' title="bbox 306 2068 1357 3331">
     <span class='ocr_line' id='line_1_21' title="bbox 310 2068 1338 2139; baseline -0.003 -15"><span class='ocrx_word' id='word_1_146' title='bbox 310 2073 498 2124; x_wconf 84' lang='lat' dir='ltr'>Parum</span> <span class='ocrx_word' id='word_1_147' title='bbox 540 2070 691 2122; x_wconf 85' lang='lat' dir='ltr'>abest</span> <span class='ocrx_word' id='word_1_148' title='bbox 710 2108 727 2133; x_wconf 90' lang='lat'>‚</span> <span class='ocrx_word' id='word_1_149' title='bbox 764 2068 893 2134; x_wconf 88' lang='lat' dir='ltr'>quin</span> <span class='ocrx_word' id='word_1_150' title='bbox 933 2086 1033 2139; x_wconf 88' lang='lat' dir='ltr'>pro</span> <span class='ocrx_word' id='word_1_151' title='bbox 1067 2087 1131 2121; x_wconf 89' lang='lat' dir='ltr'>eo</span> <span class='ocrx_word' id='word_1_152' title='bbox 1163 2068 1338 2139; x_wconf 80' lang='lat' dir='ltr'>legen-</span> 
     </span>
     <span class='ocr_line' id='line_1_22' title="bbox 309 2150 1341 2222; baseline -0.006 -17"><span class='ocrx_word' id='word_1_153' title='bbox 309 2151 441 2205; x_wconf 84' lang='lat' dir='ltr'>dum</span> <span class='ocrx_word' id='word_1_154' title='bbox 466 2161 653 2222; x_wconf 86' lang='lat' dir='ltr'>putem</span> <span class='ocrx_word' id='word_1_155' title='bbox 676 2151 794 2218; x_wconf 75' lang='lat' dir='ltr'>quin</span> <span class='ocrx_word' id='word_1_156' title='bbox 813 2162 863 2198; x_wconf 77' lang='lat' dir='ltr'>ee</span> <span class='ocrx_word' id='word_1_157' title='bbox 880 2161 1181 2200; x_wconf 77' lang='lat' dir='ltr'>cataractas.</span> <span class='ocrx_word' id='word_1_158' title='bbox 1202 2150 1341 2202; x_wconf 85' lang='lat' dir='ltr'>Nam</span> 
     </span>
     <span class='ocr_line' id='line_1_23' title="bbox 310 2227 1339 2301; baseline -0.006 -17"><span class='ocrx_word' id='word_1_159' title='bbox 310 2251 547 2284; x_wconf 76' lang='lat' dir='ltr'>cavernas</span> <span class='ocrx_word' id='word_1_160' title='bbox 598 2245 787 2301; x_wconf 80' lang='lat' dir='ltr'>parum</span> <span class='ocrx_word' id='word_1_161' title='bbox 846 2241 1033 2299; x_wconf 87' lang='lat' dir='ltr'>aptum</span> <span class='ocrx_word' id='word_1_162' title='bbox 1097 2227 1339 2299; x_wconf 76' lang='lat' dir='ltr'>sequenti</span> 
     </span>
     <span class='ocr_line' id='line_1_24' title="bbox 306 2305 1342 2380; baseline -0.004 -18"><span class='ocrx_word' id='word_1_163' title='bbox 306 2329 572 2380; x_wconf 80' lang='lat' dir='ltr'>proruere,</span> <span class='ocrx_word' id='word_1_164' title='bbox 604 2320 657 2361; x_wconf 83' lang='lat' dir='ltr'>et</span> <span class='ocrx_word' id='word_1_165' title='bbox 682 2309 847 2361; x_wconf 82' lang='lat' dir='ltr'>latere</span> <span class='ocrx_word' id='word_1_166' title='bbox 870 2310 981 2380; x_wconf 82' lang='lat' dir='ltr'>jam</span> <span class='ocrx_word' id='word_1_167' title='bbox 1009 2306 1065 2359; x_wconf 85' lang='lat' dir='ltr'>in</span> <span class='ocrx_word' id='word_1_168' title='bbox 1092 2325 1234 2376; x_wconf 81' lang='lat' dir='ltr'>rupes</span> <span class='ocrx_word' id='word_1_169' title='bbox 1266 2305 1342 2358; x_wconf 73' lang='lat' dir='ltr'>vi-</span> 
     </span>
     <span class='ocr_line' id='line_1_25' title="bbox 314 2386 1342 2452; baseline -0.006 -8"><span class='ocrx_word' id='word_1_170' title='bbox 314 2389 467 2444; x_wconf 87' lang='lat' dir='ltr'>detur</span> <span class='ocrx_word' id='word_1_171' title='bbox 480 2427 499 2452; x_wconf 87' lang='lat'><strong>,</strong></span> <span class='ocrx_word' id='word_1_172' title='bbox 526 2401 579 2442; x_wconf 84' lang='lat' dir='ltr'>et</span> <span class='ocrx_word' id='word_1_173' title='bbox 600 2399 889 2440; x_wconf 84' lang='lat' dir='ltr'>cataractas</span> <span class='ocrx_word' id='word_1_174' title='bbox 910 2386 1193 2440; x_wconf 80' lang='lat' dir='ltr'>fluviorum</span> <span class='ocrx_word' id='word_1_175' title='bbox 1216 2405 1342 2438; x_wconf 87' lang='lat' dir='ltr'>cum</span> 
     </span>
     <span class='ocr_line' id='line_1_26' title="bbox 314 2465 1338 2541; baseline -0.005 -19"><span class='ocrx_word' id='word_1_176' title='bbox 314 2469 513 2541; x_wconf 84' lang='lat' dir='ltr'>ingenti</span> <span class='ocrx_word' id='word_1_177' title='bbox 554 2467 735 2521; x_wconf 83' lang='lat' dir='ltr'>sonitu</span> <span class='ocrx_word' id='word_1_178' title='bbox 772 2465 955 2520; x_wconf 84' lang='lat' dir='ltr'>flatum</span> <span class='ocrx_word' id='word_1_179' title='bbox 989 2484 1240 2538; x_wconf 84' lang='lat' dir='ltr'>magnum</span> <span class='ocrx_word' id='word_1_180' title='bbox 1286 2475 1338 2518; x_wconf 89' lang='lat' dir='ltr'>et</span> 
     </span>
     <span class='ocr_line' id='line_1_27' title="bbox 315 2543 1341 2616; baseline -0.006 -14"><span class='ocrx_word' id='word_1_181' title='bbox 315 2548 537 2602; x_wconf 81' lang='lat' dir='ltr'>nebulas</span> <span class='ocrx_word' id='word_1_182' title='bbox 582 2543 829 2599; x_wconf 85' lang='lat' dir='ltr'>humidas</span> <span class='ocrx_word' id='word_1_183' title='bbox 844 2583 861 2608; x_wconf 92' lang='lat'><strong>,</strong></span> <span class='ocrx_word' id='word_1_184' title='bbox 896 2563 1011 2616; x_wconf 64' lang='lat' dir='ltr'>quie</span> <span class='ocrx_word' id='word_1_185' title='bbox 1045 2560 1226 2616; x_wconf 88' lang='lat' dir='ltr'>postea</span> <span class='ocrx_word' id='word_1_186' title='bbox 1263 2543 1341 2596; x_wconf 84' lang='lat' dir='ltr'>di-</span> 
     </span>
     <span class='ocr_line' id='line_1_28' title="bbox 316 2623 1342 2696; baseline -0.006 -14"><span class='ocrx_word' id='word_1_187' title='bbox 316 2637 509 2682; x_wconf 85' lang='lat' dir='ltr'>cuutur</span> <span class='ocrx_word' id='word_1_188' title='bbox 524 2665 541 2691; x_wconf 91' lang='lat'>,</span> <span class='ocrx_word' id='word_1_189' title='bbox 562 2626 793 2680; x_wconf 83' lang='lat' dir='ltr'>excitare</span> <span class='ocrx_word' id='word_1_190' title='bbox 812 2665 827 2690; x_wconf 91' lang='lat'>,</span> <span class='ocrx_word' id='word_1_191' title='bbox 846 2638 1043 2676; x_wconf 82' lang='lat' dir='ltr'>norunt</span> <span class='ocrx_word' id='word_1_192' title='bbox 1056 2663 1071 2688; x_wconf 89' lang='lat'><strong>,</strong></span> <span class='ocrx_word' id='word_1_193' title='bbox 1091 2624 1185 2696; x_wconf 84' lang='lat' dir='ltr'>qui</span> <span class='ocrx_word' id='word_1_194' title='bbox 1202 2623 1342 2676; x_wconf 79' lang='lat' dir='ltr'>vide·</span> 
     </span>
     <span class='ocr_line' id='line_1_29' title="bbox 316 2701 1351 2760; baseline -0.007 0"><span class='ocrx_word' id='word_1_195' title='bbox 316 2719 465 2760; x_wconf 82' lang='lat' dir='ltr'>runt.</span> <span class='ocrx_word' id='word_1_196' title='bbox 516 2705 920 2758; x_wconf 79' lang='lat' dir='ltr'>cataractarum</span> <span class='ocrx_word' id='word_1_197' title='bbox 970 2702 1075 2755; x_wconf 88' lang='lat' dir='ltr'>Nili</span> <span class='ocrx_word' id='word_1_198' title='bbox 1114 2701 1351 2756; x_wconf 84' lang='lat' dir='ltr'>meminit</span> 
     </span>
     <span class='ocr_line' id='line_1_30' title="bbox 319 2780 1346 2848; baseline -0.006 -8"><span class='ocrx_word' id='word_1_199' title='bbox 319 2786 601 2846; x_wconf 81' lang='lat' dir='ltr'>Lucanus,</span> <span class='ocrx_word' id='word_1_200' title='bbox 643 2783 695 2834; x_wconf 86' lang='lat' dir='ltr'>X</span> <span class='ocrx_word' id='word_1_201' title='bbox 717 2820 733 2844; x_wconf 91' lang='lat'>‚</span> <span class='ocrx_word' id='word_1_202' title='bbox 778 2783 910 2844; x_wconf 76' lang='lat'>3183</span> <span class='ocrx_word' id='word_1_203' title='bbox 952 2795 1006 2834; x_wconf 86' lang='lat' dir='ltr'>et</span> <span class='ocrx_word' id='word_1_204' title='bbox 1041 2780 1109 2834; x_wconf 87' lang='lat' dir='ltr'>de</span> <span class='ocrx_word' id='word_1_205' title='bbox 1139 2782 1346 2848; x_wconf 78' lang='lat' dir='ltr'>Pence,</span> 
     </span>
     <span class='ocr_line' id='line_1_31' title="bbox 320 2859 1352 2929; baseline -0.005 -11"><span class='ocrx_word' id='word_1_206' title='bbox 320 2865 483 2918; x_wconf 76' lang='lat' dir='ltr'>fluvio</span> <span class='ocrx_word' id='word_1_207' title='bbox 502 2861 820 2929; x_wconf 66' lang='lat' dir='ltr'>Thessalia,</span> <span class='ocrx_word' id='word_1_208' title='bbox 849 2859 1013 2914; x_wconf 84' lang='lat' dir='ltr'>Ovid.</span> <span class='ocrx_word' id='word_1_209' title='bbox 1042 2861 1261 2914; x_wconf 84' lang='lat' dir='ltr'>Metam.</span> <span class='ocrx_word' id='word_1_210' title='bbox 1289 2861 1318 2913; x_wconf 94' lang='lat'>1</span> <span class='ocrx_word' id='word_1_211' title='bbox 1335 2900 1352 2925; x_wconf 90' lang='lat'><strong>,</strong></span> 
     </span>
     <span class='ocr_line' id='line_1_32' title="bbox 322 2939 1355 3016; baseline -0.006 -17"><span class='ocrx_word' id='word_1_212' title='bbox 322 2946 424 3016; x_wconf 78' lang='lat'>571</span> <span class='ocrx_word' id='word_1_213' title='bbox 446 2963 463 2995; x_wconf 66' lang='grc' dir='ltr'><em>ε</em></span> <span class='ocrx_word' id='word_1_214' title='bbox 488 2943 851 3015; x_wconf 74' lang='lat' dir='ltr'>«Deiectuque</span> <span class='ocrx_word' id='word_1_215' title='bbox 869 2939 1021 3010; x_wconf 79' lang='lat' dir='ltr'>gravi</span> <span class='ocrx_word' id='word_1_216' title='bbox 1038 2952 1225 2994; x_wconf 84' lang='lat' dir='ltr'>tenues</span> <span class='ocrx_word' id='word_1_217' title='bbox 1245 2940 1355 3012; x_wconf 85' lang='lat' dir='ltr'>agi·</span> 
     </span>
     <span class='ocr_line' id='line_1_33' title="bbox 322 3018 1357 3084; baseline -0.005 -6"><span class='ocrx_word' id='word_1_218' title='bbox 322 3024 485 3078; x_wconf 81' lang='lat' dir='ltr'>tantia</span> <span class='ocrx_word' id='word_1_219' title='bbox 506 3024 685 3076; x_wconf 80' lang='lat' dir='ltr'>fumos</span> <span class='ocrx_word' id='word_1_220' title='bbox 699 3020 895 3074; x_wconf 78' lang='lat' dir='ltr'>Nubila</span> <span class='ocrx_word' id='word_1_221' title='bbox 914 3018 1167 3074; x_wconf 85' lang='lat' dir='ltr'>conducit</span> <span class='ocrx_word' id='word_1_222' title='bbox 1182 3057 1199 3084; x_wconf 92' lang='lat'><strong><em>‚</em></strong></span> <span class='ocrx_word' id='word_1_223' title='bbox 1220 3039 1357 3074; x_wconf 88' lang='lat' dir='ltr'>sum-</span> 
     </span>
     <span class='ocr_line' id='line_1_34' title="bbox 322 3099 1355 3175; baseline -0.005 -18"><span class='ocrx_word' id='word_1_224' title='bbox 322 3120 545 3175; x_wconf 82' lang='lat' dir='ltr'>masque</span> <span class='ocrx_word' id='word_1_225' title='bbox 581 3101 861 3171; x_wconf 75' lang='lat' dir='ltr'>aspergine</span> <span class='ocrx_word' id='word_1_226' title='bbox 905 3099 1062 3152; x_wconf 78' lang='lat' dir='ltr'>silvas</span> <span class='ocrx_word' id='word_1_227' title='bbox 1104 3100 1324 3172; x_wconf 87' lang='lat' dir='ltr'>Impluit</span> <span class='ocrx_word' id='word_1_228' title='bbox 1338 3137 1355 3163; x_wconf 87' lang='lat'><em>,</em></span> 
     </span>
     <span class='ocr_line' id='line_1_35' title="bbox 324 3179 1356 3251; baseline -0.006 -14"><span class='ocrx_word' id='word_1_229' title='bbox 324 3194 383 3238; x_wconf 85' lang='lat' dir='ltr'>et</span> <span class='ocrx_word' id='word_1_230' title='bbox 404 3180 581 3235; x_wconf 81' lang='lat' dir='ltr'>sonitu</span> <span class='ocrx_word' id='word_1_231' title='bbox 598 3179 717 3251; x_wconf 81' lang='lat' dir='ltr'>plus</span> <span class='ocrx_word' id='word_1_232' title='bbox 742 3197 906 3250; x_wconf 87' lang='lat' dir='ltr'>quam</span> <span class='ocrx_word' id='word_1_233' title='bbox 925 3179 1096 3232; x_wconf 83' lang='lat' dir='ltr'>vicina</span> <span class='ocrx_word' id='word_1_234' title='bbox 1120 3179 1295 3251; x_wconf 76' lang='lat' dir='ltr'>fatigat</span> <span class='ocrx_word' id='word_1_235' title='bbox 1315 3205 1356 3231; x_wconf 70' lang='lat' dir='ltr'>a.</span> 
     </span>
     <span class='ocr_line' id='line_1_36' title="bbox 324 3257 1357 3331; baseline 0 -21"><span class='ocrx_word' id='word_1_236' title='bbox 324 3261 530 3314; x_wconf 79' lang='lat' dir='ltr'>...Vid.</span> <span class='ocrx_word' id='word_1_237' title='bbox 546 3271 689 3313; x_wconf 80' lang='lat' dir='ltr'>nost.</span> <span class='ocrx_word' id='word_1_238' title='bbox 704 3257 863 3312; x_wconf 78' lang='lat' dir='ltr'>Ovid.</span> <span class='ocrx_word' id='word_1_239' title='bbox 878 3269 918 3310; x_wconf 90' lang='lat' dir='ltr'>t.</span> <span class='ocrx_word' id='word_1_240' title='bbox 936 3259 1041 3321; x_wconf 87' lang='lat'>111,</span> <span class='ocrx_word' id='word_1_241' title='bbox 1061 3278 1115 3331; x_wconf 88' lang='lat' dir='ltr'>p.</span> <span class='ocrx_word' id='word_1_242' title='bbox 1132 3279 1155 3311; x_wconf 87' lang='lat'>1</span> <span class='ocrx_word' id='word_1_243' title='bbox 1167 3259 1357 3324; x_wconf 72' lang='lat' dir='ltr'>14.En.</span> 
     </span>
    </p>

    <p class='ocr_par' dir='ltr' id='par_1_12' title="bbox 326 3337 1363 3653">
     <span class='ocr_line' id='line_1_37' title="bbox 402 3337 1361 3410; baseline -0.005 -15"><span class='ocrx_word' id='word_1_244' title='bbox 402 3341 799 3398; x_wconf 78' lang='lat' dir='ltr'>306.Proruere,</span> <span class='ocrx_word' id='word_1_245' title='bbox 822 3339 1172 3410; x_wconf 85' lang='lat' dir='ltr'>procumbere</span> <span class='ocrx_word' id='word_1_246' title='bbox 1191 3349 1243 3391; x_wconf 85' lang='lat' dir='ltr'>et</span> <span class='ocrx_word' id='word_1_247' title='bbox 1256 3337 1361 3390; x_wconf 89' lang='lat' dir='ltr'>col·</span> 
     </span>
     <span class='ocr_line' id='line_1_38' title="bbox 326 3417 1363 3489; baseline -0.008 -12"><span class='ocrx_word' id='word_1_248' title='bbox 326 3421 461 3477; x_wconf 76' lang='lat' dir='ltr'>hbi.</span> <span class='ocrx_word' id='word_1_249' title='bbox 501 3421 646 3474; x_wconf 86' lang='lat' dir='ltr'>Ven.</span> <span class='ocrx_word' id='word_1_250' title='bbox 684 3417 860 3489; x_wconf 81' lang='lat' dir='ltr'>Lugd.</span> <span class='ocrx_word' id='word_1_251' title='bbox 900 3429 951 3470; x_wconf 87' lang='lat' dir='ltr'>et</span> <span class='ocrx_word' id='word_1_252' title='bbox 988 3417 1118 3489; x_wconf 82' lang='lat' dir='ltr'>Hag.</span> <span class='ocrx_word' id='word_1_253' title='bbox 1163 3418 1363 3471; x_wconf 81' lang='lat' dir='ltr'>habent</span> 
     </span>
     <span class='ocr_line' id='line_1_39' title="bbox 328 3495 1363 3569; baseline -0.004 -15"><span class='ocrx_word' id='word_1_254' title='bbox 328 3503 627 3560; x_wconf 66' lang='lat' dir='ltr'>provehere,</span> <span class='ocrx_word' id='word_1_255' title='bbox 651 3495 798 3569; x_wconf 89' lang='lat' dir='ltr'>quod</span> <span class='ocrx_word' id='word_1_256' title='bbox 824 3497 999 3550; x_wconf 79' lang='lat' dir='ltr'>sensui</span> <span class='ocrx_word' id='word_1_257' title='bbox 1018 3515 1126 3549; x_wconf 87' lang='lat' dir='ltr'>non</span> <span class='ocrx_word' id='word_1_258' title='bbox 1148 3507 1227 3550; x_wconf 88' lang='lat' dir='ltr'>est</span> <span class='ocrx_word' id='word_1_259' title='bbox 1244 3515 1363 3551; x_wconf 88' lang='lat' dir='ltr'>cou-</span> 
     </span>
     <span class='ocr_line' id='line_1_40' title="bbox 327 3576 1125 3653; baseline -0.006 -19"><span class='ocrx_word' id='word_1_260' title='bbox 327 3599 527 3653; x_wconf 74' lang='lat' dir='ltr'>gruum</span> <span class='ocrx_word' id='word_1_261' title='bbox 542 3617 559 3642; x_wconf 90' lang='lat'><strong>,</strong></span> <span class='ocrx_word' id='word_1_262' title='bbox 580 3578 703 3632; x_wconf 87' lang='lat' dir='ltr'>licet</span> <span class='ocrx_word' id='word_1_263' title='bbox 732 3576 966 3648; x_wconf 83' lang='lat' dir='ltr'>Scaliger</span> <span class='ocrx_word' id='word_1_264' title='bbox 980 3578 1125 3630; x_wconf 76' lang='lat' dir='ltr'>velit.</span> 
     </span>
    </p>

    <p class='ocr_par' dir='ltr' id='par_1_13' title="bbox 326 3655 1375 4200">
     <span class='ocr_line' id='line_1_41' title="bbox 406 3655 1364 3729; baseline -0.003 -16"><span class='ocrx_word' id='word_1_265' title='bbox 406 3661 527 3729; x_wconf 83' lang='grc'><strong>307.</strong></span> <span class='ocrx_word' id='word_1_266' title='bbox 538 3659 831 3726; x_wconf 80' lang='lat' dir='ltr'>Impellique</span> <span class='ocrx_word' id='word_1_267' title='bbox 846 3660 1038 3708; x_wconf 68' lang='lat' dir='ltr'>aninum</span> <span class='ocrx_word' id='word_1_268' title='bbox 1051 3695 1066 3716; x_wconf 92' lang='lat'><em>,</em></span> <span class='ocrx_word' id='word_1_269' title='bbox 1088 3655 1171 3710; x_wconf 82' lang='lat' dir='ltr'>vel</span> <span class='ocrx_word' id='word_1_270' title='bbox 1186 3673 1364 3720; x_wconf 84' lang='lat' dir='ltr'>auras,</span> 
     </span>
     <span class='ocr_line' id='line_1_42' title="bbox 330 3733 1364 3808; baseline -0.004 -16"><span class='ocrx_word' id='word_1_271' title='bbox 330 3748 395 3792; x_wconf 83' lang='lat' dir='ltr'>ut</span> <span class='ocrx_word' id='word_1_272' title='bbox 426 3755 589 3792; x_wconf 81' lang='lat' dir='ltr'>versu</span> <span class='ocrx_word' id='word_1_273' title='bbox 625 3739 730 3804; x_wconf 76' lang='lat'>296</span> <span class='ocrx_word' id='word_1_274' title='bbox 770 3733 921 3788; x_wconf 85' lang='lat' dir='ltr'>dixit.</span> <span class='ocrx_word' id='word_1_275' title='bbox 961 3737 1241 3808; x_wconf 71' lang='lat' dir='ltr'>perperam</span> <span class='ocrx_word' id='word_1_276' title='bbox 1275 3735 1364 3788; x_wconf 87' lang='lat' dir='ltr'>hic</span> 
     </span>
     <span class='ocr_line' id='line_1_43' title="bbox 326 3814 1369 3889; baseline -0.002 -19"><span class='ocrx_word' id='word_1_277' title='bbox 326 3817 569 3889; x_wconf 82' lang='lat' dir='ltr'>Scaliger</span> <span class='ocrx_word' id='word_1_278' title='bbox 590 3819 752 3866; x_wconf 80' lang='lat' dir='ltr'>minas</span> <span class='ocrx_word' id='word_1_279' title='bbox 776 3814 1141 3887; x_wconf 81' lang='lat' dir='ltr'>reponendum</span> <span class='ocrx_word' id='word_1_280' title='bbox 1170 3827 1369 3879; x_wconf 84' lang='lat' dir='ltr'>censet,</span> 
     </span>
     <span class='ocr_line' id='line_1_44' title="bbox 330 3893 1372 3967; baseline -0.003 -16"><span class='ocrx_word' id='word_1_281' title='bbox 330 3909 389 3951; x_wconf 81' lang='lat' dir='ltr'>et</span> <span class='ocrx_word' id='word_1_282' title='bbox 404 3897 581 3950; x_wconf 84' lang='lat' dir='ltr'>minas</span> <span class='ocrx_word' id='word_1_283' title='bbox 592 3894 775 3949; x_wconf 82' lang='lat' dir='ltr'>vocari</span> <span class='ocrx_word' id='word_1_284' title='bbox 794 3893 865 3945; x_wconf 87' lang='lat' dir='ltr'>ait</span> <span class='ocrx_word' id='word_1_285' title='bbox 879 3932 893 3956; x_wconf 91' lang='lat'>,</span> <span class='ocrx_word' id='word_1_286' title='bbox 913 3913 1033 3967; x_wconf 68' lang='lat' dir='ltr'>quo</span> <span class='ocrx_word' id='word_1_287' title='bbox 1050 3894 1233 3967; x_wconf 86' lang='lat' dir='ltr'>paullo</span> <span class='ocrx_word' id='word_1_288' title='bbox 1252 3908 1372 3948; x_wconf 89' lang='lat' dir='ltr'>aute</span> 
     </span>
     <span class='ocr_line' id='line_1_45' title="bbox 330 3971 1375 4030; baseline -0.003 -1"><span class='ocrx_word' id='word_1_289' title='bbox 330 3980 575 4030; x_wconf 74' lang='lat' dir='ltr'>momina.</span> <span class='ocrx_word' id='word_1_290' title='bbox 619 3975 759 4028; x_wconf 80' lang='lat' dir='ltr'>Nam</span> <span class='ocrx_word' id='word_1_291' title='bbox 780 3971 849 4026; x_wconf 83' lang='lat' dir='ltr'>de</span> <span class='ocrx_word' id='word_1_292' title='bbox 871 3973 1221 4027; x_wconf 85' lang='lat' dir='ltr'>concitatione</span> <span class='ocrx_word' id='word_1_293' title='bbox 1246 3993 1375 4027; x_wconf 82' lang='lat' dir='ltr'>ven-</span> 
     </span>
     <span class='ocr_line' id='line_1_46' title="bbox 331 4051 1375 4124; baseline -0.002 -15"><span class='ocrx_word' id='word_1_294' title='bbox 331 4057 379 4109; x_wconf 86' lang='lat' dir='ltr'>ti</span> <span class='ocrx_word' id='word_1_295' title='bbox 397 4074 575 4110; x_wconf 86' lang='lat' dir='ltr'>sermo</span> <span class='ocrx_word' id='word_1_296' title='bbox 596 4064 694 4106; x_wconf 82' lang='lat' dir='ltr'>est.</span> <span class='ocrx_word' id='word_1_297' title='bbox 716 4052 818 4104; x_wconf 85' lang='lat' dir='ltr'>Cui</span> <span class='ocrx_word' id='word_1_298' title='bbox 838 4051 915 4108; x_wconf 82' lang='lat' dir='ltr'>rei</span> <span class='ocrx_word' id='word_1_299' title='bbox 936 4051 1285 4124; x_wconf 63' lang='lat' dir='ltr'>intelligenda</span> <span class='ocrx_word' id='word_1_300' title='bbox 1304 4053 1375 4106; x_wconf 84' lang='lat' dir='ltr'>in·</span> 
     </span>
     <span class='ocr_line' id='line_1_47' title="bbox 332 4129 1369 4200; baseline -0.003 -11"><span class='ocrx_word' id='word_1_301' title='bbox 332 4135 495 4189; x_wconf 80' lang='lat' dir='ltr'>servit</span> <span class='ocrx_word' id='word_1_302' title='bbox 512 4135 670 4188; x_wconf 87' lang='lat' dir='ltr'>locus</span> <span class='ocrx_word' id='word_1_303' title='bbox 686 4129 823 4184; x_wconf 84' lang='lat' dir='ltr'>Plin.</span> <span class='ocrx_word' id='word_1_304' title='bbox 838 4131 933 4183; x_wconf 87' lang='lat' dir='ltr'>lib.</span> <span class='ocrx_word' id='word_1_305' title='bbox 952 4131 1213 4200; x_wconf 82' lang='lat' dir='ltr'><strong>xxxm,</strong></span> <span class='ocrx_word' id='word_1_306' title='bbox 1234 4151 1284 4186; x_wconf 91' lang='lat' dir='ltr'>c.</span> <span class='ocrx_word' id='word_1_307' title='bbox 1308 4140 1369 4198; x_wconf 71' lang='lat'>4:</span> 
     </span>
    </p>
   </div>
   <div class='ocr_carea' id='block_1_10' title="bbox 1427 2069 2530 3392">
    <p class='ocr_par' dir='ltr' id='par_1_14' title="bbox 1427 2069 2530 2520">
     <span class='ocr_line' id='line_1_48' title="bbox 1427 2069 2445 2125; baseline 0.001 -1"><span class='ocrx_word' id='word_1_308' title='bbox 1427 2069 1696 2124; x_wconf 85' lang='lat' dir='ltr'>dationem</span> <span class='ocrx_word' id='word_1_309' title='bbox 1719 2070 2009 2123; x_wconf 76' lang='lat' dir='ltr'>Gronovii:</span> <span class='ocrx_word' id='word_1_310' title='bbox 2039 2097 2064 2116; x_wconf 67' lang='lat' dir='ltr'>a</span> <span class='ocrx_word' id='word_1_311' title='bbox 2090 2069 2214 2123; x_wconf 86' lang='lat' dir='ltr'>hinc</span> <span class='ocrx_word' id='word_1_312' title='bbox 2236 2088 2445 2125; x_wconf 81' lang='lat' dir='ltr'>carcere</span> 
     </span>
     <span class='ocr_line' id='line_1_49' title="bbox 1430 2149 2442 2215; baseline 0.003 -15"><span class='ocrx_word' id='word_1_313' title='bbox 1430 2159 1640 2214; x_wconf 79' lang='lat' dir='ltr'>ventos,</span> <span class='ocrx_word' id='word_1_314' title='bbox 1677 2151 1783 2202; x_wconf 80' lang='lat' dir='ltr'>Aut</span> <span class='ocrx_word' id='word_1_315' title='bbox 1811 2149 2035 2203; x_wconf 88' lang='lat' dir='ltr'>humore</span> <span class='ocrx_word' id='word_1_316' title='bbox 2063 2149 2222 2202; x_wconf 87' lang='lat' dir='ltr'>etiam</span> <span class='ocrx_word' id='word_1_317' title='bbox 2243 2191 2259 2215; x_wconf 84' lang='lat'>,</span> <span class='ocrx_word' id='word_1_318' title='bbox 2287 2163 2389 2206; x_wconf 72' lang='lat' dir='ltr'>etc.</span> <span class='ocrx_word' id='word_1_319' title='bbox 2419 2177 2442 2195; x_wconf 74' lang='grc' dir='ltr'>ι</span> 
     </span>
     <span class='ocr_line' id='line_1_50' title="bbox 1429 2221 2530 2302; baseline 0.003 -23"><span class='ocrx_word' id='word_1_320' title='bbox 1429 2226 1482 2279; x_wconf 83' lang='lat' dir='ltr'>h.</span> <span class='ocrx_word' id='word_1_321' title='bbox 1511 2247 1555 2282; x_wconf 82' lang='lat' dir='ltr'>e.</span> <span class='ocrx_word' id='word_1_322' title='bbox 1591 2229 1718 2282; x_wconf 87' lang='lat' dir='ltr'>hinc</span> <span class='ocrx_word' id='word_1_323' title='bbox 1746 2221 2080 2302; x_wconf 84' lang='lat' dir='ltr'>diffugientes</span> <span class='ocrx_word' id='word_1_324' title='bbox 2114 2228 2228 2282; x_wconf 83' lang='lat' dir='ltr'>illas</span> <span class='ocrx_word' id='word_1_325' title='bbox 2257 2229 2448 2301; x_wconf 88' lang='lat' dir='ltr'>impul·</span> <span class='ocrx_word' id='word_1_326' title='bbox 2517 2254 2530 2268; x_wconf 94' lang='lat'><strong>·</strong></span> 
     </span>
     <span class='ocr_line' id='line_1_51' title="bbox 1430 2307 2452 2379; baseline 0 -17"><span class='ocrx_word' id='word_1_327' title='bbox 1430 2325 1620 2379; x_wconf 75' lang='lat' dir='ltr'>sasque</span> <span class='ocrx_word' id='word_1_328' title='bbox 1646 2307 1849 2362; x_wconf 82' lang='lat' dir='ltr'>animas</span> <span class='ocrx_word' id='word_1_329' title='bbox 1867 2347 1884 2374; x_wconf 90' lang='lat'><strong>‚</strong></span> <span class='ocrx_word' id='word_1_330' title='bbox 1913 2322 2005 2362; x_wconf 87' lang='lat' dir='ltr'>aut</span> <span class='ocrx_word' id='word_1_331' title='bbox 2040 2327 2247 2363; x_wconf 85' lang='lat' dir='ltr'>carcere</span> <span class='ocrx_word' id='word_1_332' title='bbox 2277 2311 2452 2364; x_wconf 78' lang='lat' dir='ltr'>effun-</span> 
     </span>
     <span class='ocr_line' id='line_1_52' title="bbox 1431 2384 2451 2456; baseline 0.005 -19"><span class='ocrx_word' id='word_1_333' title='bbox 1431 2385 1557 2438; x_wconf 88' lang='lat' dir='ltr'>dere</span> <span class='ocrx_word' id='word_1_334' title='bbox 1585 2395 1766 2442; x_wconf 81' lang='lat' dir='ltr'>ventos</span> <span class='ocrx_word' id='word_1_335' title='bbox 1787 2429 1804 2456; x_wconf 86' lang='lat'><strong>,</strong></span> <span class='ocrx_word' id='word_1_336' title='bbox 1833 2402 1924 2443; x_wconf 86' lang='lat' dir='ltr'>aut</span> <span class='ocrx_word' id='word_1_337' title='bbox 1955 2387 2198 2442; x_wconf 86' lang='lat' dir='ltr'>humidas</span> <span class='ocrx_word' id='word_1_338' title='bbox 2229 2384 2451 2444; x_wconf 73' lang='lat' dir='ltr'>nebulas</span> 
     </span>
     <span class='ocr_line' id='line_1_53' title="bbox 1431 2464 1698 2520; baseline 0.007 -2"><span class='ocrx_word' id='word_1_339' title='bbox 1431 2464 1698 2520; x_wconf 84' lang='lat' dir='ltr'>exhalare.</span> 
     </span>
    </p>

    <p class='ocr_par' dir='ltr' id='par_1_15' title="bbox 1434 2545 2454 2838">
     <span class='ocr_line' id='line_1_54' title="bbox 1503 2545 2454 2619; baseline 0.005 -23"><span class='ocrx_word' id='word_1_340' title='bbox 1503 2545 1620 2598; x_wconf 84' lang='lat'><strong>308.</strong></span> <span class='ocrx_word' id='word_1_341' title='bbox 1667 2551 1774 2598; x_wconf 81' lang='lat' dir='ltr'>Aut</span> <span class='ocrx_word' id='word_1_342' title='bbox 1811 2549 2012 2598; x_wconf 71' lang='lat' dir='ltr'>humore</span> <span class='ocrx_word' id='word_1_343' title='bbox 2045 2546 2227 2619; x_wconf 75' lang='lat' dir='ltr'>legunt</span> <span class='ocrx_word' id='word_1_344' title='bbox 2268 2567 2454 2601; x_wconf 80' lang='lat' dir='ltr'>omnes</span> 
     </span>
     <span class='ocr_line' id='line_1_55' title="bbox 1434 2623 2451 2696; baseline 0.003 -19"><span class='ocrx_word' id='word_1_345' title='bbox 1434 2623 1649 2696; x_wconf 82' lang='lat' dir='ltr'>antiqui.</span> <span class='ocrx_word' id='word_1_346' title='bbox 1669 2625 1915 2678; x_wconf 87' lang='lat' dir='ltr'>Gorallus</span> <span class='ocrx_word' id='word_1_347' title='bbox 1933 2627 2200 2679; x_wconf 72' lang='lat' dir='ltr'>sententiae</span> <span class='ocrx_word' id='word_1_348' title='bbox 2219 2645 2324 2680; x_wconf 66' lang='lat' dir='ltr'>sum</span> <span class='ocrx_word' id='word_1_349' title='bbox 2342 2646 2451 2680; x_wconf 84' lang='lat' dir='ltr'>ser-</span> 
     </span>
     <span class='ocr_line' id='line_1_56' title="bbox 1436 2701 2454 2768; baseline 0.004 -11"><span class='ocrx_word' id='word_1_350' title='bbox 1436 2703 1588 2758; x_wconf 82' lang='lat' dir='ltr'>viens</span> <span class='ocrx_word' id='word_1_351' title='bbox 1607 2706 1831 2759; x_wconf 74' lang='lat' dir='ltr'>mutavit</span> <span class='ocrx_word' id='word_1_352' title='bbox 1850 2705 1906 2758; x_wconf 88' lang='lat' dir='ltr'>in</span> <span class='ocrx_word' id='word_1_353' title='bbox 1932 2708 2098 2768; x_wconf 77' lang='lat' dir='ltr'>haud,</span> <span class='ocrx_word' id='word_1_354' title='bbox 2125 2705 2216 2759; x_wconf 83' lang='lat' dir='ltr'>sed</span> <span class='ocrx_word' id='word_1_355' title='bbox 2243 2701 2454 2761; x_wconf 86' lang='lat' dir='ltr'>Grono-</span> 
     </span>
     <span class='ocr_line' id='line_1_57' title="bbox 1436 2784 1857 2838; baseline 0.007 -4"><span class='ocrx_word' id='word_1_356' title='bbox 1436 2784 1552 2836; x_wconf 79' lang='lat' dir='ltr'>vius</span> <span class='ocrx_word' id='word_1_357' title='bbox 1577 2785 1857 2838; x_wconf 80' lang='lat' dir='ltr'>revocavit.</span> 
     </span>
    </p>

    <p class='ocr_par' dir='ltr' id='par_1_16' title="bbox 1442 2863 2456 3014">
     <span class='ocr_line' id='line_1_58' title="bbox 1514 2863 2456 2934; baseline 0.001 -17"><span class='ocrx_word' id='word_1_358' title='bbox 1514 2865 1637 2934; x_wconf 85' lang='lat'><strong>309.</strong></span> <span class='ocrx_word' id='word_1_359' title='bbox 1671 2869 1736 2916; x_wconf 80' lang='lat' dir='ltr'>Ue</span> <span class='ocrx_word' id='word_1_360' title='bbox 1774 2867 1958 2933; x_wconf 73' lang='lat' dir='ltr'>campis</span> <span class='ocrx_word' id='word_1_361' title='bbox 2001 2863 2228 2932; x_wconf 69' lang='lat' dir='ltr'>agrisque</span> <span class='ocrx_word' id='word_1_362' title='bbox 2273 2868 2456 2922; x_wconf 80' lang='lat' dir='ltr'>solent,</span> 
     </span>
     <span class='ocr_line' id='line_1_59' title="bbox 1442 2942 2300 3014; baseline -0.001 -18"><span class='ocrx_word' id='word_1_363' title='bbox 1442 2963 1515 2997; x_wconf 85' lang='lat' dir='ltr'>sc.</span> <span class='ocrx_word' id='word_1_364' title='bbox 1543 2948 1761 3014; x_wconf 76' lang='lat' dir='ltr'>impulsa·</span> <span class='ocrx_word' id='word_1_365' title='bbox 1781 2943 1882 2996; x_wconf 78' lang='lat' dir='ltr'>illae</span> <span class='ocrx_word' id='word_1_366' title='bbox 1903 2947 2082 2996; x_wconf 83' lang='lat' dir='ltr'>animae</span> <span class='ocrx_word' id='word_1_367' title='bbox 2100 2962 2154 2995; x_wconf 78' lang='lat' dir='ltr'>v.</span> <span class='ocrx_word' id='word_1_368' title='bbox 2182 2942 2300 3014; x_wconf 84' lang='grc'><strong>307.</strong></span> 
     </span>
    </p>

    <p class='ocr_par' dir='ltr' id='par_1_17' title="bbox 1444 3019 2473 3392">
     <span class='ocr_line' id='line_1_60' title="bbox 1515 3019 2466 3092; baseline -0.002 -16"><span class='ocrx_word' id='word_1_369' title='bbox 1515 3024 1635 3077; x_wconf 80' lang='lat'><strong>310.</strong></span> <span class='ocrx_word' id='word_1_370' title='bbox 1669 3027 1890 3092; x_wconf 74' lang='lat' dir='ltr'>Caligat,</span> <span class='ocrx_word' id='word_1_371' title='bbox 1922 3019 2118 3075; x_wconf 75' lang='lat' dir='ltr'>densus</span> <span class='ocrx_word' id='word_1_372' title='bbox 2135 3032 2187 3074; x_wconf 87' lang='lat' dir='ltr'>et</span> <span class='ocrx_word' id='word_1_373' title='bbox 2210 3023 2466 3075; x_wconf 82' lang='lat' dir='ltr'>obscurus</span> 
     </span>
     <span class='ocr_line' id='line_1_61' title="bbox 1444 3099 2459 3172; baseline -0.001 -17"><span class='ocrx_word' id='word_1_374' title='bbox 1444 3114 1524 3156; x_wconf 89' lang='lat' dir='ltr'>est</span> <span class='ocrx_word' id='word_1_375' title='bbox 1543 3142 1558 3167; x_wconf 86' lang='lat'><strong>,</strong></span> <span class='ocrx_word' id='word_1_376' title='bbox 1582 3113 1641 3154; x_wconf 86' lang='lat' dir='ltr'>ut</span> <span class='ocrx_word' id='word_1_377' title='bbox 1661 3102 1823 3155; x_wconf 89' lang='lat' dir='ltr'>habet</span> <span class='ocrx_word' id='word_1_378' title='bbox 1841 3099 2032 3172; x_wconf 81' lang='lat' dir='ltr'>Virgil.</span> <span class='ocrx_word' id='word_1_379' title='bbox 2059 3103 2180 3153; x_wconf 83' lang='lat' dir='ltr'>AEn.</span> <span class='ocrx_word' id='word_1_380' title='bbox 2203 3101 2258 3152; x_wconf 91' lang='lat'>11</span> <span class='ocrx_word' id='word_1_381' title='bbox 2277 3139 2293 3164; x_wconf 90' lang='lat'>‚</span> <span class='ocrx_word' id='word_1_382' title='bbox 2323 3103 2459 3172; x_wconf 83' lang='lat'>607:</span> 
     </span>
     <span class='ocr_line' id='line_1_62' title="bbox 1446 3179 2463 3254; baseline 0.001 -21"><span class='ocrx_word' id='word_1_383' title='bbox 1446 3207 1473 3227; x_wconf 73' lang='grc' dir='ltr'><strong>α</strong></span> <span class='ocrx_word' id='word_1_384' title='bbox 1496 3198 1718 3252; x_wconf 70' lang='lat' dir='ltr'>quaeque</span> <span class='ocrx_word' id='word_1_385' title='bbox 1748 3179 1967 3234; x_wconf 83' lang='lat' dir='ltr'>humida</span> <span class='ocrx_word' id='word_1_386' title='bbox 2006 3182 2207 3234; x_wconf 85' lang='lat' dir='ltr'>circum</span> <span class='ocrx_word' id='word_1_387' title='bbox 2235 3181 2463 3254; x_wconf 57' lang='lat' dir='ltr'>Caliga,</span> 
     </span>
     <span class='ocr_line' id='line_1_63' title="bbox 1444 3257 2473 3332; baseline 0.001 -20"><span class='ocrx_word' id='word_1_388' title='bbox 1444 3260 1647 3314; x_wconf 86' lang='lat' dir='ltr'>nubem</span> <span class='ocrx_word' id='word_1_389' title='bbox 1695 3260 1911 3332; x_wconf 85' lang='lat' dir='ltr'>eripiam</span> <span class='ocrx_word' id='word_1_390' title='bbox 1937 3287 1986 3315; x_wconf 73' lang='lat' dir='ltr'>a.</span> <span class='ocrx_word' id='word_1_391' title='bbox 2025 3257 2248 3315; x_wconf 80' lang='lat' dir='ltr'>Helmst.</span> <span class='ocrx_word' id='word_1_392' title='bbox 2285 3265 2473 3332; x_wconf 73' lang='lat' dir='ltr'>caligae</span> 
     </span>
     <span class='ocr_line' id='line_1_64' title="bbox 1448 3341 1670 3392; baseline 0.009 -2"><span class='ocrx_word' id='word_1_393' title='bbox 1448 3341 1670 3392; x_wconf 77' lang='lat' dir='ltr'>nubibus.</span> 
     </span>
    </p>
   </div>
   <div class='ocr_carea' id='block_1_11' title="bbox 1450 3419 2479 4205">
    <p class='ocr_par' dir='ltr' id='par_1_18' title="bbox 1450 3419 2479 4205">
     <span class='ocr_line' id='line_1_65' title="bbox 1522 3419 2471 3480; baseline -0.001 -9"><span class='ocrx_word' id='word_1_394' title='bbox 1522 3419 1643 3471; x_wconf 84' lang='lat'>311.</span> <span class='ocrx_word' id='word_1_395' title='bbox 1679 3423 1860 3470; x_wconf 76' lang='lat' dir='ltr'>Ferunt</span> <span class='ocrx_word' id='word_1_396' title='bbox 1899 3439 2076 3480; x_wconf 73' lang='lat' dir='ltr'>arctas,</span> <span class='ocrx_word' id='word_1_397' title='bbox 2125 3420 2374 3472; x_wconf 85' lang='lat' dir='ltr'>emittunt</span> <span class='ocrx_word' id='word_1_398' title='bbox 2420 3433 2471 3472; x_wconf 77' lang='lat' dir='ltr'>et</span> 
     </span>
     <span class='ocr_line' id='line_1_66' title="bbox 1450 3498 2470 3562; baseline 0.003 -13"><span class='ocrx_word' id='word_1_399' title='bbox 1450 3514 1630 3550; x_wconf 88' lang='lat' dir='ltr'>secum</span> <span class='ocrx_word' id='word_1_400' title='bbox 1654 3498 1882 3562; x_wconf 79' lang='lat' dir='ltr'>vehunt3</span> <span class='ocrx_word' id='word_1_401' title='bbox 1920 3498 2029 3552; x_wconf 81' lang='lat' dir='ltr'>vid.</span> <span class='ocrx_word' id='word_1_402' title='bbox 2055 3512 2166 3551; x_wconf 88' lang='lat' dir='ltr'>not.</span> <span class='ocrx_word' id='word_1_403' title='bbox 2189 3498 2259 3552; x_wconf 91' lang='lat' dir='ltr'>ad</span> <span class='ocrx_word' id='word_1_404' title='bbox 2277 3519 2327 3550; x_wconf 88' lang='lat' dir='ltr'>v.</span> <span class='ocrx_word' id='word_1_405' title='bbox 2354 3500 2470 3552; x_wconf 84' lang='lat'>183.</span> 
     </span>
     <span class='ocr_line' id='line_1_67' title="bbox 1450 3577 2474 3648; baseline -0.001 -17"><span class='ocrx_word' id='word_1_406' title='bbox 1450 3581 1843 3648; x_wconf 76' lang='lat' dir='ltr'>-Visproxima</span> <span class='ocrx_word' id='word_1_407' title='bbox 1856 3594 2007 3630; x_wconf 82' lang='lat' dir='ltr'>vento</span> <span class='ocrx_word' id='word_1_408' title='bbox 2017 3593 2088 3630; x_wconf 80' lang='lat' dir='ltr'>esc</span> <span class='ocrx_word' id='word_1_409' title='bbox 2096 3617 2112 3640; x_wconf 90' lang='lat'><strong><em>,</em></strong></span> <span class='ocrx_word' id='word_1_410' title='bbox 2128 3579 2163 3630; x_wconf 89' lang='lat' dir='ltr'>i.</span> <span class='ocrx_word' id='word_1_411' title='bbox 2179 3597 2223 3631; x_wconf 86' lang='lat' dir='ltr'>e.</span> <span class='ocrx_word' id='word_1_412' title='bbox 2240 3577 2318 3632; x_wconf 77' lang='lat' dir='ltr'>vis</span> <span class='ocrx_word' id='word_1_413' title='bbox 2333 3593 2474 3630; x_wconf 76' lang='lat' dir='ltr'>aurae</span> 
     </span>
     <span class='ocr_line' id='line_1_68' title="bbox 1452 3657 2472 3730; baseline -0.002 -18"><span class='ocrx_word' id='word_1_414' title='bbox 1452 3661 1565 3714; x_wconf 81' lang='lat' dir='ltr'>fere</span> <span class='ocrx_word' id='word_1_415' title='bbox 1587 3677 1685 3730; x_wconf 89' lang='lat' dir='ltr'>par</span> <span class='ocrx_word' id='word_1_416' title='bbox 1705 3669 1756 3710; x_wconf 87' lang='lat' dir='ltr'>et</span> <span class='ocrx_word' id='word_1_417' title='bbox 1777 3657 1958 3710; x_wconf 79' lang='lat' dir='ltr'>similis</span> <span class='ocrx_word' id='word_1_418' title='bbox 1981 3673 2140 3711; x_wconf 76' lang='lat' dir='ltr'>vento</span> <span class='ocrx_word' id='word_1_419' title='bbox 2167 3670 2243 3710; x_wconf 87' lang='lat' dir='ltr'>est</span> <span class='ocrx_word' id='word_1_420' title='bbox 2257 3698 2273 3723; x_wconf 90' lang='lat'><strong>,</strong></span> <span class='ocrx_word' id='word_1_421' title='bbox 2301 3658 2386 3710; x_wconf 72' lang='lat' dir='ltr'>vel</span> <span class='ocrx_word' id='word_1_422' title='bbox 2409 3677 2472 3710; x_wconf 81' lang='lat' dir='ltr'>ex</span> 
     </span>
     <span class='ocr_line' id='line_1_69' title="bbox 1452 3735 2472 3792; baseline -0.004 0"><span class='ocrx_word' id='word_1_423' title='bbox 1452 3757 1582 3792; x_wconf 82' lang='lat' dir='ltr'>aura</span> <span class='ocrx_word' id='word_1_424' title='bbox 1627 3737 1774 3790; x_wconf 84' lang='lat' dir='ltr'>tenui</span> <span class='ocrx_word' id='word_1_425' title='bbox 1810 3735 1963 3789; x_wconf 84' lang='lat' dir='ltr'>facile</span> <span class='ocrx_word' id='word_1_426' title='bbox 1999 3749 2190 3789; x_wconf 81' lang='lat' dir='ltr'>ventus</span> <span class='ocrx_word' id='word_1_427' title='bbox 2227 3737 2472 3790; x_wconf 80' lang='lat' dir='ltr'>nascitur.</span> 
     </span>
     <span class='ocr_line' id='line_1_70' title="bbox 1457 3814 2474 3888; baseline -0.002 -18"><span class='ocrx_word' id='word_1_428' title='bbox 1457 3817 1721 3888; x_wconf 83' lang='lat' dir='ltr'>scaligero</span> <span class='ocrx_word' id='word_1_429' title='bbox 1741 3853 1756 3880; x_wconf 88' lang='lat'><strong>,</strong></span> <span class='ocrx_word' id='word_1_430' title='bbox 1787 3816 1878 3886; x_wconf 91' lang='lat' dir='ltr'>qui</span> <span class='ocrx_word' id='word_1_431' title='bbox 1913 3817 2057 3866; x_wconf 81' lang='lat' dir='ltr'>venti</span> <span class='ocrx_word' id='word_1_432' title='bbox 2083 3815 2208 3883; x_wconf 63' lang='lat' dir='ltr'>legit</span> <span class='ocrx_word' id='word_1_433' title='bbox 2245 3826 2297 3868; x_wconf 87' lang='lat' dir='ltr'>et</span> <span class='ocrx_word' id='word_1_434' title='bbox 2327 3814 2474 3868; x_wconf 84' lang='lat' dir='ltr'>aliter</span> 
     </span>
     <span class='ocr_line' id='line_1_71' title="bbox 1460 3892 2472 3968; baseline 0 -20"><span class='ocrx_word' id='word_1_435' title='bbox 1460 3894 1704 3968; x_wconf 83' lang='lat' dir='ltr'>exponit,</span> <span class='ocrx_word' id='word_1_436' title='bbox 1731 3914 1840 3948; x_wconf 88' lang='lat' dir='ltr'>nou</span> <span class='ocrx_word' id='word_1_437' title='bbox 1867 3892 2350 3947; x_wconf 78' lang='lat' dir='ltr'>adsentio-Confer.</span> <span class='ocrx_word' id='word_1_438' title='bbox 2379 3895 2472 3948; x_wconf 88' lang='lat' dir='ltr'>Se-</span> 
     </span>
     <span class='ocr_line' id='line_1_72' title="bbox 1462 3973 2477 4047; baseline 0 -19"><span class='ocrx_word' id='word_1_439' title='bbox 1462 3993 1589 4028; x_wconf 84' lang='lat' dir='ltr'>neca</span> <span class='ocrx_word' id='word_1_440' title='bbox 1612 3975 1794 4028; x_wconf 85' lang='lat' dir='ltr'>Natur.</span> <span class='ocrx_word' id='word_1_441' title='bbox 1826 3973 2023 4038; x_wconf 77' lang='lat' dir='ltr'>Quaest.</span> <span class='ocrx_word' id='word_1_442' title='bbox 2049 3973 2121 4037; x_wconf 88' lang='lat' dir='ltr'>V,</span> <span class='ocrx_word' id='word_1_443' title='bbox 2143 3975 2208 4028; x_wconf 83' lang='lat'>3:</span> <span class='ocrx_word' id='word_1_444' title='bbox 2241 4001 2266 4021; x_wconf 70' lang='grc' dir='ltr'>ιι</span> <span class='ocrx_word' id='word_1_445' title='bbox 2293 3973 2477 4047; x_wconf 79' lang='lat' dir='ltr'>Adjice</span> 
     </span>
     <span class='ocr_line' id='line_1_73' title="bbox 1462 4051 2478 4124; baseline -0.004 -16"><span class='ocrx_word' id='word_1_446' title='bbox 1462 4073 1636 4121; x_wconf 84' lang='lat' dir='ltr'>nunc,</span> <span class='ocrx_word' id='word_1_447' title='bbox 1653 4051 1798 4124; x_wconf 86' lang='lat' dir='ltr'>quod</span> <span class='ocrx_word' id='word_1_448' title='bbox 1833 4054 1974 4106; x_wconf 87' lang='lat' dir='ltr'>circa</span> <span class='ocrx_word' id='word_1_449' title='bbox 1998 4051 2216 4114; x_wconf 78' lang='lat' dir='ltr'>flumina</span> <span class='ocrx_word' id='word_1_450' title='bbox 2254 4066 2303 4107; x_wconf 90' lang='lat' dir='ltr'>et</span> <span class='ocrx_word' id='word_1_451' title='bbox 2331 4054 2478 4108; x_wconf 69' lang='lat' dir='ltr'>lacus</span> 
     </span>
     <span class='ocr_line' id='line_1_74' title="bbox 1464 4133 2479 4205; baseline 0.001 -19"><span class='ocrx_word' id='word_1_452' title='bbox 1464 4135 1710 4205; x_wconf 79' lang='lat' dir='ltr'>frequens</span> <span class='ocrx_word' id='word_1_453' title='bbox 1746 4133 1938 4187; x_wconf 79' lang='lat' dir='ltr'>nebula</span> <span class='ocrx_word' id='word_1_454' title='bbox 1978 4145 2085 4196; x_wconf 75' lang='lat' dir='ltr'>est,</span> <span class='ocrx_word' id='word_1_455' title='bbox 2119 4134 2327 4188; x_wconf 88' lang='lat' dir='ltr'>arctatis</span> <span class='ocrx_word' id='word_1_456' title='bbox 2351 4153 2479 4188; x_wconf 89' lang='lat' dir='ltr'>con-</span> 
     </span>
    </p>
   </div>
  </div>
 </body>
</html>
