2975 4684
469 349 609 439 540

1341 363 1755 434 INCERTI

535 480 623 547 -O
663 479 932 573 patriai,
971 503 1325 575 germane,
1364 482 1616 554 decus?
1654 508 1809 552 nam
1850 507 1971 553 nec
2004 483 2171 553 mihi
2204 485 2459 579 conjux

562 589 918 684 Pronaque
953 589 1218 660 luxuria
1253 607 1352 664 est
1388 594 1615 688 potior
1652 594 1919 663 virtutis
1956 593 2245 684 honore,

559 702 704 769 Nec
741 701 914 769 vires
954 701 1387 798 dextramque
1417 705 1543 774 viri
1582 719 1839 774 tentare
1874 729 2143 790 recuso,
2526 729 2607 778 ²7⁵

561 811 952 881 Dummodo
987 815 1307 883 victorem
1346 817 1592 910 conjux
1624 841 1781 885 curn
1814 840 1979 910 pace
2018 829 2337 910 sequatur
2362 845 2417 886 n.

564 921 765 990 Dicta
803 923 1006 992 refert
1042 925 1602 1022 Hectortplacuit
1638 927 1963 996 sententia
2002 925 2251 997 Graiis.

666 1021 982 1104 Protinus
1026 1037 1280 1105 accitur
1315 1039 1656 1124 PriamuS‚
1696 1038 2033 1131 sacrisque
2068 1039 2353 1132 peractis

561 1141 839 1212 Foedera
873 1145 1302 1240 junguntur:
1339 1162 1493 1242 post
1528 1147 1669 1218 liaec
1710 1147 1993 1217 discedit
2030 1163 2313 1243 uterque

564 1254 904 1348 Depositis
940 1254 1088 1326 telis
1131 1257 1460 1353 populus,
1495 1283 1903 1353 campusque
1946 1260 2248 1354 patescit.
2526 1283 2607 1322 που

663 1366 927 1434 Interea
966 1380 1110 1436 toto
1146 1368 1449 1463 procedit
1479 1369 1566 1438 ab
1602 1370 1871 1463 agmine
1910 1372 2165 1439 Troum

565 1471 851 1544 Pulcher
887 1475 1294 1564 Alexander,
1329 1479 1697 1575 clypeoque
1735 1479 2017 1574 insignis
2053 1494 2121 1548 et
2160 1479 2387 1568 hasta,

566 1585 787 1673 Quem
827 1603 1062 1657 contra
1103 1590 1378 1684 paribus
1415 1589 1681 1686 fulgens
1721 1587 2071 1659 Menelaus
2110 1590 2179 1658 in
2216 1591 2424 1660 armis

567 1697 930 1784 Constitit,
975 1713 1072 1786 et,
1106 1704 1408 1771 «Tecum
1447 1701 1611 1770 mihi
1650 1715 1808 1769 sunt
1846 1701 2250 1789 certamina,
2294 1701 2493 1789 dixit,

563 1807 706 1875 Nec
742 1804 1017 1905 longum
1063 1826 1292 1881 nostra
1333 1810 1643 1881 laetabere
1680 1811 1998 1905 conjuge,
2040 1836 2189 1905 quae
2225 1826 2290 1880 te
2530 1834 2609 1874 ’σε

563 1921 728 1988 Mox
765 1922 990 2014 rapuit
1029 1947 1252 2018 regem
1277 1975 1296 2006 ‚
1335 1920 1802 1991 tantummodo
1841 1920 2109 2016 Jupiter
2145 1920 2319 1990 adsit
2353 1948 2406 1990 n.

663 2031 882 2120 Dixit,
923 2045 991 2100 et
1029 2032 1376 2101 adversum
1418 2057 1488 2101 se
1524 2033 1820 2101 concitat
1856 2056 2007 2101 acer
2044 2031 2115 2100 in
2152 2031 2435 2101 hostem.

567 2138 698 2222 Ille,
719 2142 940 2210 virum
976 2140 1132 2212 sorti
1172 2143 1547 2212 venientem
1584 2139 1881 2236 reppulit
1914 2141 2089 2226 ictu,

543 2315 665 2384 273.
693 2320 824 2368 Nam
847 2331 902 2368 ue
919 2319 1038 2370 mihi
1060 2321 1248 2388 conjux
1274 2317 1340 2372 G.
1371 2337 1418 2370 2.

544 2401 665 2463 274.
696 2401 955 2463 Pronaque
981 2401 1211 2458 luxuria,
1243 2397 1283 2450 i.
1317 2417 1366 2450 e.
1407 2398 1486 2450 sa-

469 2471 581 2524 cilis
609 2485 660 2526 et
687 2474 938 2542 proclivis
965 2474 1021 2526 in
1047 2477 1330 2529 Venerem.
1359 2477 1492 2530 Fere

466 2551 636 2622 aptior
667 2552 877 2606 videtur
909 2554 1066 2608 lectio
1121 2554 1318 2610 codicis
1353 2556 1418 2608 G.
1459 2577 1486 2610 2

467 2641 522 2684 et
545 2632 604 2683 A.
629 2637 886 2701 Parvaque
909 2633 1124 2687 luxuria
1143 2671 1158 2697 ,
1185 2653 1215 2686 e
1237 2653 1348 2706 quo
1376 2636 1493 2688 effi·

467 2710 580 2763 cias
607 2718 877 2782 Pramque.
906 2712 1070 2780 Quod
1099 2715 1364 2788 sequitur,
1395 2736 1492 2782 po·

467 2793 562 2844 :ior
587 2795 780 2844 virtutis
815 2797 1029 2855 honore,
1057 2796 1303 2848 transtuli
1336 2814 1366 2847 e
1393 2795 1490 2849 MS

470 2872 692 2926 Helmst.
720 2885 772 2926 et
796 2873 863 2927 G.
900 2894 946 2939 s,
963 2893 1128 2946 quum
1150 2875 1366 2948 vulgata
1391 2875 1493 2928 ha·

467 2951 652 3005 herent
666 2956 870 3023 fungor
893 2957 1089 3006 virtutis
1115 2975 1286 3007 amm-e
1297 2993 1313 3016 ,
1345 2953 1493 3026 quod

467 3043 520 3084 et
555 3033 733 3104 inepto
769 3052 926 3086 sensu
961 3046 1068 3100 est,
1097 3046 1148 3087 et
1183 3053 1305 3087 cum
1344 3047 1494 3088 ante-

469 3111 679 3166 cedenti
703 3133 796 3166 nee
819 3115 937 3166 mila·
957 3133 1065 3168 non
1093 3113 1344 3168 coheret.

541 3193 663 3263 275.
693 3199 1032 3262 Dea-eramque
1059 3197 1162 3246 viri
1183 3209 1390 3256 tentare,
1409 3214 1509 3266 pu-

472 3271 690 3344 gnando
714 3275 965 3344 experiri,
989 3273 1116 3341 quid
1138 3274 1220 3327 vis
1245 3288 1294 3327 et
1323 3274 1506 3327 dextra

471 3351 574 3406 viri
596 3351 775 3423 possit.
796 3353 944 3423 Virg.
963 3361 1076 3405 AEn.
1097 3354 1152 3405 11
1173 3391 1188 3418 ,
1214 3353 1316 3419 334
1336 3373 1350 3406 :
1374 3379 1399 3400 α
1413 3353 1505 3408 vix

468 3433 628 3506 primi
664 3431 838 3504 proelia
880 3445 1084 3484 tentant
1105 3459 1152 3485 ιι.
1189 3433 1322 3486 cod.
1356 3433 1428 3485 G.
1471 3452 1500 3486 a

467 3513 766 3584 transponit
793 3527 978 3564 voces:
1005 3516 1111 3563 Nec
1142 3515 1276 3564 vir-es
1310 3528 1503 3564 tentare

467 3597 570 3646 viri
590 3599 917 3659 dextramque
948 3611 1136 3644 recuso.
1167 3623 1240 3634 ·-—
1257 3594 1503 3663 Tacitus,

470 3675 650 3726 Germ.
670 3671 926 3725 XXXIV:
949 3673 1164 3742 «Ipsum
1188 3673 1318 3744 quin
1341 3674 1503 3726 etiam

468 3755 746 3808 Oceanum
764 3751 1083 3806 tentavimus
1101 3775 1141 3801 ι.
1159 3752 1316 3805 Ovid.
1337 3752 1502 3824 Epist.

469 3833 606 3899 VII,
640 3851 732 3885 121
762 3853 775 3883 ε
817 3859 842 3878 α
863 3832 1014 3885 bellis
1044 3832 1320 3904 peregrina
1346 3843 1398 3884 et
1426 3833 1505 3886 fe-

468 3913 610 3964 mina
644 3909 814 3965 tenior
833 3937 875 3965 a.
914 3912 1002 3964 Sic
1037 3925 1228 3964 teneare
1255 3909 1322 3964 de
1349 3911 1501 3964 moli-

469 3993 613 4045 mine
651 4010 712 4044 ac
751 4005 974 4058 conatu,
1001 4005 1058 4044 ut
1089 4006 1278 4044 teneare
1310 4009 1498 4058 σφων,

477 4074 592 4121 vias
608 4109 622 4129 ,
664 4083 714 4121 et
739 4071 946 4124 similia.
973 4070 1094 4123 Vid.
1117 4071 1297 4123 Burm.
1315 4070 1499 4123 adnot.

477 4147 547 4200 ad
566 4149 684 4201 Val.
707 4148 878 4202 flacc.
902 4152 1098 4221 Argon.
1123 4150 1150 4201 1
1168 4187 1184 4215 ,
1207 4150 1325 4219 ⁵²9·
1343 4151 1444 4202 En.

1442 4429 1478 4454 Q

1652 2335 1774 2387 279.
1797 2321 1914 2368 Post
1942 2319 2037 2368 hoc
2070 2317 2327 2368 descendit
2357 2329 2427 2366 ue.
2451 2314 2521 2367 G.
2548 2334 2613 2377 2,

1584 2397 1737 2450 male.
1756 2395 2005 2468 Virgilius
2027 2435 2044 2461 ,
2077 2397 2201 2448 AEu.
2224 2395 2332 2446 XII
2351 2434 2367 2460 ,
2388 2397 2491 2463 696
2507 2433 2525 2458 ,
2544 2393 2615 2448 de

1580 2475 1738 2528 simili
1760 2493 1941 2547 pugna
1956 2475 2125 2528 Turni
2144 2486 2197 2527 et
2211 2477 2391 2526 AEneae
2410 2492 2573 2545 agens
2588 2495 2611 2526 .-

1580 2581 1605 2601 α
1623 2555 1922 2608 Discessere
1940 2572 2125 2608 omnes
2142 2551 2329 2619 medii,
2351 2554 2607 2624 spatium·

1580 2653 1686 2706 que
1713 2634 1908 2688 dedere
1926 2660 1967 2684 n.
2008 2637 2273 2686 Discedere
2311 2645 2363 2686 et
2402 2639 2609 2686 descen·

1581 2718 1697 2767 dere
1720 2715 2029 2786 frequenter
2052 2715 2371 2766 commutari
2394 2733 2425 2766 a
2454 2715 2617 2770 libra-

1581 2795 1673 2848 riis
1686 2836 1703 2860 ,
1722 2794 2023 2847 observavit
2040 2793 2307 2847 Drakenb.
2332 2796 2401 2848 ad
2424 2794 2614 2848 Silium

1582 2875 1827 2928 Italicum
1844 2913 1859 2938 ,
1884 2875 2071 2938 XVII,
2098 2892 2145 2927 1.

1659 2957 1779 3008 280.
1796 2958 2038 3024 Depositis
2043 2960 2255 3023 populus
2269 2959 2379 3008 telis
2392 2955 2617 3009 Helmst.

1583 3035 1667 3088 Sic
1688 3033 1847 3088 Ovid.
1870 3035 1996 3088 Met.
2026 3032 2131 3087 XII
2151 3075 2166 3100 ‚
2208 3044 2305 3106 ¹⁴7
2328 3055 2343 3088 :
2381 3061 2407 3079 e-
2434 3035 2618 3106 positis

1585 3132 1709 3184 pars
1732 3125 1959 3186 utraque
1980 3113 2211 3166 substitit
2229 3115 2394 3168 armis
2412 3114 2614 3185 -.Virg.

1594 3195 1718 3246 AEn.
1752 3195 1886 3260 xn,
1929 3211 2025 3263 70⁷
2054 3211 2069 3245 :
2117 3219 2140 3241 ι
2160 3197 2432 3267 Armaque
2458 3192 2621 3265 depo-

1592 3291 1745 3326 suere
1768 3274 2003 3327 humeris
2023 3291 2080 3338 »ς
2101 3285 2152 3326 et
2174 3293 2323 3328 versu
2348 3291 2482 3345 710:
2510 3300 2536 3319 ι-
2555 3285 2619 3326 ut

1592 3370 1763 3404 vacuo
1780 3365 2061 3423 patuerunt
2079 3372 2290 3426 aquore
2308 3355 2485 3425 campi
2501 3380 2544 3406 ο.

1664 3433 1759 3484 281
1772 3472 1784 3485 .
1812 3437 1929 3484 Toto
1940 3437 2165 3500 procedit
2184 3438 2249 3484 ab
2265 3437 2470 3502 agmine
2485 3453 2505 3484 .·
2536 3433 2615 3486 sic

1590 3511 1773 3582 scripsi
1792 3531 1852 3564 ex
1880 3511 1948 3564 H.
1973 3523 2023 3564 et
2049 3513 2115 3566 G.
2145 3532 2193 3565 2.
2230 3511 2371 3566 Male
2394 3513 2617 3584 vulgato

1591 3592 1797 3642 discedit
1818 3595 1885 3641 ab
1910 3594 2129 3660 agmine.

1670 3671 1787 3724 285.
1806 3675 1913 3722 Nec
1937 3675 2140 3738 longum
2164 3673 2410 3722 lambere.
2430 3669 2621 3742 virgil.

1590 3753 1711 3834 ¹2¹³·
1732 3751 1782 3802 X
1802 3787 1818 3814 ,
1862 3757 1981 3820 740.
2009 3747 2112 3804 sed
2150 3759 2321 3800 totum
2346 3749 2453 3800 hoc
2492 3749 2623 3802 hau·

1592 3841 1729 3882 stum
1776 3847 1841 3882 ex
1876 3827 2077 3882 Ovidio
2094 3869 2110 3895 ,
2153 3827 2372 3881 Metam.
2398 3829 2473 3896 V,
2516 3833 2585 3894 64
2608 3852 2621 3882 ε

1594 3933 1616 3956 ι
1636 3925 1791 3961 arcus
1836 3907 2035 3979 Arripit
2052 3945 2069 3972 ,
2109 3919 2161 3959 et
2186 3945 2203 3969 ,
2256 3907 2468 3960 Mecum
2522 3909 2623 3962 tibi

1592 3988 1697 4040 sint
1722 3987 2011 4041 certamina
2031 4024 2047 4050 ,
2074 3986 2237 4050 dixit,
2270 3987 2381 4040 Nec
2402 3987 2623 4059 longum

1591 4067 1741 4142 pueri
1772 4069 1881 4120 fato
1907 4067 2155 4121 lambere
2166 4093 2206 4120 n.

1666 4148 1789 4200 286.
1830 4153 1955 4216 Qua·
1989 4161 2036 4199 ee
2068 4152 2197 4201 Mox
2230 4151 2398 4216 rapuit
2431 4167 2618 4217 regem.
