2975 4684
760 359 1223 431 EPITOME
1281 358 1709 430 1L1Anos
1771 357 2213 427 HoMERI.
2414 354 2551 454 537

507 487 678 555 Cum
699 484 942 578 quibus
973 497 1041 553 et
1052 480 1372 552 Mesthles
1389 497 1591 576 atque
1616 480 1985 575 Antiphus»,
2013 494 2081 548 et
2106 478 2329 548 bonus
2346 479 2551 548 armis

505 594 896 689 Hippotbus
933 607 1134 687 atque
1169 594 1452 661 Acamas
1481 590 1753 677 venere,
1789 604 1858 659 et
1892 592 2131 659 Pirous
2162 612 2333 677 una,

497 701 868 799 Alcinoque
904 704 1063 791 sati,
1101 702 1596 797 Chromiusque
1630 726 1711 770 ac
1746 702 2136 787 EnnomuS‚
2172 700 2372 768 ambo
2473 720 2547 767 aas

503 812 842 885 Florentes
876 828 1068 883 aetate
1105 814 1266 902 viri,
1311 837 1480 907 quos
1518 811 1793 882 Phor-cis
1827 825 1895 880 et
1930 810 2167 906 ingens

501 926 835 997 Ascanius
871 926 1198 1020 sequitur,
1233 922 1429 993 simul
1475 937 1541 992 et
1576 923 1761 991 Jovis
1798 920 2047 1015 inclyta
2084 917 2304 1015 proles

505 1034 884 1130 Sarpedon,
919 1033 1232 1129 claraque
1268 1048 1450 1103 satus
1483 1031 1721 1101 tellure
1765 1032 2113 1103 Coroebus.

499 1147 622 1217 His
655 1172 723 1215 se
764 1144 1059 1215 defendit
1104 1146 1386 1215 ducibus
1428 1143 1767 1238 Neptunia
1804 1141 2043 1237 Troja‚

480 1343 596 1405 243.
627 1348 692 1395 Et
727 1345 960 1395 Mesthles
984 1356 1130 1410 aeque
1151 1348 1389 1414 Antiphus
1405 1382 1422 1404 ,

403 1421 634 1476 Maeonii.
646 1422 801 1475 Hom.
819 1442 868 1475 v.
891 1424 1010 1487 864.
1028 1424 1212 1478 Excusi
1231 1424 1427 1477 habent

407 1506 524 1555 stam
563 1507 734 1571 quibus
775 1508 1013 1555 Eneseeus
1057 1524 1114 1556 ac
1151 1506 1387 1574 Amphius
1404 1526 1426 1567 ‚-

405 1582 497 1635 aed
519 1584 744 1654 scriptus
764 1582 830 1636 G.
855 1602 882 1634 a
903 1588 1133 1636 Enesteus
1149 1600 1303 1652 atque
1323 1590 1429 1635 An·

402 1664 578 1733 oe‘pkus.
603 1665 664 1715 A.
688 1674 740 1716 et
761 1665 822 1717 L.
847 1666 959 1715 Gum
987 1668 1151 1732 quibus
1175 1670 1426 1717 Monostes

408 1762 469 1795 ac
493 1746 750 1813 Ampkius.

479 1830 602 1889 ²44·
627 1826 910 1893 Hippothus.
945 1822 1112 1875 Aliter
1139 1822 1280 1877 hinc
1313 1842 1425 1877 ven

409 1920 523 1956 sum
543 1902 669 1975 legit
687 1904 756 1956 cl.
775 1900 1134 1956 Bondamius:
1155 1907 1315 1955 From
1341 1916 1420 1955 ae-

409 2004 500 2051 que
520 1990 740 2035 Acamas
767 2004 979 2045 venere,
1013 1988 1200 2048 &Ictus
1223 1998 1270 2035 et
1303 2002 1423 2035 una.

404 2062 505 2117 Sed
543 2062 902 2135 Hippothoum
921 2104 936 2129 ,
972 2081 1129 2135 quem
1169 2062 1423 2116 Homerm

407 2144 542 2197 inter
575 2144 873 2215 precipuos
921 2156 976 2197 et
1017 2142 1252 2217 proxime
1300 2155 1422 2197 ante

405 2223 689 2275 Acamanta
729 2223 970 2277 nominat
985 2260 1001 2287 ,
1041 2240 1150 2275 non
1193 2222 1423 2276 omisisse

404 2304 612 2367 Noster,
637 2321 811 2375 neque
832 2302 940 2356 alio
957 2342 972 2367 ,
1003 2322 1163 2376 quam
1183 2301 1281 2357 hoc
1301 2303 1421 2357 loco

403 2382 636 2456 posuisse
659 2382 888 2445 videtur,
930 2394 979 2435 et
998 2380 1274 2436 confirmat
1290 2383 1418 2435 scri·

403 2474 555 2534 ptura
597 2461 798 2515 codicia
827 2460 1008 2514 Guelf.
1034 2479 1093 2514 2:
1131 2466 1420 2531 Ippodomus

405 2556 553 2611 atque
573 2546 819 2595 Athamas
847 2562 952 2594 una
983 2560 1091 2593 cum
1109 2544 1313 2609 sortibus
1338 2562 1420 2593 ar-

403 2626 489 2673 mis
504 2642 523 2672 .-
543 2622 722 2675 excusi
745 2640 875 2675 vero
905 2621 1105 2675 habent
1129 2624 1318 2690 Ipoelms
1339 2636 1418 2673 at-

404 2723 496 2771 que
521 2706 780 2756 othamas.
817 2703 1084 2769 Quoniam
1127 2706 1418 2772 Hippothous

403 2793 630 2835 metrum
646 2784 923 2837 recusabat
942 2824 957 2850 ,
983 2782 1223 2855 suspicor
1241 2794 1417 2835 aucto-

401 2880 511 2914 rem
542 2862 868 2916 contraxisse
892 2862 948 2915 in
972 2866 1251 2933 Hsppoehus.
1288 2862 1419 2916 Reli-

400 2960 504 3013 qno
530 2960 686 2995 versu
712 2942 892 2996 excusi
918 2942 1118 2996 habent
1138 2962 1316 2995 venere
1341 2946 1417 2994 Pi-

397 3024 561 3091 ger-ius
591 3042 724 3083 una,
773 3041 834 3075 ex
874 3040 982 3094 quo
1015 3020 1218 3095 fingere
1261 3022 1419 3076 malui

399 3105 591 3164 Pirous,
634 3121 794 3173 quarn
827 3107 1049 3169 &Ia-us,
1094 3101 1222 3174 quia
1259 3100 1416 3155 Pir-on

396 3180 481 3234 vel
500 3181 713 3234 Piroum
739 3182 1002 3235 Homerus
1021 3200 1144 3234 cum
1163 3182 1416 3233 Acaman-

397 3270 447 3313 te
469 3262 746 3335 conjungit
769 3282 823 3315 v.
849 3263 949 3324 844
968 3300 985 3325 ,
1019 3272 1071 3313 et
1101 3264 1326 3326 &la-m·
1308 3278 1416 3333 Jam

392 3357 549 3412 supra
573 3340 994 3395 locuminvenit.

469 3420 586 3484 245.
624 3424 901 3489 Alcinoque
933 3424 1054 3473 saei.
1078 3418 1293 3491 vulgati
1320 3419 1416 3473 ha·

390 3498 517 3552 bent
538 3504 818 3570 Ixioneque
837 3504 938 3552 saei
946 3522 968 3562 ‚·
987 3499 1046 3552 hi
1065 3500 1280 3572 quinam
1299 3511 1420 3553 sunt

389 3577 717 3634 Bondamiua
751 3580 998 3652 ignorare
1023 3598 1079 3632 se
1116 3580 1322 3633 fatetur.
1354 3579 1420 3631 Et

389 3671 530 3712 certe
569 3659 826 3714 mendosa
865 3660 980 3713 haic
1017 3660 1278 3732 scriptura
1316 3669 1417 3718 est,

387 3756 550 3810 quam
573 3738 772 3812 vulgati
799 3738 1082 3813 preferant
1096 3780 1111 3807 ,
1137 3758 1312 3812 neque
1345 3751 1420 3793 ta-

386 3836 512 3871 men
566 3816 792 3872 dubium
842 3830 922 3873 eat
937 3860 953 3885 ,
1001 3819 1162 3891 patris
1221 3836 1414 3872 nomen

387 3896 630 3951 Chromii
649 3910 701 3952 et
718 3899 946 3953 Ennomi
964 3940 979 3967 ,
999 3899 1092 3971 qui
1114 3910 1236 3971 post
1251 3898 1416 3951 nomi-

1513 1343 1753 1397 Chromii
1780 1355 1929 1415 pater
1946 1345 2155 1396 Alcinus
2181 1352 2415 1395 vocatur.
2443 1342 2553 1395 Ita-

1512 1442 1620 1494 que
1638 1424 1814 1477 scribo
1832 1426 2113 1490 Alcinoque
2137 1424 2247 1474 saei.
2270 1423 2392 1475 Non
2411 1421 2547 1473 mul·

1512 1514 1626 1555 tum
1646 1520 1773 1556 tane
1792 1502 1902 1556 abit
1920 1502 2026 1555 hoc
2044 1522 2071 1554 a
2092 1502 2281 1555 vitiosa
2302 1501 2547 1568 lectione,

1512 1582 1731 1654 propius
1757 1583 1916 1635 etiam
1944 1582 2091 1635 abeat
2118 1580 2188 1633 ab
2212 1582 2317 1635 alia
2343 1580 2543 1634 codicis

1512 1661 1581 1714 G.
1609 1680 1673 1714 a:
1700 1664 2039 1729 Axinonoque
2074 1666 2187 1714 sati.
2228 1660 2389 1733 Apud
2427 1662 2541 1715 Ho-

1512 1760 1722 1794 merum
1746 1760 1855 1794 non
1882 1752 2049 1794 exstat
2068 1753 2239 1812 pater,
2272 1742 2367 1813 qui
2390 1745 2541 1793 Chro-

1512 1824 1611 1872 min
1659 1832 1711 1874 et
1752 1827 2027 1873 Ennonmm
2068 1821 2234 1893 Mysia
2270 1821 2541 1892 prefuisse

1510 1900 1643 1955 dicit
1674 1920 1723 1953 v.
1760 1900 1883 1956 858.
1918 1900 2023 1953 Sed
2060 1901 2251 1955 Noster
2283 1900 2437 1973 plura
2477 1918 2541 1953 ex

1510 1982 1627 2035 aliis
1659 1982 1875 2036 haurire
1900 1981 2053 2035 nolet.

1587 2067 1704 2127 246.
1731 2070 1863 2132 Quos
1883 2066 2116 2127 Phorcys.
2140 2064 2222 2114 Ita
2240 2059 2424 2133 scripsi
2444 2078 2540 2113 au-

1511 2155 1657 2196 ctore
1675 2144 1939 2210 Homero,
1966 2144 2061 2216 qui
2082 2162 2131 2195 v.
2153 2144 2253 2197 862
2287 2140 2537 2213 Phorcyn

1511 2234 1564 2275 et
1593 2222 1876 2277 Ascanium
1900 2223 2167 2295 Phrygum
2205 2221 2370 2274 duces
2408 2237 2537 2273 con·

1504 2303 1695 2375 jungit.
1733 2302 1981 2374 Impresai
2016 2302 2137 2355 libri
2175 2300 2427 2355 mendose
2464 2302 2537 2353 le·-

1508 2394 1642 2453 gunt
1660 2402 1782 2450 quos
1786 2385 1953 2451 fords.
1965 2382 2222 2436 Ascanius
2236 2381 2327 2434 hic
2341 2380 2536 2433 discer-

1507 2460 1717 2517 nendus
1737 2482 1768 2516 a
1789 2460 1901 2515 filio
1924 2465 2103 2515 AEneae
2116 2499 2133 2526 ,
2152 2462 2249 2534 qui
2268 2472 2379 2513 tum
2404 2478 2535 2533 puer

1508 2540 1804 2595 admodum
1824 2554 1950 2595 emt.

1582 2630 1700 2692 247.
1716 2626 1849 2676 Jovis
1866 2626 2055 2688 inclyta
2083 2625 2262 2690 proles.
2290 2618 2507 2675 Ovidius
2520 2658 2541 2685 ,

1506 2702 1637 2755 Met.
1657 2702 1738 2753 1x
1758 2740 1774 2766 ,
1807 2720 1927 2770 ²²9·

1582 2783 1702 2847 248.
1742 2784 1979 2833 Com-bus.
2028 2780 2184 2833 Falso
2231 2779 2394 2831 Banu.
2442 2778 2529 2832 ed.

1508 2864 1782 2914 ator-abus.
1796 2860 1944 2931 Lips.
1960 2863 2258 2911 Aelim-ebus.
2272 2860 2337 2912 A.
2356 2862 2533 2910 Achoe-

1506 2944 1608 2995 bus.
1634 2942 1793 2994 Hunc
1811 2954 1987 2993 autem
2015 2939 2299 2992 Coroebum
2336 2938 2533 2997 Home-

1504 3040 1597 3075 rus
1623 3038 1731 3073 non
1760 3019 2029 3080 nominat,
2072 3017 2163 3071 aed
2196 3035 2323 3070 eum
2354 3017 2533 3089 Virgi-

1505 3100 1609 3153 lius
1636 3097 1917 3173 Mygdonis
1946 3098 2117 3150 filium
2150 3096 2277 3150 dicit
2295 3139 2311 3166 ,
2340 3098 2531 3170 Troja-

1503 3180 1695 3252 nisque
1720 3179 1913 3233 auxilio
1930 3179 2132 3232 venisse
2160 3188 2213 3230 et
2243 3197 2270 3230 a
2304 3177 2535 3233 Peneleo

1504 3260 1841 3313 interfectum
1874 3256 2061 3326 tradit,
2094 3261 2211 3312 AEn.
2240 3259 2325 3325 11,
2356 3260 2457 3325 341
2480 3273 2533 3313 et

1507 3340 1625 3403 425.
1648 3341 1693 3391 A
1714 3338 1970 3393 Diomede
1992 3340 2181 3413 perimi
2215 3340 2338 3393 facit
2364 3342 2531 3406 Quin-

1506 3431 1590 3472 tus
1608 3420 1721 3473 Cal.
1742 3420 1902 3486 XIII,
1935 3422 2033 3474 168
2054 3440 2167 3492 seq.
2202 3420 2399 3473 Contra
2418 3420 2527 3475 Ho-

1506 3518 1682 3553 merus
1716 3499 2069 3573 Pylaemenem
2092 3539 2107 3561 ‚
2131 3500 2529 3573 Paphlagonum

1508 3578 1697 3633 ducem
1714 3620 1729 3645 ,
1776 3581 1916 3634 inter
1973 3581 2142 3635 socios
2176 3580 2531 3653 Trojanorum

1506 3660 1775 3726 nominat,
1803 3678 1965 3733 quem
1989 3662 2201 3722 Noster,
2224 3659 2325 3709 nisi
2360 3660 2537 3722 fallor,

1507 3738 1703 3791 omisit.
1750 3739 1828 3791 De
1876 3739 2101 3791 Coroebo
2145 3738 2300 3810 plura
2350 3736 2531 3792 videas

1502 3830 1684 3871 notata
1718 3818 1786 3870 ab
1820 3818 2029 3891 Heynio
2052 3818 2120 3869 V.
2153 3817 2214 3869 C.
2237 3819 2456 3872 Excurs.
2479 3819 2531 3873 X

1506 3896 1576 3951 ad
1586 3900 1711 3950 AEn.
1721 3898 2162 3951 11.-Choroebua
2183 3896 2320 3949 alius
2335 3916 2533 3951 merno-

385 3989 607 4044 nantur,
625 3978 680 4031 in
707 3996 769 4032 ea
801 3978 976 4033 latere.
999 3978 1067 4030 Et
1090 3978 1200 4049 ipse
1223 3977 1306 4031 vir
1325 3976 1416 4030 do-
1494 3990 1653 4031 ratur
1672 3997 1703 4030 a
1720 3978 1888 4031 Statio
1904 4017 1918 4042 ,
1941 3976 2111 4029 Theb.
2133 3978 2159 4029 1
2173 4013 2189 4040 ,
2210 3976 2329 4030 650.
2352 3978 2455 4031 En.

386 4057 653 4111 ctissimus
669 4077 733 4111 ex
753 4058 973 4113 Ausonii
989 4057 1286 4129 Epitapbiis
1302 4057 1414 4110 her.

387 4137 552 4210 epigr.
577 4156 639 4190 υ
657 4178 672 4204 ,
711 4136 950 4210 adlegat,
990 4138 1080 4191 ubi
1112 4137 1340 4191 Ennomi
1363 4147 1416 4189 et

1578 4064 1694 4125 ²49·
1740 4060 1986 4125 Neptunia
2031 4059 2179 4125 Troja
2202 4078 2221 4107 .-
2264 4076 2293 4111 e
2316 4058 2531 4129 Virgilii

1504 4138 1627 4191 AEn.
1650 4138 1735 4203 11,
1758 4135 1888 4205 625,
1913 4136 2095 4201 etm,
2124 4137 2176 4192 3.

2806 4204 2973 4625 Δ
