2975 4684
446 381 489 502 ⁷.

492 357 542 428 6
1043 356 1409 427 SUMMA
1466 357 1972 428 CARMINIS

518 477 757 536 ditatem
779 476 1057 537 torrentis
1078 476 1343 558 spiritus,
1358 478 1462 559 qui
1488 491 1650 538 tanta
1669 480 1904 538 levitate
1925 491 1985 538 et
2003 479 2330 553 celeritate,
2353 493 2574 558 quanta

518 571 625 630 vix
650 571 957 630 oculorum
985 571 1307 649 conjectus,
1337 571 1558 632 feratur
1585 595 1608 632 τ
1638 561 1996 652 similemque
2037 573 2120 632 ait
2159 593 2284 632 esse
2325 573 2440 633 faci
2478 575 2577 632 lu-

520 664 714 736 strali,
742 681 917 744 quam
944 662 1048 723 ubi
1071 662 1343 724 sacerdos
1373 665 1437 724 in
1465 665 1906 726 lustrationibus
1939 665 2158 743 quatit,
2204 685 2310 724 ora
2338 665 2576 744 quidem

520 752 588 820 εἰ,
604 774 856 836 corpora
882 757 1141 817 omnium
1178 758 1422 818 flammae
1455 759 1845 838 exagitatione
1874 759 2172 832 afflantur,
2205 758 2354 818 nihil
2389 771 2578 819 tamen

520 869 756 923 eorum,
796 869 929 929 quae
967 851 1201 910 admota
1242 852 1339 911 fax
1381 849 1616 924 lambit,
1657 851 1928 912 aduritur
1967 863 2070 911 aut
2097 853 2328 930 rapitur
2365 851 2524 933 (356
2537 850 2578 930 ).

522 949 611 1004 Ex
647 945 739 1004 his
764 944 1085 1017 concludit,
1128 957 1315 1006 totum
1340 944 1620 1024 impetum
1647 945 1796 1024 ignis
1811 945 2019 1006 AEtnaei
2047 962 2124 1004 ex
2144 945 2298 1004 auris
2327 945 2582 1005 externis

521 1038 885 1116 internisque
922 1037 1405 1098 concurrentibus
1441 1037 1586 1098 oriri
1611 1081 1628 1111 ,
1676 1049 1852 1116 atque
1898 1036 1991 1096 his
2035 1049 2228 1096 actum
2277 1053 2481 1097 arenas
2527 1050 2586 1094 et

522 1147 664 1189 saxa
705 1130 961 1207 ingentia
1004 1143 1300 1204 eructare,
1340 1146 1463 1188 non
1503 1149 1669 1190 secus
1713 1149 1780 1189 ac
1825 1131 1982 1190 silvis
2023 1130 2316 1208 Aquilone
2361 1129 2588 1209 agitatis

446 1255 449 1260 ·
478 1245 483 1248 ·
524 1241 635 1302 per
658 1221 898 1283 brachia
933 1243 1230 1283 ramorum
1272 1223 1622 1302 complicata
1652 1224 1844 1304 ignem
1889 1236 2238 1300 conceptum
2269 1241 2508 1302 serpere
2531 1233 2592 1280 et

524 1316 843 1395 propagari
877 1315 1141 1376 videmus
1174 1314 1357 1396 (3610).
1392 1319 1523 1375 Nec
1547 1315 1778 1394 opinari
1805 1331 1938 1374 cum
1965 1315 2146 1394 vulgo
2177 1311 2492 1386 debemus,
2521 1332 2591 1371 ac

524 1409 573 1468 si
587 1452 605 1481 ,
638 1428 819 1488 quum
850 1410 1164 1488 aliquando
1204 1429 1372 1470 mons
1408 1411 1682 1491 quiescit,
1729 1409 1790 1468 id
1827 1422 2078 1487 propter
2113 1408 2420 1467 exhaustas
2465 1405 2592 1484 ejus

523 1502 705 1575 vires,
738 1515 797 1562 et
826 1501 1186 1562 deiicientem
1224 1503 1477 1563 incendii
1523 1503 1827 1562 materiam
1857 1502 1976 1560 flat.
2016 1500 2271 1560 Interior
2313 1501 2373 1558 et'
2405 1499 2592 1557 latens

484 1621 489 1626 ·
524 1613 728 1677 caussa
757 1607 875 1669 est,
903 1595 1035 1675 quae
1062 1597 1431 1674 eruptionem
1458 1609 1736 1656 moratur.
1771 1595 1927 1656 Fieri
1952 1606 2178 1674 potest,
2217 1603 2286 1652 ut
2318 1591 2591 1672 quando·-

526 1705 641 1766 que
670 1689 864 1748 fauces
890 1702 1185 1748 meatuum
1212 1690 1514 1752 ruinarum
1542 1687 1829 1772 congerie¹
1845 1689 2223 1768 oppleantur,
2261 1705 2378 1764 qua
2419 1699 2588 1764 post-

523 1801 700 1860 quam
742 1781 1101 1868 aliquamdiu
1134 1783 1401 1862 oppressi
1438 1795 1577 1842 sunt
1615 1781 1806 1855 venti,
1839 1781 2096 1840 velocius
2127 1790 2336 1857 urgent
2367 1789 2426 1836 et
2451 1797 2594 1856 per-

524 1887 809 1955 rumpunt
838 1875 1096 1954 objectas
1130 1877 1342 1949 moles',
1382 1887 1442 1934 et
1480 1875 1674 1935 acrior
1708 1875 1954 1933 flammae
1995 1873 2248 1952 impetus
2279 1871 2345 1928 fit
2385 1869 2535 1942 (382
2551 1869 2622 1948 ).·

527 1971 658 2028 Jam
703 1970 892 2048 pergit
941 1981 1146 2028 auctor
1192 1968 1268 2028 ad
1313 1967 1837 2028 considerationem
1867 1967 2122 2024 materiae
2155 1963 2434 2034 diversae,
2471 1961 2596 2039 igni

528 2061 917 2140 concipiendo
951 2075 1101 2140 aptae
1119 2107 1137 2134 ,
1172 2079 1291 2140 qua
1318 2061 1651 2122 incendium
1683 2065 1870 2122 AEtnae
1911 2059 2104 2118 alitur.
2148 2062 2250 2117 Est
2279 2075 2424 2113 vero
2453 2073 2597 2133 per-

530 2168 711 2232 petuo
734 2154 944 2213 ardens
974 2151 1175 2228 sulfur,
1208 2173 1465 2214 crassum
1487 2153 1754 2214 bitumen
1777 2155 1840 2212 in
1864 2155 2050 2212 AEtnae
2077 2147 2416 2220 visceribus,
2437 2148 2600 2224 quod

536 2247 649 2324 ipsi
684 2247 873 2306 fontes
909 2267 943 2305 e
976 2248 1189 2306 montis
1226 2247 1524 2306 radicibus
1559 2259 1930 2324 erumpentes
1973 2257 2148 2321 atque
2185 2231 2368 2300 odore
2399 2240 2603 2298 insecti

532 2337 933 2398 demonstrant
955 2339 1102 2417 (393
1118 2339 1157 2419 ).
1190 2345 1331 2398 Pars
1364 2340 1492 2417 ejus
1533 2340 1792 2398 materiae
1842 2338 1990 2396 adeo
2025 2355 2152 2416 prae
2198 2333 2382 2393 oculis
2411 2333 2600 2411 jacet,

532 2444 658 2490 toto
694 2446 893 2492 monte
928 2432 1367 2512 conspicienda,
1410 2432 1618 2514 lapidis
1644 2433 1858 2505 instar,
1884 2443 1945 2490 et
1974 2430 2178 2509 pingui
2217 2445 2394 2486 succo
2434 2427 2604 2484 flam-

534 2545 688 2585 mam
716 2528 893 2588 alens.
926 2529 1101 2607 Lapis
1131 2529 1452 2608 praesertim
1482 2528 1718 2588 molaris
1745 2545 1948 2586 caussa
1983 2523 2238 2584 incendii
2275 2535 2364 2581 est
2383 2566 2400 2594 ,
2423 2558 2428 2562 -
2452 2521 2602 2580 adeo

540 2619 761 2699 rigidus
780 2665 797 2693 ,
842 2633 909 2679 nt
930 2622 979 2681 si
1004 2623 1069 2680 in
1095 2640 1329 2682 manum
1362 2641 1555 2681 sumas
1574 2665 1591 2693 ,
1620 2621 1778 2679 ferro
1805 2621 1992 2699 possis
2021 2619 2214 2696 ignem
2245 2613 2600 2687 extundere,

540 2715 643 2773 sed
677 2715 845 2774 facile
872 2714 1110 2776 domare
1138 2728 1199 2775 et
1228 2715 1606 2794 liquefacere,
1639 2714 1686 2772 si
1711 2713 1774 2771 in
1801 2713 2050 2770 multum
2075 2711 2271 2789 ignem
2295 2708 2602 2786 conjicias,

540 2827 713 2887 quem
740 2807 847 2868 ubi
871 2811 1046 2868 semel
1077 2811 1377 2888 concepit,
1412 2809 1596 2868 denso
1629 2827 1696 2866 ac
1733 2807 1950 2886 stipato
1989 2821 2240 2882 corpore
2284 2802 2606 2862 diutissime

541 2904 795 2962 calorem
827 2903 1048 2976 nutrit,
1078 2923 1212 2974 nec,
1244 2901 1453 2981 saepius
1474 2902 1614 2960 licet
1641 2900 1850 2958 hausto
1882 2899 2012 2977 igne
2027 2941 2052 2969 ,.
2078 2897 2254 2974 plane
2287 2895 2608 2953 destruitur

542 2995 567 3078 (
582 2999 745 3075 423).
784 2995 933 3058 Aliis
970 2996 1206 3076 quidem
1243 2996 1305 3053 in
1346 2995 1487 3054 locis
1524 2995 1795 3052 novimus
1835 2991 2050 3050 similes
2093 2999 2370 3048 cavernas
2413 2989 2606 3066 ignem

543 3089 830 3161 emisisse,
859 3091 922 3148 in
961 3089 1173 3168 quibus
1212 3090 1387 3148 etiam
1433 3088 1621 3165 major
1664 3087 1833 3166 copia
1865 3084 2120 3144 materiae
2151 3081 2422 3141 incendio
2457 3093 2610 3159 aptae

544 3181 819 3254 nascitur,
848 3181 951 3240 sed
980 3201 1110 3259 quae
1148 3181 1276 3259 ipso
1308 3181 1522 3239 coloris
1555 3181 1719 3259 signo
1753 3178 1981 3257 prodit,
2007 3195 2126 3234 non
2160 3189 2378 3234 tantam
2407 3174 2464 3233 ei
2491 3175 2607 3232 vim

544 3274 695 3352 ignis
721 3271 930 3352 saepi'ns
958 3273 1265 3352 reparandi
1295 3275 1499 3332 inesse.
1524 3274 1618 3334 Sic
1641 3273 1876 3334 AEnaria
1902 3271 2118 3341 insula,
2149 3270 2394 3347 flagrans
2414 3287 2608 3346 quon-

548 3365 710 3440 dam,
749 3385 904 3426 nunc
931 3367 1105 3445 plane
1146 3368 1433 3426 exstincta
1461 3377 1566 3426 est.
1609 3371 1864 3444 Campus
1893 3364 2044 3420 inter
2079 3361 2366 3440 Neapolin
2398 3373 2458 3418 et
2488 3363 2612 3418 Cu-

546 3479 697 3534 mas,
720 3461 986 3539 quamvis
1014 3462 1199 3519 multo
1227 3461 1447 3518 sulfure
1479 3459 1742 3539 pinguiS,
1776 3458 1896 3534 jam
1927 3455 2122 3514 nmltis
2154 3451 2230 3511 ab
2259 3453 2427 3511 annis
2453 3452 2610 3529 frigi-

548 3553 677 3614 dus.
720 3555 1030 3632 Strongyle
1070 3555 1289 3626 insula,
1331 3554 1518 3612 multo
1549 3551 1787 3630 quidem
1817 3549 2037 3608 sulfure
2069 3559 2130 3606 et
2157 3547 2318 3605 silice
2346 3556 2609 3616 constat,

548 3647 648 3708 scd
678 3667 814 3706 raro*
840 3645 1188 3720 incenditur,
1208 3646 1369 3726 quod
1391 3647 1632 3712 materia
1655 3663 1772 3702 non
1797 3655 1932 3721 apta
1953 3640 2194 3699 flammis
2217 3639 2434 3697 diutius
2457 3638 2612 3696 alen-

548 3737 656 3800 dis.
692 3741 825 3801 Alia
850 3739 1103 3820 denique
1128 3759 1201 3798 ex
1226 3739 1428 3800 AEoliis
1456 3739 1643 3799 insula
1661 3783 1678 3812 ,
1717 3736 1926 3808 Hiera,
1957 3734 2174 3811 majore
2204 3733 2264 3789 in
2299 3743 2466 3808 parte
2501 3728 2612 3788 du-

550 3833 688 3894 dum
717 3834 971 3893 refrixit:
1000 3835 1181 3893 altera
1211 3847 1407 3914 parte,
1444 3851 1576 3910 quae
1609 3833 1804 3891 minor
1843 3843 1902 3888 et
1947 3839 2037 3886 sat
2079 3827 2282 3905 pingui
2329 3825 2462 3883 solo
2491 3837 2577 3880 est
2597 3855 2612 3882 2

550 3927 716 3988 ardet
756 3925 1020 4005 quidem,
1067 3925 1168 3986 sed
1210 3947 1329 3984 non
1384 3947 1452 3985 ca
1495 3925 1752 3985 ardentis
1800 3923 2054 3982 materiae
2104 3920 2274 3998 eopia
2317 3929 2404 3976 est
2427 3961 2444 3989 ,
2483 3935 2613 3994 quae

551 4027 784 4084 AEtnaeae
810 4022 1203 4099 aequiparetur
1231 4017 1435 4098 (446).
1475 4020 1592 4079 Sed
1625 4031 1812 4076 certas
1845 4013 2099 4075 incendii
2139 4031 2366 4070 caussas
2397 4011 2456 4068 in
2487 4011 2610 4087 ipsa

552 4117 724 4176 AEtna
758 4111 1155 4177 demonstrant
1193 4111 1460 4172 ardentes
1490 4111 1744 4190 lapides,
1775 4109 1988 4188 quibus
2032 4122 2215 4165 mons·
2238 4106 2390 4165 circa
2431 4105 2612 4162 latera
