2975 4684
537 376 688 446 -306

1127 375 1623 444 PETRONII
1689 378 2107 444 ARBITRI

643 501 820 571 Hinc
857 496 1043 566 molli
1085 496 1259 567 stilla
1298 496 1516 584 lacus,
1550 512 1617 566 et
1652 498 1734 566 de
1774 496 2051 567 caudice
2086 496 2268 566 lento

641 608 964 679 vimineae
995 606 1250 693 lances,
1285 606 1751 701 maculataque
1786 622 1953 679 testa
1988 611 2207 703 Lyaeo.

649 722 734 787 At
782 718 1000 812 paries
1045 716 1220 785 circa
1265 716 1452 810 palea
1504 719 1779 786 satiatus
1820 718 2039 801 inani,

637 828 1074 921 Fortuitoque
1109 824 1285 896 luto:
1323 825 1551 899 clavus
1581 827 1981 897 numerabat
2016 828 2350 920 agrestes;

639 944 724 1007 Et
758 938 952 1006 viridi
979 938 1188 1029 junco
1225 936 1490 1031 gracilis
1524 936 1855 1032 pendebat
1888 936 2175 1007 arunde.

539 1122 756 1177 trahant
782 1120 970 1173 samia
997 1119 1238 1171 convivia
1267 1130 1410 1172 testae
1427 1161 1442 1185 ,
1473 1120 1565 1172 Fi-

541 1215 731 1273 ctaque
767 1200 1008 1253 Cumana
1051 1198 1256 1251 lubrica
1301 1210 1439 1251 terra
1483 1218 1571 1251 ro·

547 1295 594 1335 ta
619 1307 659 1331 n.
689 1278 841 1331 Idem
881 1276 950 1330 de
989 1276 1285 1347 priscorum
1327 1276 1531 1349 poculis
1550 1314 1566 1341 ‚

541 1372 604 1413 ut
629 1360 816 1412 Noster
838 1356 969 1427 ipse,
993 1354 1087 1407 lib.
1109 1357 1163 1421 1,
1189 1356 1254 1423 39
1279 1375 1292 1409 z
1323 1382 1344 1401 -
1363 1355 1567 1409 Fictilia

540 1439 792 1511 antiquus
839 1435 1072 1507 primum
1114 1435 1212 1487 sibi
1249 1435 1374 1488 fecit
1412 1453 1565 1507 agre-

541 1519 629 1573 stis
648 1516 872 1581 Pocula,
899 1514 966 1569 de
993 1515 1132 1569 facili
1161 1516 1568 1588 composuitque

545 1598 662 1731 '⁰²6⁰-
709 1637 834 1731 'Hinc
873 1678 1010 1727 molli
1049 1678 1180 1727 stilla
1225 1676 1379 1725 lacus.
1429 1670 1564 1724 Cod.

537 1756 802 1829 scaligeri,
836 1758 1052 1828 ejusque
1081 1752 1258 1814 editio,
1282 1752 1573 1825 proeferunt

543 1841 670 1891 Hinc
695 1840 834 1888 molli
860 1837 992 1887 stilla
1021 1838 1165 1886 lanas.
1207 1830 1310 1886 Sed
1338 1830 1571 1903 Scaliger

539 1922 651 1991 jam
676 1915 902 1987 margini
927 1912 1278 1983 adscripscrat
1313 1915 1481 1973 lacus,
1519 1923 1571 1963 et

445 1990 448 1995 ¹
537 1999 614 2051 sic
637 1994 921 2070 legendum
943 1990 1216 2063 contendit
1235 1988 1571 2045 Lindenbro·

541 2078 804 2149 gius‚Var.
827 2074 951 2127 lect.
976 2073 1030 2125 in
1051 2072 1218 2125 Catal.
1241 2084 1295 2123 et
1313 2070 1571 2125 Chi-istius

541 2158 596 2209 in
618 2158 860 2209 Excursu
876 2164 997 2224 post
1012 2150 1191 2203 villat.
1217 2170 1269 2223 p.
1297 2152 1415 2218 267.
1439 2154 1566 2201 Hinc

539 2238 676 2287 molli
718 2238 874 2287 scilloe
908 2236 1038 2283 latus
1073 2228 1324 2303 stephan.
1364 2240 1416 2280 et
1435 2230 1566 2281 Tra-

541 2334 656 2385 gur.
679 2312 798 2366 cod.
817 2308 976 2363 Unde
991 2308 1335 2363 VVouwerius
1355 2307 1567 2361 volebat

541 2398 668 2448 Hinc
690 2394 849 2445 mollis
872 2392 1018 2440 stilla
1037 2392 1176 2439 lacus
1189 2408 1207 2438 .-
1227 2386 1565 2439 Burmannus

539 2492 665 2526 vero
687 2469 834 2524 dedit
855 2472 1013 2521 mollis
1037 2471 1192 2519 scillae
1217 2472 1353 2519 lacus
1369 2505 1383 2527 ,
1408 2480 1468 2520 ut
1489 2468 1565 2519 in.

537 2551 676 2605 dicet
707 2553 880 2603 vimam
917 2550 1188 2608 scillinum,
1236 2547 1386 2617 cujus
1426 2549 1564 2601 ratio

537 2626 857 2685 conficiendi
892 2626 1116 2679 traditur
1159 2645 1188 2678 a
1230 2627 1517 2681 Columella
1546 2669 1561 2695 ,

537 2710 646 2763 XII
665 2747 680 2773 ‚
723 2708 788 2761 33
805 2748 820 2773 ,
865 2704 1028 2779 idque
1072 2706 1277 2758 caeteris
1320 2704 1563 2759 virorum

537 2789 814 2843 doctorum
835 2785 1153 2859 conjecturis
1169 2783 1561 2857 praeferendum

537 2881 687 2940 putat
712 2866 1004 2919 Burmann.
1031 2882 1136 2916 sec.
1165 2864 1277 2935 Ego
1302 2880 1428 2916 vero
1454 2864 1562 2917 vini

537 2947 731 3001 scillini
771 2942 1209 3016 compositionem
1243 2960 1272 2995 a
1307 2941 1560 3013 simplici-

539 3040 645 3081 tate
671 3026 857 3101 priscae
878 3023 1000 3075 vitae
1016 3060 1031 3085 ,
1054 3040 1173 3094 quse
1194 3020 1282 3073 hic
1309 3018 1563 3075 describi-

539 3120 626 3159 tur
643 3148 658 3173 ,
685 3106 844 3179 plane
879 3102 1107 3156 alienam
1136 3112 1269 3173 puto
1291 3138 1306 3165 ,
1347 3113 1399 3153 et
1427 3105 1566 3155 molli

536 3190 669 3238 stilla
697 3189 835 3237 lacus
862 3182 1101 3254 prefero.
1127 3182 1300 3251 Atque
1327 3178 1455 3232 alias
1477 3183 1562 3235 vel

535 3268 865 3337 conjecturas
884 3298 900 3325 ,
922 3260 1004 3312 vel
1031 3258 1384 3313 aberrationes
1410 3261 1560 3315 codi-

535 3363 662 3399 cum
678 3352 930 3413 praetereo
951 3377 966 3403 ,
981 3350 1040 3391 nt
1057 3342 1216 3391 mollis
1235 3343 1351 3392 cilia,-
1364 3380 1379 3405 ‚
1397 3346 1561 3394 molis·-

537 3428 676 3483 tilla,
708 3423 1022 3473 molliscelloe.
1054 3419 1226 3471 Lacus
1263 3431 1339 3472 est
1374 3424 1559 3473 lacuna

537 3506 619 3555 ubi
637 3520 772 3569 aqua
791 3498 1032 3550 contineri
1037 3511 1204 3565 potest
1216 3537 1231 3559 ,
1257 3510 1315 3550 ut
1337 3498 1408 3551 ait
1426 3500 1561 3553 Var-

535 3604 626 3647 ro,
652 3582 714 3634 L.
741 3580 802 3631 L.
820 3578 913 3631 lib.
941 3578 1040 3629 IV.
1065 3576 1326 3631 Chi-istius
1346 3578 1560 3651 exponit

537 3662 818 3715 cisternam
863 3676 1014 3731 aqnae
1063 3656 1280 3709 celestis
1327 3658 1557 3728 plenam.

535 3740 809 3815 Significat
849 3736 1117 3791 Petronius
1140 3773 1156 3801 ,
1184 3736 1356 3807 prisc'a
1405 3750 1557 3791 aetate

534 3840 644 3875 non
666 3818 816 3872 fossis
836 3816 1052 3870 inducta
1075 3814 1238 3868 maria
1251 3856 1265 3881 ,
1283 3834 1381 3869 nec
1400 3829 1486 3869 tan
1494 3818 1560 3871 tis

534 3898 783 3972 impensis
806 3895 1032 3971 piscinas
1045 3894 1305 3960 habuisse,
1321 3893 1411 3947 sed
1433 3914 1557 3949 con-

533 3990 704 4032 tentos
723 3978 912 4031 lacuna
927 4016 943 4041 ‚
959 3975 1168 4049 qualem
1187 3974 1334 4027 stillae
1352 3974 1553 4029 conflu-

528 4059 618 4110 τίει
648 4059 894 4112 fecerant.

603 4155 652 4207 7.
677 4138 913 4187 Vimineoe
937 4138 1124 4187 lances.
1149 4132 1376 4205 Tragur.
1411 4134 1552 4183 vimi-

1655 1140 1775 1180 neo,
1822 1118 1910 1171 alii
1953 1122 2186 1171 ulmim'oe.
2228 1116 2469 1190 Intelligo
2506 1116 2680 1171 lances

1654 1202 1888 1271 ligneas,
1923 1202 2007 1253 vel
2040 1198 2251 1252 vascula
2300 1198 2440 1251 lento
2484 1198 2681 1250 vimine

1654 1292 1912 1333 contexta.
1934 1296 2012 1319 ·-
2046 1282 2401 1346 naualemque
2423 1278 2677 1331 Burman.

1655 1359 1771 1411 vult
1793 1376 2052 1430 exponere
2076 1358 2235 1409 rubra
2256 1376 2321 1409 ex
2343 1356 2521 1411 colore
2541 1357 2649 1409 vini
2662 1396 2679 1419 ,

1656 1436 1850 1493 deinde
1871 1436 2029 1490 etiam
2056 1440 2303 1487 cumulata
2327 1435 2646 1489 substituere
2664 1472 2680 1499 ‚

1654 1517 1693 1569 i.
1727 1534 1777 1567 e.
1818 1515 1970 1586 plena
2014 1528 2069 1567 et
2111 1526 2361 1567 coronata
2403 1514 2549 1567 vino.
2577 1514 2681 1567 Sed

1656 1594 1845 1648 melius
1892 1594 2153 1648 Clu-istius
2170 1632 2187 1657 ,
2234 1594 2330 1665 qui
2375 1592 2682 1666 adspersam

1656 1674 1832 1745 potius
1877 1674 2004 1729 faece
2041 1673 2178 1737 vini,
2220 1692 2381 1745 quam
2425 1674 2683 1745 repletam

1658 1772 1806 1805 mero
1846 1751 2087 1825 intelligit
2108 1794 2126 1819 ,
2162 1766 2320 1824 atque
2356 1752 2484 1807 inde
2522 1753 2681 1807 vilem

1656 1844 1865 1904 potum.
1988 1844 1991 1847 ’

1729 1915 1779 1967 8.
1806 1916 1956 1965 Palea
1982 1914 2188 1963 salimus
2210 1913 2367 1973 Inani,
2404 1910 2437 1963 i.
2465 1930 2514 1965 e.
2544 1924 2679 1965 stra·

1657 1992 1799 2043 mine
1848 2003 1901 2045 et
1948 1990 2103 2063 palea
2148 1988 2361 2045 abunde
2408 1992 2641 2063 repletus
2660 2033 2679 2059 ,

1656 2070 1903 2124 densatus
1934 2070 2013 2123 vel
2036 2070 2284 2123 inductus
2296 2110 2313 2137 ,
2330 2070 2679 2141 quemadmo-

1655 2150 1784 2204 dum
1809 2150 2004 2203 Statius
2022 2189 2037 2213 ,
2060 2150 2187 2205 Silv.
2208 2150 2265 2218 I,
2292 2170 2345 2214 a,
2372 2150 2469 2203 153
2495 2170 2510 2203 :
2532 2178 2556 2199 ι
2578 2154 2681 2205 Ro·

1654 2230 1781 2283 bora
1819 2228 2113 2283 Dalmatico
2142 2230 2322 2283 lucent
2346 2230 2537 2285 satiata
2564 2249 2677 2296 me·

1654 2307 1910 2376 tallo»‚i.
1958 2328 2004 2361 e.
2052 2328 2229 2363 crasso
2272 2328 2404 2363 auro
2440 2309 2677 2364 inducta.

1651 2390 1717 2441 Et
1747 2400 2044 2441 «saturatas
2080 2388 2282 2441 murice
2312 2401 2522 2443 vestes-
2544 2388 2679 2443 dixit

1654 2466 1815 2519 ovid.
1846 2468 1971 2520 Her.
1997 2468 2159 2533 xm,
2185 2468 2272 2537 37.

1720 2564 1769 2615 9.
1798 2551 2102 2616 Romanoque
2139 2552 2265 2609 luto,
2294 2546 2349 2601 h.
2391 2567 2437 2601 e.
2478 2549 2677 2621 ubique

1649 2627 1807 2679 obvio
1825 2664 1841 2690 ,
1869 2638 1919 2679 et
1963 2626 2098 2679 forte
2127 2626 2323 2679 oblato·
2364 2626 2451 2680 Sic
2488 2626 2675 2683 Horat.

1650 2706 1882 2759 Cat-min.
1913 2706 2003 2768 H,
2040 2704 2140 2771 15,
2182 2723 2276 2775 17:
2308 2706 2457 2759 «Nec
2492 2708 2679 2761 fortui-

1650 2796 1762 2837 tum
1794 2803 2039 2856 spernere
2064 2785 2313 2858 cespitem
2341 2786 2509 2859 Leges
2538 2788 2677 2841 sine·

1648 2864 1781 2917 bant
1792 2889 1833 2917 ι.
1850 2866 1933 2919 Sic
1952 2880 2127 2918 autem
2144 2866 2437 2937 priscorum
2451 2868 2677 2937 parietes

1648 2944 1818 2997 factos
1836 2944 1921 2997 alii
1944 2943 2187 2997 similiter
2205 2956 2518 2999 memorant.
2540 2947 2675 3001 Plin.

1648 3022 1741 3076 lib.
1779 3022 2004 3105 ssXXV,
2030 3042 2079 3075 c.
2120 3024 2414 3085 tdzulllini
2454 3025 2675 3098 quidem

1648 3114 1815 3155 crates
1850 3102 2109 3175 parietum
2148 3104 2259 3157 luto
2276 3144 2293 3171 ,
2330 3116 2382 3157 et
2422 3105 2675 3161 lateribus

1646 3180 1824 3235 crudis
1846 3181 2075 3249 exstrui,
2108 3182 2228 3253 quis
2255 3184 2541 3253 ignorat?·
2573 3185 2673 3239 Se·

1646 3279 1775 3316 neca
1794 3302 1811 3327 ‚
1835 3262 1982 3333 epist.
2008 3279 2072 3315 xc
2095 3279 2110 3313 ε
2142 3262 2435 3334 «Virgeam
2470 3276 2673 3319 cratem

1645 3350 1922 3392 texuerunt
1949 3358 2140 3405 manu,
2166 3352 2217 3395 et
2238 3342 2329 3393 vili
2354 3342 2675 3399 obleverunt

1646 3420 1757 3471 luto
1776 3444 1819 3471 a.
1838 3450 1895 3459 —
1909 3422 2081 3471 &avus
2113 3424 2403 3473 numerabat
2426 3438 2669 3491 agrestes.

1645 3498 1731 3551 Sic
1770 3496 1887 3549 cod.
1914 3498 2141 3569 Tragur.
2184 3499 2357 3571 prima
2384 3500 2510 3554 edit.
2540 3502 2671 3557 Sea-

1646 3578 1773 3649 liger
1786 3618 1803 3643 ,
1837 3590 1996 3649 atque
2016 3576 2310 3649 Stephanus
2323 3615 2339 3642 ‚
2367 3578 2460 3631 ubi
2486 3590 2671 3635 tamen

1645 3661 1839 3709 clausos
1882 3656 1937 3708 in
1979 3656 2232 3729 margine.
2269 3656 2427 3712 Unde
2454 3658 2668 3715 Grono-

1646 3735 1760 3789 vius
1778 3734 1926 3789 dedit
1940 3777 1955 3803 ,
1978 3736 2198 3790 Observa
2219 3737 2276 3788 11
2291 3774 2306 3799 ,
2337 3736 2390 3799 5,
2422 3763 2443 3785 ι
2460 3739 2669 3795 clausos

1644 3816 1925 3871 umbrabat
1964 3830 2191 3889 agrestes
2214 3842 2266 3879 ι,
2296 3817 2445 3890 quod
2486 3819 2667 3873 multis

1644 3896 1835 3949 arrisit.
1866 3897 2151 3967 vulgatam
2192 3897 2467 3951 lectionem
2510 3902 2663 3949 clavis

1642 3980 1928 4029 ›ieamer-abae
1950 3980 2187 4045 agresteis
2208 3974 2444 4031 defendit
2460 3977 2668 4031 Gonsa-

1641 4054 1771 4117 lius,
1800 4067 1853 4109 et
1888 4054 2221 4123 Perizonius,
2242 4056 2517 4111 Animadv.
2542 4056 2661 4111 hist.

1640 4152 1754 4205 cap.
1784 4134 1813 4186 5
1834 4172 1849 4198 ,
1882 4152 2003 4206 quai
2040 4146 2219 4188 tamen
2259 4154 2291 4189 a
2328 4136 2553 4207 Tragur.
2588 4136 2661 4189 le-
