2975 4684
977 377 1476 448 AUCTORE
1538 373 1871 444 AETNAE.
2400 376 2492 448 23

349 509 532 598 Sope
563 506 628 571 ei
661 509 732 572 111
765 509 1146 574 memoriam
1177 498 1490 574 miracula
1518 505 1777 588 Siciliae,
1804 505 2160 595 praesentim
2190 504 2457 572 AEtnam
2475 553 2495 588 ,

349 612 696 678 revocabat
713 661 732 695 ,
765 627 964 702 atque
993 629 1074 679 ut
1111 609 1609 704 diligentissime
1644 609 1979 701 inquirere
2008 625 2077 678 et
2108 631 2499 702 cognoscere

351 719 546 785 vellet
563 766 582 800 ,
615 718 1003 786 hortabatur
1023 719 1143 810 (1).
1179 717 1507 786 Lucilium
1532 717 1816 784 vicissim
1848 714 2174 800 voluntati
2200 707 2461 784 Senecae
2476 765 2497 799 ,

353 842 420 890 et
451 847 574 890 suo
616 825 822 914 ipsius
849 819 1070 892 studio
1101 805 1549 916 obsequutum
1568 873 1588 908 ,
1613 826 1893 915 ‘coepisse
1918 823 2215 915 quaedam
2242 847 2496 890 memo·

351 930 580 996 rabilia
601 930 830 998 siciliae
855 955 1050 998 versu
1075 954 1443 1030 exponere,
1481 930 1775 1014 ejusdem
1816 932 2195 998 testimonio
2238 931 2497 996 Senecae

353 1037 614 1129 probari
643 1055 880 1128 potest.
926 1039 1180 1106 Laudat
1210 1041 1322 1106 hic
1355 1062 1591 1130 poema
1630 1039 1891 1122 Lucilii,
1924 1061 2061 1128 quo
2090 1037 2501 1127 descripserit

353 1145 740 1212 Arethusam
765 1195 784 1230 ,
833 1146 1086 1214 fontem
1119 1148 1350 1214 Sieiliae
1365 1197 1386 1231 ,
1421 1149 1535 1213 cui
1564 1147 1889 1237 Alpheum
1902 1195 1923 1230 ,
1958 1145 2228 1212 fluvium
2258 1143 2463 1210 Elidis
2479 1192 2499 1227 ,

351 1269 526 1318 terra
550 1254 938 1345 absorptum
964 1270 1032 1322 et
1066 1257 1292 1324 subter
1315 1279 1499 1322 mare
1527 1254 1922 1322 defluentem
1956 1254 2213 1320 misceri
2244 1253 2315 1318 in
2342 1253 2500 1318 Sici·-

349 1358 438 1424 lia
471 1359 789 1442 ferebant.
831 1364 934 1428 De
969 1383 1056 1430 eo
1095 1361 1282 1430 fonte
1323 1377 1695 1429 narraverat
1722 1363 2007 1429 Lucilius
2025 1409 2044 1444 ,
2078 1383 2230 1426 eum
2268 1361 2500 1449 quinta

351 1485 618 1555 quaque
645 1483 896 1552 aestate,
927 1492 1050 1560 per
1085 1471 1423 1562 Olympia,
1463 1470 1737 1551 eiectare
1784 1483 2211 1560 purgamenta
2227 1515 2246 1550 ,
2294 1465 2499 1554 idque

353 1569 510 1636 inde
533 1570 673 1638 fieri
687 1621 710 1656 ,
749 1575 934 1664 quod
961 1577 1254 1667 Alpheus
1281 1577 1486 1643 Elidis
1508 1625 1527 1662 ,
1560 1577 1677 1642 ubi
1710 1577 2016 1665 Olympia
2050 1574 2462 1640 celebrantur
2476 1618 2495 1653 ,

349 1697 434 1744 ex
466 1677 706 1744 Achaia
735 1703 818 1746 eo
847 1703 1058 1773 usque
1083 1699 1434 1774 penetrans
1450 1732 1470 1768 ,
1504 1699 1575 1750 et
1606 1705 1875 1748 cursum
1897 1681 2023 1748 sub
2052 1703 2231 1746 mare
2262 1700 2459 1770 agens
2475 1725 2495 1759 ,

353 1805 480 1848 nec
507 1801 662 1852 ante
678 1834 699 1869 ,
731 1810 930 1878 quam
967 1791 1038 1854 in
1065 1791 1476 1880 Syracusano
1500 1791 1693 1855 litore
1722 1809 2060 1878 emergens
2080 1835 2099 1869 ‚
2132 1787 2211 1851 iis
2235 1785 2467 1850 diebus
2480 1833 2499 1868 ,

353 1890 596 1978 quibus
619 1894 920 1984 Olympia
941 1913 1100 1963 sunt
1114 1945 1133 1979 ,
1157 1898 1569 1962 victimarum
1594 1911 1843 1961 stercus
1869 1891 2161 1959 secundo
2186 1891 2499 1958 traditum

353 1992 612 2062 flumini
641 1998 872 2066 reddat
891 2001 1004 2089 (a).
1029 2003 1097 2068 Si
1119 2003 1404 2068 Lucilius
1425 2018 1723 2066 naturam
1748 1999 2081 2065 Arethusae
2094 2045 2115 2080 ,
2149 2013 2217 2062 et
2244 2019 2498 2062 caussas

353 2101 712 2181 ‘doctorum
749 2124 1335 2197 purgamentorum
1369 2124 1503 2174 tam
1530 2109 1660 2173 late
1692 2124 1761 2172 et
1794 2106 2125 2170 luculente
2144 2153 2164 2188 ,
2193 2117 2269 2168 ut
2299 2102 2499 2193 signi-

355 2204 546 2274 ficare
565 2209 808 2278 Seneca
827 2213 1109 2295 videtur,
1137 2215 1438 2304 exposuit
1455 2263 1474 2298 ,
1504 2215 1611 2278 vix
1642 2212 1939 2280 dubitare
1961 2212 2111 2276 licet
2124 2259 2143 2294 ,
2174 2209 2497 2304 singulare

355 2313 488 2378 hoc
513 2336 777 2382 carmen
801 2316 884 2384 de
911 2321 1269 2404 Arethusa,
1299 2337 1412 2385 aut
1443 2321 1668 2386 saltem
1700 2335 1953 2409 partem
1976 2318 2235 2398 majoris
2262 2314 2498 2380 carmi·-

357 2420 458 2484 nis
487 2419 725 2507 finisse,
761 2446 898 2513 quo
920 2425 1002 2491 de
1029 2425 1432 2492 mirabilibus
1469 2426 1699 2493 Siciliae
1729 2424 1973 2506 fluviis,
2000 2425 2168 2488 forte
2195 2423 2385 2486 etiam
2414 2420 2501 2484 de

353 2647 516 2701 nihil
539 2665 706 2722 prope
730 2639 1204 2724 contemplandum
1229 2652 1591 2718 demonstret3
1628 2663 1681 2706 et
1706 2667 1875 2724 quum
1902 2667 1951 2702 v.
1976 2649 2077 2703 253
2099 2646 2265 2712 dicit,
2290 2673 2317 2693 κ
2338 2646 2487 2700 Tan·

351 2746 472 2800 Um
491 2753 632 2809 opus
655 2751 782 2794 suto
809 2738 974 2812 pedes
997 2742 1226 2796 transioe
1247 2754 1302 2796 et
1323 2740 1547 2813 perduc
1580 2757 1767 2812 segnes
1788 2761 1811 2786 ο
1830 2775 1849 2803 ,
1894 2749 1947 2792 et
1962 2757 2015 2792 ν.
2039 2735 2140 2808 595
2162 2765 2193 2804 ,·
2212 2761 2239 2784 e·
2262 2735 2493 2790 Artificis

353 2833 554 2878 nature
589 2825 775 2900 ingens
813 2847 952 2902 opus
988 2827 1204 2902 adspice
1224 2856 1267 2882 -.
1301 2829 1384 2884 Ex
1421 2847 1488 2884 eo
1530 2828 1690 2882 facile
1732 2826 2015 2898 colligitur,
2048 2842 2241 2898 poema
2284 2824 2341 2876 in
2382 2824 2495 2895 ipsa

353 2909 534 2968 Sicilia
566 2915 820 2989 scriptum
857 2937 1002 2984 esse,
1033 2931 1088 2972 et
1131 2917 1386 2991 scriptum
1427 2935 1543 2971 esse
1584 2936 1615 2969 a
1662 2914 1871 2970 Lucilio
1890 2952 1906 2979 ,
1933 2913 2027 2985 qui
2070 2913 2126 2965 in
2168 2911 2348 2966 Sicilia
2388 2913 2497 2964 fere

353 2997 690 3058 domicilium
731 3004 996 3074 habehat,
1025 3007 1359 3078 multumque
1399 3005 1567 3060 studii
1615 3005 1669 3057 in
1718 3001 2095 3076 cognoscendis
2148 3001 2262 3072 ejus
2311 2999 2497 3053 insulas

353 3088 692 3147 mirabilibus
727 3095 982 3168 ponebat.
1009 3093 1115 3149 Eu.

435 3217 517 3286 (1)
551 3213 784 3281 Seneca,
810 3215 1030 3290 epistola
1068 3235 1225 3272 unx
1251 3236 1265 3270 ε
1296 3245 1321 3265 α
1341 3217 1604 3290 Exspecto
1651 3217 1896 3291 epistolas
1946 3225 2061 3268 tuas
2080 3251 2096 3278 ,
2125 3213 2319 3285 quibus
2363 3211 2496 3266 mihi

355 3305 588 3372 indices,
625 3305 932 3360 circumitus
973 3305 1161 3360 Sicilia!
1199 3305 1362 3362 totius
1396 3305 1530 3379 quid
1564 3305 1663 3359 tibi
1706 3305 1833 3359 novi
1862 3302 2153 3358 ostenderit
2167 3341 2197 3374 ,ι
2228 3314 2282 3356 et
2320 3301 2499 3355 omnia

355 3395 425 3451 de
463 3396 577 3468 ipsa
611 3395 886 3469 Charybdi
923 3395 1147 3451 certiora
1165 3421 1210 3450 -.
1245 3395 1430 3450 Paullo
1458 3406 1607 3469 post:
1631 3419 1655 3443 c
1674 3393 1730 3449 Si
1766 3393 1881 3448 hnc
1922 3393 2055 3447 mihi
2094 3391 2461 3464 pei-scripseris
2478 3428 2496 3453 ,

355 3495 486 3539 tuuc
535 3483 633 3537 tibi
684 3483 894 3539 audebo
945 3484 1234 3552 mandare,
1260 3497 1322 3538 ut
1371 3486 1429 3539 in
1483 3485 1747 3538 honorem
1794 3501 1975 3536 meum
2028 3483 2241 3536 AEtnam
2282 3497 2501 3552 quoque

355 3571 610 3627 ascendas
627 3599 673 3627 υ.
703 3571 854 3627 Idem
870 3614 886 3641 ,
913 3574 1132 3646 epistola
1149 3591 1205 3626 n
1228 3591 1242 3626 :
1272 3599 1298 3618 α
1315 3571 1603 3640 Quomodo
1638 3570 1864 3645 quisque
1882 3581 2083 3642 potest,
2112 3569 2188 3622 mi
2208 3568 2381 3621 Lucili
2402 3586 2416 3621 ε
2440 3578 2501 3623 tu

357 3661 474 3716 istic
511 3660 680 3716 hahes
719 3664 932 3716 AEtnam
945 3701 963 3728 ‚
991 3663 1142 3717 illum
1181 3663 1577 3718 nobilissimum
1612 3662 1797 3718 sicilia
1838 3674 2076 3716 montem
2100 3683 2147 3713 ι.

423 3783 502 3852 (a)
533 3781 734 3837 Seneca
751 3821 768 3850 ,
799 3783 981 3838 Natur.
1013 3785 1121 3850 Qu.
1141 3783 1238 3839 lib.
1258 3785 1342 3838 111
1359 3822 1378 3850 ,
1405 3803 1523 3856 cap.
1562 3787 1660 3838 ²6:
1684 3781 1963 3849 «Quidam
1986 3783 2161 3834 sontes
2194 3792 2340 3834 certo
2368 3777 2499 3832 temss

357 3887 490 3942 pore
521 3881 870 3942 purgamenta
903 3873 1157 3946 ejectam:
1183 3885 1244 3926 ut
1273 3873 1537 3927 Arethusa
1561 3873 1617 3926 iu
1652 3871 1826 3928 Sicilia
1846 3871 2031 3943 quinta
2052 3887 2267 3942 quaque
2292 3879 2469 3922 astate
2484 3907 2498 3930 ‚

357 3977 456 4031 per
509 3959 780 4034 Olympia.
825 3960 958 4015 Inde
1003 3961 1189 4034 opinio
1237 3974 1342 4026 est,
1371 3963 1615 4034 Alpheon
1653 3979 1717 4016 ex
1754 3959 1957 4015 Achaia
2006 3977 2071 4013 eo
2116 3977 2283 4031 usque
2330 3975 2495 4030 pene·

359 4061 502 4102 trare
512 4087 665 4102 .....
695 4049 814 4104 Hoc
847 4065 902 4105 et
937 4071 970 4106 a
1007 4064 1060 4104 te
1091 4052 1342 4106 traditum
1389 4065 1466 4106 est
1510 4053 1567 4106 in
1610 4064 1853 4125 poemate
1868 4089 1885 4116 ,
1912 4050 2082 4102 Lucili
2120 4048 2421 4114 carissime,
2442 4059 2497 4100 et

364 4157 392 4190 a
415 4137 647 4209 Virgilio
664 4176 680 4204 ‚
703 4139 796 4212 qui
831 4140 1120 4214 alloquitur
1156 4142 1467 4196 Arethusam
1485 4162 1501 4193 1
1527 4145 1607 4194 Sic
1635 4145 1724 4194 tibi
1760 4160 1907 4208 quum
1925 4143 2114 4210 fluctus
2130 4177 2143 4198 ,
2174 4150 2273 4191 etc.
2296 4163 2321 4182 ω
