2975 4684
747 401 884 468 AD
947 399 1279 468 SALEII
1347 397 1629 466 BASSI
1698 377 2136 468 CARMEN.
2367 396 2503 494 295

379 544 415 583 a
451 541 626 587 sacra
663 519 833 584 linea
869 517 1198 584 movendo
1215 567 1234 601 ,
1273 535 1348 582 ut
1389 541 1529 584 rem
1560 520 1964 608 aliquantum
1994 520 2087 608 (1)
2118 523 2504 587 restitueret.

383 620 664 686 Proinde
701 621 928 688 calculi
961 622 1146 686 inciti
1179 621 1346 686 male
1376 643 1412 684 a
1445 619 1783 711 scaligero.
1806 621 1879 684 in
1906 643 2084 686 sacra
2122 623 2290 688 linea
2312 628 2509 691 collo-

381 737 631 788 cantur.
661 723 854 790 Inciti
879 722 1220 804 dicuntur,
1246 722 1358 810 qui
1392 722 1639 788 moveri
1662 744 1800 786 non
1828 739 2123 810 possunt.
2146 726 2229 790 At
2255 741 2506 792 tantum

382 824 636 907 aberat,
670 840 746 889 ut
769 825 1056 892 calculus
1091 825 1160 889 in
1189 846 1366 890 sacra
1388 824 1556 890 linea
1582 825 1827 890 moveri
1843 847 1982 890 >non
2009 841 2260 914 posset,
2289 844 2364 892 ut
2389 851 2509 915 po-

384 927 548 1010 tius,
601 928 657 994 si
689 930 968 1018 urgente
1004 929 1384 992 necessitate
1413 927 1519 991 alii
1560 942 1777 992 essent
1800 927 2217 1010 immobiles,
2262 928 2440 992 hunc
2472 953 2510 994 a

381 1028 554 1094 linea
579 1052 840 1126 movere
871 1051 1132 1096 necesse
1171 1040 1357 1094 esset.
1395 1028 1597 1112 Quod
1620 1029 1674 1093 si
1706 1027 1971 1094 tandem
1997 1051 2075 1094 ex
2114 1045 2333 1094 mente
2356 1030 2509 1094 Soa-

383 1131 566 1228 ligeri
586 1132 1007 1220 proverbium
1029 1131 1192 1196 illud
1208 1131 1290 1195 ad
1320 1133 1557 1196 lineam
1584 1131 1879 1196 ultimam
1912 1132 2011 1196 vel
2028 1153 2273 1196 sacram
2297 1133 2363 1195 in
2384 1133 2512 1198 XII

385 1235 638 1322 scriptis
661 1233 1078 1300 referendum
1103 1251 1220 1316 est,
1237 1257 1373 1317 cur,
1392 1235 1907 1322 quaeso,Veteres
1924 1232 2154 1298 dicunt
2174 1232 2255 1297 ad
2287 1235 2515 1298 ιἠσὶεαε

385 1334 712 1424 redigere,
751 1359 886 1400 non
939 1336 1204 1401 incitam
1221 1384 1241 1416 ‚
1289 1359 1497 1425 quum
1538 1358 1674 1400 non
1715 1337 1934 1425 plures
1979 1358 2111 1399 una
2144 1335 2279 1400 sint
2327 1335 2511 1402 lineae

387 1435 615 1502 incitae.
653 1436 1000 1526 Pei-peram
1029 1438 1228 1528 igitur
1255 1439 1536 1528 Scaliger
1554 1439 1623 1500 in
1650 1437 1869 1526 phrasi
1900 1438 2019 1502 ista
2052 1437 2249 1503 lineas
2276 1439 2513 1504 intelli·

385 1537 516 1626 git,
552 1561 825 1629 eamque
857 1539 940 1606 ad
979 1539 1212 1606 ludum
1259 1540 1388 1604 XII
1410 1540 1822 1630 'scriptorum
1856 1541 2072 1605 refert.
2107 1541 2367 1606 Rectius
2398 1563 2519 1606 nos

385 1662 504 1728 per
555 1643 784 1708 thoitus
825 1643 1369 1734 subintelligimus
1421 1641 1627 1706 calces
1646 1689 1665 1720 ,
1721 1664 1865 1730 quae
1879 1691 1897 1724 ,
1957 1659 2033 1706 ut
2086 1645 2312 1708 Festus
2356 1665 2516 1707 voce

395 1740 635 1808 Cancri
665 1745 756 1808 ait
774 1793 794 1826 ,
831 1765 952 1831 per
993 1743 1499 1810 diminutionem
1536 1742 1771 1808 calculi
1806 1743 2188 1809 dicebantur
2208 1795 2225 1828 ,
2273 1765 2337 1813 et
2363 1767 2518 1834 pro-

386 1844 592 1908 verbii
623 1845 940 1910 rationem
971 1869 1008 1909 a
1044 1845 1202 1912 ludo
1233 1847 1631 1912 calculorum
1668 1846 1769 1910 vel
1805 1845 2317 1914 latrunculorum
2351 1855 2518 1940 peti·-

389 1967 536 2010 mus
557 1994 574 2027 ,
615 1947 796 2035 quod
833 1948 1025 2014 etiam
1061 1948 1404 2015 Salmasius
1438 1947 1523 2012 ad
1551 1947 1782 2036 Script.
1813 1948 1977 2014 Hist.
2011 1951 2178 2039 Aug.
2206 1967 2389 2018 tomo
2416 1957 2514 2039 11,

386 2071 451 2136 p.
489 2047 652 2136 739,
685 2067 753 2116 et
777 2051 1115 2116 Souterius
1143 2099 1161 2133 ,
1199 2050 1281 2115 de
1313 2051 1520 2116 Aleat.
1566 2050 1673 2115 lib.
1708 2050 1773 2131 I,
1818 2072 1957 2138 cap.
1994 2073 2113 2133 22,
2146 2039 2511 2123 senserunt.

391 2149 578 2214 Inciti
611 2166 864 2218 tantum
903 2153 1129 2220 calculi
1167 2151 1505 2234 dicuntur,
1528 2175 1663 2220 non
1700 2152 1903 2217 lineae.
1937 2153 1991 2216 li
2023 2176 2176 2218 vero
2210 2155 2291 2222 ad
2328 2179 2515 2222 eum-

390 2250 540 2316 dem
591 2253 824 2320 ludum
861 2257 1226 2344 pertinent,
1263 2255 1344 2320 ad
1377 2277 1585 2344 quem·
1611 2255 1837 2320 calculi
1874 2254 2181 2324 ordinarii
2214 2275 2285 2326 et.
2327 2263 2517 2351 vagi,

392 2375 562 2440 quos
596 2354 886 2420 Isidorus
925 2357 1156 2422 eodem
1181 2358 1329 2422 loco
1368 2357 1681 2422 nominat.
1726 2355 1939 2422 Calces
1971 2373 2188 2426 autem
2237 2384 2359 2449 pro
2388 2367 2517 2428 cal-

391 2455 552 2520 culis
592 2457 990 2544 antiquiores
1021 2461 1366 2548 scriptores
1404 2460 1647 2541 Latini,
1694 2475 1889 2546 atque
1923 2461 1969 2523 ii
2008 2462 2131 2550 ipsi
2175 2461 2517 2550 dixerunt,

390 2557 504 2644 qui
565 2558 914 2626 formulam
959 2561 1054 2625 ad
1084 2563 1310 2626 incitas
1355 2561 1631 2650 redegere
1676 2552 2063 2648 frequenter
2091 2585 2513 2652 usurparunt.

392 2657 496 2724 Sic
517 2661 829 2744 Lucilius,
855 2662 964 2728 lib.
997 2663 1188 2728 XIV:

665 2796 1044 2850 Naumachiam
1069 2797 1192 2850 licet
1219 2799 1364 2860 haec,
1387 2800 1639 2870 inquam,
1672 2798 2044 2869 alveolumque
2072 2811 2253 2908 putare
2282 2813 2331 2854 et

671 2878 866 2934 Calces.

389 3017 716 3111 Praecipue
740 3023 878 3086 ‚hoc
905 3025 1112 3110 palam
1147 3023 1218 3088 fit
1257 3047 1330 3088 ex
1369 3025 1512 3087 loco
1548 3021 1790 3098 Plauti,
1837 3046 2031 3110 quem
2072 3048 2267 3112 supra
2312 3027 2520 3094 addu-

389 3147 599 3194 ximus
632 3147 648 3187 :

674 3261 820 3328 Quin
839 3263 982 3332 prius
1001 3259 1300 3334 disperibit,
1319 3261 1439 3312 saxo
1453 3301 1470 3326 ,
1488 3279 1647 3332 quam
1670 3278 1829 3312 unam
1854 3260 2052 3314 calcem
2074 3262 2274 3316 civerit.

391 3415 678 3480 Verbum
715 3417 872 3479 ciere
903 3416 1164 3505 proprie
1197 3414 1280 3480 de
1307 3412 1632 3478 movendo
1666 3413 1913 3477 calculo
1944 3431 2317 3503 usurpatur.
2356 3417 2524 3480 Hinc

389 3519 545 3582 citus
571 3517 812 3583 dicitur
825 3519 1066 3582 Nostro
1085 3568 1102 3600 ,
1125 3542 1182 3581 v.
1220 3541 1375 3603 191.,
1402 3517 1515 3605 qui
1541 3531 1883 3603 promotus
1908 3529 2034 3596 est3
2060 3533 2257 3604 atque
2274 3519 2517 3598 incitus,

458 3766 536 3834 (1)
569 3763 696 3817 Hoc
722 3764 875 3836 plane
897 3781 1043 3817 mens
1068 3773 1146 3816 est
1173 3761 1302 3814 Julii
1329 3761 1585 3826 Pollucis,
1625 3760 1713 3811 lib.
1744 3757 1823 3809 lx
1842 3797 1858 3824 ,
1892 3777 1942 3828 7,
1970 3758 2035 3817 de
2064 3761 2275 3830 πεττιίᾳ
2299 3771 2349 3810 et
2380 3778 2524 3813 sacra

391 3841 528 3896 linea
567 3843 850 3914 loquentis.
888 3843 954 3895 Et
984 3841 1325 3914 proverbium
1345 3879 1362 3904 ,
1403 3839 1550 3913 quod
1590 3839 1680 3892 ille
1708 3849 1963 3891 memorat
1981 3876 1995 3900 ,
2042 3845 2155 3893 κινῶ
2183 3842 2265 3894 τὸν
2297 3839 2381 3910 ἀφ’
2398 3843 2525 3914 ἱερᾶς

387 3923 500 3978 fere
527 3921 766 3996 ejusdem
792 3924 1060 3976 sententia
1085 3931 1163 3974 est
1181 3960 1196 3984 ,
1221 3939 1282 3973 ac
1310 3915 1442 3973 illu'd
1465 3922 1593 3994 ἱερὰν
1626 3923 1837 3992 ἄγκυραν
1860 3921 2119 3989 χαλάζειν,
2142 3937 2341 3969 sacram
2369 3939 2527 3971 anco-

392 4027 498 4062 ram
517 4013 732 4068 solvere,
763 4007 816 4062 h.
839 4028 886 4062 e.
905 4005 972 4060 ad
996 4019 1222 4060 extrema
1243 4005 1484 4078 presidia
1508 4005 1807 4076 confugere.
1840 4004 1975 4056 Nam
1998 4001 2313 4056 validissima
2336 4021 2527 4057 ancora

389 4110 531 4144 saci-a
570 4103 816 4158 vocatur,
858 4109 1024 4164 eaque
1073 4104 1186 4144 tum
1231 4089 1448 4144 demum
1492 4089 1715 4142 mittitur
1736 4128 1751 4155 ,
1800 4105 1967 4158 quum
2012 4099 2248 4140 extremo
2292 4088 2529 4142 laborant

391 4174 706 4232 discrimine.
736 4175 960 4240 Gallice,
989 4195 1141 4228 ancre
1167 4177 1232 4226 de
1262 4179 1420 4234 salue,
1453 4177 1516 4225 de
1546 4174 1873 4224 min‘n'corde.
1914 4172 2016 4224 En.
