<?xml version="1.0" encoding="UTF-8"?>
<!DOCTYPE html PUBLIC "-//W3C//DTD XHTML 1.0 Transitional//EN"
    "http://www.w3.org/TR/xhtml1/DTD/xhtml1-transitional.dtd">
<html xmlns="http://www.w3.org/1999/xhtml" xml:lang="en" lang="en">
 <head>
  <title>
</title>
<meta http-equiv="Content-Type" content="text/html;charset=utf-8" />
  <meta name='ocr-system' content='tesseract 3.04.00' />
  <meta name='ocr-capabilities' content='ocr_page ocr_carea ocr_par ocr_line ocrx_word'/>
</head>
<body>
  <div class='ocr_page' id='page_1' title='image "./poetaelatinimin00unkngoog_0310.png"; bbox 0 0 2975 4684; ppageno 0'>
   <div class='ocr_carea' id='block_1_1' title="bbox 905 384 1867 457">
    <p class='ocr_par' dir='ltr' id='par_1_1' title="bbox 905 384 1867 457">
     <span class='ocr_line' id='line_1_1' title="bbox 905 384 1867 457; baseline 0.006 -6"><span class='ocrx_word' id='word_1_1' title='bbox 905 384 1372 455; x_wconf 87' lang='lat' dir='ltr'><strong>CARMINA</strong></span> <span class='ocrx_word' id='word_1_2' title='bbox 1433 388 1867 457; x_wconf 86' lang='lat' dir='ltr'><strong>MINORA.</strong></span> 
     </span>
    </p>
   </div>
   <div class='ocr_carea' id='block_1_2' title="bbox 2314 379 2443 461">
    <p class='ocr_par' dir='ltr' id='par_1_2' title="bbox 2314 379 2443 461">
     <span class='ocr_line' id='line_1_2' title="bbox 2314 379 2443 461; baseline 0 0"><span class='ocrx_word' id='word_1_3' title='bbox 2314 379 2443 461; x_wconf 78' lang='lat'><strong>301</strong></span> 
     </span>
    </p>
   </div>
   <div class='ocr_carea' id='block_1_3' title="bbox 417 502 2457 1372">
    <p class='ocr_par' dir='ltr' id='par_1_3' title="bbox 417 502 2451 825">
     <span class='ocr_line' id='line_1_3' title="bbox 417 502 2451 608; baseline 0.006 -38"><span class='ocrx_word' id='word_1_4' title='bbox 417 506 568 571; x_wconf 89' lang='lat' dir='ltr'><strong>Huc</strong></span> <span class='ocrx_word' id='word_1_5' title='bbox 605 502 794 587; x_wconf 79' lang='lat' dir='ltr'><strong>adeS,</strong></span> <span class='ocrx_word' id='word_1_6' title='bbox 825 528 866 571; x_wconf 92' lang='lat' dir='ltr'><strong>o</strong></span> <span class='ocrx_word' id='word_1_7' title='bbox 903 505 1143 575; x_wconf 87' lang='lat' dir='ltr'><strong>Bacchi</strong></span> <span class='ocrx_word' id='word_1_8' title='bbox 1175 518 1382 593; x_wconf 85' lang='lat' dir='ltr'><strong>tutor,</strong></span> <span class='ocrx_word' id='word_1_9' title='bbox 1419 508 1899 608; x_wconf 82' lang='lat' dir='ltr'><strong>Dryadumque</strong></span> <span class='ocrx_word' id='word_1_10' title='bbox 1938 509 2276 607; x_wconf 84' lang='lat' dir='ltr'><strong>voluptas,</strong></span> <span class='ocrx_word' id='word_1_11' title='bbox 2428 531 2451 568; x_wconf 86' lang='lat'>⁵</span> 
     </span>
     <span class='ocr_line' id='line_1_4' title="bbox 421 614 2187 716; baseline 0.006 -36"><span class='ocrx_word' id='word_1_12' title='bbox 421 614 508 680; x_wconf 89' lang='lat' dir='ltr'><strong>Et</strong></span> <span class='ocrx_word' id='word_1_13' title='bbox 545 614 812 683; x_wconf 85' lang='lat' dir='ltr'><strong>timidas</strong></span> <span class='ocrx_word' id='word_1_14' title='bbox 851 614 1130 684; x_wconf 76' lang='lat' dir='ltr'><strong>admitte</strong></span> <span class='ocrx_word' id='word_1_15' title='bbox 1167 641 1394 710; x_wconf 83' lang='lat' dir='ltr'><strong>preces</strong></span> <span class='ocrx_word' id='word_1_16' title='bbox 1423 642 1440 685; x_wconf 75' lang='grc' dir='ltr'><strong><em>ε</em></strong></span> <span class='ocrx_word' id='word_1_17' title='bbox 1481 643 1619 687; x_wconf 87' lang='lat' dir='ltr'><strong>non</strong></span> <span class='ocrx_word' id='word_1_18' title='bbox 1654 615 1979 716; x_wconf 76' lang='lat' dir='ltr'><strong>sanguine</strong></span> <span class='ocrx_word' id='word_1_19' title='bbox 2014 622 2187 693; x_wconf 89' lang='lat' dir='ltr'><strong>tristi</strong></span> 
     </span>
     <span class='ocr_line' id='line_1_5' title="bbox 417 722 2015 825; baseline 0.008 -36"><span class='ocrx_word' id='word_1_20' title='bbox 417 722 732 793; x_wconf 85' lang='lat' dir='ltr'><strong>Perfusus</strong></span> <span class='ocrx_word' id='word_1_21' title='bbox 767 724 989 810; x_wconf 88' lang='lat' dir='ltr'><strong>venio,</strong></span> <span class='ocrx_word' id='word_1_22' title='bbox 1029 729 1170 794; x_wconf 83' lang='lat' dir='ltr'><strong>no&#39;n</strong></span> <span class='ocrx_word' id='word_1_23' title='bbox 1215 726 1479 820; x_wconf 87' lang='lat' dir='ltr'><strong>templis</strong></span> <span class='ocrx_word' id='word_1_24' title='bbox 1524 728 1773 825; x_wconf 88' lang='lat' dir='ltr'><strong>impius</strong></span> <span class='ocrx_word' id='word_1_25' title='bbox 1805 730 2015 801; x_wconf 87' lang='lat' dir='ltr'><strong>hostis</strong></span> 
     </span>
    </p>

    <p class='ocr_par' dir='ltr' id='par_1_4' title="bbox 423 829 2101 935">
     <span class='ocr_line' id='line_1_6' title="bbox 423 829 2101 935; baseline 0.007 -36"><span class='ocrx_word' id='word_1_26' title='bbox 423 829 706 901; x_wconf 84' lang='lat' dir='ltr'>Admovi</span> <span class='ocrx_word' id='word_1_27' title='bbox 741 833 1040 903; x_wconf 85' lang='lat' dir='ltr'><strong>dextram</strong></span> <span class='ocrx_word' id='word_1_28' title='bbox 1070 860 1090 919; x_wconf 93' lang='lat'>;</span> <span class='ocrx_word' id='word_1_29' title='bbox 1127 835 1240 903; x_wconf 88' lang='lat' dir='ltr'><strong>sed</strong></span> <span class='ocrx_word' id='word_1_30' title='bbox 1284 837 1478 931; x_wconf 88' lang='lat' dir='ltr'><strong>inops</strong></span> <span class='ocrx_word' id='word_1_31' title='bbox 1516 853 1583 907; x_wconf 90' lang='lat' dir='ltr'><strong>et</strong></span> <span class='ocrx_word' id='word_1_32' title='bbox 1618 840 1819 910; x_wconf 87' lang='lat' dir='ltr'><strong>rebus</strong></span> <span class='ocrx_word' id='word_1_33' title='bbox 1853 866 2101 935; x_wconf 87' lang='lat' dir='ltr'><strong>egenus</strong></span> 
     </span>
    </p>

    <p class='ocr_par' dir='ltr' id='par_1_5' title="bbox 420 942 1863 1041">
     <span class='ocr_line' id='line_1_7' title="bbox 420 942 1863 1041; baseline 0.008 -33"><span class='ocrx_word' id='word_1_34' title='bbox 420 942 716 1028; x_wconf 85' lang='lat' dir='ltr'><strong>Attritis,</strong></span> <span class='ocrx_word' id='word_1_35' title='bbox 759 942 1018 1013; x_wconf 86' lang='lat' dir='ltr'><strong>facinus</strong></span> <span class='ocrx_word' id='word_1_36' title='bbox 1051 970 1189 1013; x_wconf 87' lang='lat' dir='ltr'><strong>non</strong></span> <span class='ocrx_word' id='word_1_37' title='bbox 1229 960 1372 1015; x_wconf 90' lang='lat' dir='ltr'><strong>toto</strong></span> <span class='ocrx_word' id='word_1_38' title='bbox 1403 971 1687 1041; x_wconf 85' lang='lat' dir='ltr'><strong>corpore</strong></span> <span class='ocrx_word' id='word_1_39' title='bbox 1720 948 1863 1020; x_wconf 84' lang='lat' dir='ltr'><strong>feci.</strong></span> 
     </span>
    </p>

    <p class='ocr_par' dir='ltr' id='par_1_6' title="bbox 418 1052 2457 1261">
     <span class='ocr_line' id='line_1_8' title="bbox 418 1052 2457 1159; baseline 0.008 -40"><span class='ocrx_word' id='word_1_40' title='bbox 418 1052 742 1148; x_wconf 86' lang='lat' dir='ltr'><strong>Quisquis</strong></span> <span class='ocrx_word' id='word_1_41' title='bbox 763 1070 994 1150; x_wconf 86' lang='lat' dir='ltr'><strong>peccat</strong></span> <span class='ocrx_word' id='word_1_42' title='bbox 1013 1056 1209 1150; x_wconf 88' lang='lat' dir='ltr'><strong>inops</strong></span> <span class='ocrx_word' id='word_1_43' title='bbox 1223 1110 1243 1139; x_wconf 93' lang='lat'><strong>,</strong></span> <span class='ocrx_word' id='word_1_44' title='bbox 1266 1056 1490 1129; x_wconf 85' lang='lat' dir='ltr'><strong>minor</strong></span> <span class='ocrx_word' id='word_1_45' title='bbox 1510 1074 1610 1127; x_wconf 87' lang='lat' dir='ltr'><strong>est</strong></span> <span class='ocrx_word' id='word_1_46' title='bbox 1632 1083 1801 1129; x_wconf 85' lang='lat' dir='ltr'><strong>reus.</strong></span> <span class='ocrx_word' id='word_1_47' title='bbox 1824 1066 1968 1131; x_wconf 84' lang='lat' dir='ltr'><strong>Hac</strong></span> <span class='ocrx_word' id='word_1_48' title='bbox 1986 1087 2457 1159; x_wconf 83' lang='lat' dir='ltr'><strong>prece,quaeso,</strong></span> 
     </span>
     <span class='ocr_line' id='line_1_9' title="bbox 421 1165 2088 1261; baseline 0.007 -30"><span class='ocrx_word' id='word_1_49' title='bbox 421 1165 730 1233; x_wconf 85' lang='lat' dir='ltr'><strong>Exonera</strong></span> <span class='ocrx_word' id='word_1_50' title='bbox 766 1182 1098 1251; x_wconf 88' lang='lat' dir='ltr'><strong>mentem,</strong></span> <span class='ocrx_word' id='word_1_51' title='bbox 1131 1165 1474 1260; x_wconf 84' lang='lat' dir='ltr'><strong>culpaeque</strong></span> <span class='ocrx_word' id='word_1_52' title='bbox 1509 1168 1779 1261; x_wconf 85' lang='lat' dir='ltr'><strong>ignosce</strong></span> <span class='ocrx_word' id='word_1_53' title='bbox 1824 1173 2088 1241; x_wconf 87' lang='lat' dir='ltr'><strong>minori.</strong></span> 
     </span>
    </p>

    <p class='ocr_par' dir='ltr' id='par_1_7' title="bbox 421 1276 2074 1372">
     <span class='ocr_line' id='line_1_10' title="bbox 421 1276 2074 1372; baseline 0.007 -31"><span class='ocrx_word' id='word_1_54' title='bbox 421 1276 540 1361; x_wconf 90' lang='lat' dir='ltr'><strong>Et,</strong></span> <span class='ocrx_word' id='word_1_55' title='bbox 575 1276 978 1372; x_wconf 80' lang='lat' dir='ltr'><strong>quandoque</strong></span> <span class='ocrx_word' id='word_1_56' title='bbox 1013 1277 1178 1345; x_wconf 88' lang='lat' dir='ltr'><strong>mihi</strong></span> <span class='ocrx_word' id='word_1_57' title='bbox 1217 1276 1504 1345; x_wconf 75' lang='lat' dir='ltr'><strong>fortunae</strong></span> <span class='ocrx_word' id='word_1_58' title='bbox 1540 1279 1849 1351; x_wconf 84' lang='lat' dir='ltr'><strong>adriserit</strong></span> <span class='ocrx_word' id='word_1_59' title='bbox 1879 1307 2074 1369; x_wconf 82' lang='lat' dir='ltr'><strong>aura,</strong></span> 
     </span>
    </p>
   </div>
   <div class='ocr_carea' id='block_1_4' title="bbox 295 1513 1360 4220">
    <p class='ocr_par' dir='ltr' id='par_1_8' title="bbox 295 1513 1348 1583">
     <span class='ocr_line' id='line_1_11' title="bbox 295 1513 1348 1583; baseline 0.004 -20"><span class='ocrx_word' id='word_1_60' title='bbox 295 1516 522 1583; x_wconf 80' lang='lat' dir='ltr'><strong>flumina</strong></span> <span class='ocrx_word' id='word_1_61' title='bbox 542 1518 650 1566; x_wconf 71' lang='lat' dir='ltr'><strong>Nili</strong></span> <span class='ocrx_word' id='word_1_62' title='bbox 667 1513 795 1567; x_wconf 87' lang='lat' dir='ltr'><strong>dicit</strong></span> <span class='ocrx_word' id='word_1_63' title='bbox 817 1514 972 1568; x_wconf 83' lang='lat' dir='ltr'><strong>Ovid.</strong></span> <span class='ocrx_word' id='word_1_64' title='bbox 993 1515 1204 1567; x_wconf 82' lang='lat' dir='ltr'><strong>Metam.</strong></span> <span class='ocrx_word' id='word_1_65' title='bbox 1221 1514 1348 1579; x_wconf 84' lang='lat' dir='ltr'><strong>XV,</strong></span> 
     </span>
    </p>

    <p class='ocr_par' dir='ltr' id='par_1_9' title="bbox 308 1591 1347 2859">
     <span class='ocr_line' id='line_1_12' title="bbox 317 1591 1344 1666; baseline -0.001 -20"><span class='ocrx_word' id='word_1_66' title='bbox 317 1592 455 1662; x_wconf 75' lang='lat'><strong>7533</strong></span> <span class='ocrx_word' id='word_1_67' title='bbox 479 1606 556 1659; x_wconf 88' lang='lat' dir='ltr'><strong>et,</strong></span> <span class='ocrx_word' id='word_1_68' title='bbox 583 1594 626 1647; x_wconf 88' lang='lat' dir='ltr'><strong>si</strong></span> <span class='ocrx_word' id='word_1_69' title='bbox 645 1597 787 1647; x_wconf 74' lang='lat' dir='ltr'><strong>Nilus</strong></span> <span class='ocrx_word' id='word_1_70' title='bbox 805 1593 908 1647; x_wconf 90' lang='lat' dir='ltr'><strong>hoc</strong></span> <span class='ocrx_word' id='word_1_71' title='bbox 927 1594 1045 1647; x_wconf 87' lang='lat' dir='ltr'><strong>loeo</strong></span> <span class='ocrx_word' id='word_1_72' title='bbox 1061 1591 1344 1666; x_wconf 79' lang='lat' dir='ltr'><strong>legendum</strong></span> 
     </span>
     <span class='ocr_line' id='line_1_13' title="bbox 313 1674 1344 1745; baseline 0 -20"><span class='ocrx_word' id='word_1_73' title='bbox 313 1686 395 1726; x_wconf 86' lang='lat' dir='ltr'><strong>est</strong></span> <span class='ocrx_word' id='word_1_74' title='bbox 408 1714 424 1739; x_wconf 89' lang='lat'>‚</span> <span class='ocrx_word' id='word_1_75' title='bbox 444 1676 714 1745; x_wconf 79' lang='lat' dir='ltr'><strong>sequentia</strong></span> <span class='ocrx_word' id='word_1_76' title='bbox 737 1693 847 1727; x_wconf 84' lang='lat' dir='ltr'><strong>non</strong></span> <span class='ocrx_word' id='word_1_77' title='bbox 876 1674 1200 1728; x_wconf 82' lang='lat' dir='ltr'><strong>conveniunt</strong></span> <span class='ocrx_word' id='word_1_78' title='bbox 1226 1688 1344 1725; x_wconf 78' lang='lat' dir='ltr'><strong>cem·</strong></span> 
     </span>
     <span class='ocr_line' id='line_1_14' title="bbox 308 1756 1346 1823; baseline -0.001 -17"><span class='ocrx_word' id='word_1_79' title='bbox 308 1758 546 1822; x_wconf 69' lang='lat' dir='ltr'><strong>pluraque</strong></span> <span class='ocrx_word' id='word_1_80' title='bbox 569 1758 662 1806; x_wconf 73' lang='lat' dir='ltr'><strong>cuis</strong></span> <span class='ocrx_word' id='word_1_81' title='bbox 689 1758 894 1823; x_wconf 72' lang='lat' dir='ltr'><strong>imponit</strong></span> <span class='ocrx_word' id='word_1_82' title='bbox 913 1757 1156 1823; x_wconf 74' lang='lat' dir='ltr'><strong>Hypaepis.</strong></span> <span class='ocrx_word' id='word_1_83' title='bbox 1188 1756 1346 1806; x_wconf 84' lang='lat' dir='ltr'><strong>Recte</strong></span> 
     </span>
     <span class='ocr_line' id='line_1_15' title="bbox 311 1832 1346 1903; baseline 0 -18"><span class='ocrx_word' id='word_1_84' title='bbox 311 1834 481 1903; x_wconf 83' lang='lat' dir='ltr'><strong>igitur</strong></span> <span class='ocrx_word' id='word_1_85' title='bbox 513 1832 832 1901; x_wconf 81' lang='lat' dir='ltr'><strong>Turnebus,</strong></span> <span class='ocrx_word' id='word_1_86' title='bbox 863 1832 1082 1887; x_wconf 82' lang='lat' dir='ltr'><strong>Advers.</strong></span> <span class='ocrx_word' id='word_1_87' title='bbox 1125 1832 1346 1893; x_wconf 78' lang='lat' dir='ltr'><strong>XXVI,</strong></span> 
     </span>
     <span class='ocr_line' id='line_1_16' title="bbox 315 1911 1341 1985; baseline 0 -20"><span class='ocrx_word' id='word_1_88' title='bbox 315 1932 430 1985; x_wconf 82' lang='lat' dir='ltr'><strong>cap.</strong></span> <span class='ocrx_word' id='word_1_89' title='bbox 455 1914 522 1979; x_wconf 85' lang='lat'><strong>6,</strong></span> <span class='ocrx_word' id='word_1_90' title='bbox 563 1924 616 1966; x_wconf 90' lang='lat' dir='ltr'><strong>et</strong></span> <span class='ocrx_word' id='word_1_91' title='bbox 646 1912 934 1967; x_wconf 84' lang='lat' dir='ltr'><strong>Lindenbr.</strong></span> <span class='ocrx_word' id='word_1_92' title='bbox 979 1914 1036 1965; x_wconf 90' lang='lat' dir='ltr'><strong>in</strong></span> <span class='ocrx_word' id='word_1_93' title='bbox 1069 1918 1190 1965; x_wconf 82' lang='lat' dir='ltr'><strong>Var.</strong></span> <span class='ocrx_word' id='word_1_94' title='bbox 1225 1911 1341 1965; x_wconf 85' lang='lat' dir='ltr'><strong>lect.</strong></span> 
     </span>
     <span class='ocr_line' id='line_1_17' title="bbox 311 1990 1339 2063; baseline -0.003 -19"><span class='ocrx_word' id='word_1_95' title='bbox 311 1990 384 2045; x_wconf 87' lang='lat' dir='ltr'><strong>ad</strong></span> <span class='ocrx_word' id='word_1_96' title='bbox 408 1992 660 2047; x_wconf 74' lang='lat' dir='ltr'><strong>catalect.</strong></span> <span class='ocrx_word' id='word_1_97' title='bbox 683 1992 1032 2046; x_wconf 79' lang='lat' dir='ltr'><strong>emendarunt</strong></span> <span class='ocrx_word' id='word_1_98' title='bbox 1056 1993 1339 2063; x_wconf 67' lang='lat' dir='ltr'><strong>Vescg&#39;fluus,</strong></span> 
     </span>
     <span class='ocr_line' id='line_1_18' title="bbox 312 2072 1344 2146; baseline -0.003 -21"><span class='ocrx_word' id='word_1_99' title='bbox 312 2092 452 2145; x_wconf 83' lang='lat' dir='ltr'><strong>quos</strong></span> <span class='ocrx_word' id='word_1_100' title='bbox 472 2072 650 2127; x_wconf 72' lang='lat' dir='ltr'><strong>caeteri</strong></span> <span class='ocrx_word' id='word_1_101' title='bbox 679 2075 886 2146; x_wconf 84' lang='lat' dir='ltr'><strong>sequuti</strong></span> <span class='ocrx_word' id='word_1_102' title='bbox 905 2085 1117 2127; x_wconf 79' lang='lat' dir='ltr'><strong>sunt.--—</strong></span> <span class='ocrx_word' id='word_1_103' title='bbox 1125 2078 1344 2141; x_wconf 76' lang='lat' dir='ltr'><strong>Hypoepa</strong></span> 
     </span>
     <span class='ocr_line' id='line_1_19' title="bbox 313 2150 1347 2226; baseline -0.001 -22"><span class='ocrx_word' id='word_1_104' title='bbox 313 2152 576 2225; x_wconf 87' lang='lat' dir='ltr'><strong>oppidum</strong></span> <span class='ocrx_word' id='word_1_105' title='bbox 609 2152 796 2226; x_wconf 66' lang='lat' dir='ltr'><strong>Lydiae</strong></span> <span class='ocrx_word' id='word_1_106' title='bbox 837 2165 944 2220; x_wconf 82' lang='lat' dir='ltr'><strong>est,</strong></span> <span class='ocrx_word' id='word_1_107' title='bbox 976 2154 1128 2225; x_wconf 74' lang='lat' dir='ltr'><strong>cujus</strong></span> <span class='ocrx_word' id='word_1_108' title='bbox 1161 2150 1347 2204; x_wconf 89' lang='lat' dir='ltr'><strong>memi-</strong></span> 
     </span>
     <span class='ocr_line' id='line_1_20' title="bbox 313 2228 1342 2298; baseline -0.003 -14"><span class='ocrx_word' id='word_1_109' title='bbox 313 2231 392 2285; x_wconf 86' lang='lat' dir='ltr'><strong>nit</strong></span> <span class='ocrx_word' id='word_1_110' title='bbox 415 2231 576 2285; x_wconf 78' lang='lat' dir='ltr'><strong>ovid.</strong></span> <span class='ocrx_word' id='word_1_111' title='bbox 597 2232 835 2298; x_wconf 77' lang='lat' dir='ltr'><strong>Met.v1,</strong></span> <span class='ocrx_word' id='word_1_112' title='bbox 857 2231 950 2285; x_wconf 80' lang='lat'><strong>13:</strong></span> <span class='ocrx_word' id='word_1_113' title='bbox 983 2258 1005 2279; x_wconf 81' lang='grc' dir='ltr'>ι</span> <span class='ocrx_word' id='word_1_114' title='bbox 1025 2232 1156 2285; x_wconf 86' lang='lat' dir='ltr'><strong>Orta</strong></span> <span class='ocrx_word' id='word_1_115' title='bbox 1179 2228 1342 2283; x_wconf 90' lang='lat' dir='ltr'><strong>domo</strong></span> 
     </span>
     <span class='ocr_line' id='line_1_21' title="bbox 311 2311 1340 2385; baseline -0.002 -20"><span class='ocrx_word' id='word_1_116' title='bbox 311 2331 504 2382; x_wconf 77' lang='lat' dir='ltr'><strong>parva,</strong></span> <span class='ocrx_word' id='word_1_117' title='bbox 529 2313 704 2385; x_wconf 78' lang='lat' dir='ltr'><strong>parvis</strong></span> <span class='ocrx_word' id='word_1_118' title='bbox 731 2312 1001 2365; x_wconf 73' lang='lat' dir='ltr'>habitabat</span> <span class='ocrx_word' id='word_1_119' title='bbox 1029 2311 1282 2384; x_wconf 78' lang='lat' dir='ltr'><strong>Hypoepis</strong></span> <span class='ocrx_word' id='word_1_120' title='bbox 1299 2336 1340 2363; x_wconf 72' lang='lat' dir='ltr'><strong>a.</strong></span> 
     </span>
     <span class='ocr_line' id='line_1_22' title="bbox 315 2392 1344 2454; baseline 0.002 -12"><span class='ocrx_word' id='word_1_121' title='bbox 315 2392 514 2445; x_wconf 84' lang='lat' dir='ltr'><strong>Veneri</strong></span> <span class='ocrx_word' id='word_1_122' title='bbox 555 2411 763 2447; x_wconf 86' lang='lat' dir='ltr'><strong>sacrum</strong></span> <span class='ocrx_word' id='word_1_123' title='bbox 813 2393 974 2446; x_wconf 81' lang='lat' dir='ltr'><strong>fuisse</strong></span> <span class='ocrx_word' id='word_1_124' title='bbox 991 2431 1008 2454; x_wconf 86' lang='lat'><strong>,</strong></span> <span class='ocrx_word' id='word_1_125' title='bbox 1052 2394 1239 2447; x_wconf 84' lang='lat' dir='ltr'><strong>Strabo</strong></span> <span class='ocrx_word' id='word_1_126' title='bbox 1291 2402 1344 2445; x_wconf 85' lang='lat' dir='ltr'><strong>et</strong></span> 
     </span>
     <span class='ocr_line' id='line_1_23' title="bbox 311 2470 1344 2544; baseline -0.004 -17"><span class='ocrx_word' id='word_1_127' title='bbox 311 2472 614 2544; x_wconf 84' lang='lat' dir='ltr'><strong>Stephanus</strong></span> <span class='ocrx_word' id='word_1_128' title='bbox 631 2471 698 2526; x_wconf 90' lang='lat' dir='ltr'><strong>de</strong></span> <span class='ocrx_word' id='word_1_129' title='bbox 706 2473 839 2525; x_wconf 89' lang='lat' dir='ltr'><strong>Urb.</strong></span> <span class='ocrx_word' id='word_1_130' title='bbox 857 2472 1114 2534; x_wconf 88' lang='lat' dir='ltr'><strong>indicant,</strong></span> <span class='ocrx_word' id='word_1_131' title='bbox 1130 2486 1190 2525; x_wconf 86' lang='lat' dir='ltr'><strong>ut</strong></span> <span class='ocrx_word' id='word_1_132' title='bbox 1201 2470 1344 2539; x_wconf 83' lang='lat' dir='ltr'><strong>Pria·</strong></span> 
     </span>
     <span class='ocr_line' id='line_1_24' title="bbox 313 2550 1344 2622; baseline -0.001 -18"><span class='ocrx_word' id='word_1_133' title='bbox 313 2571 383 2622; x_wconf 88' lang='lat' dir='ltr'><strong>po</strong></span> <span class='ocrx_word' id='word_1_134' title='bbox 402 2589 419 2616; x_wconf 92' lang='lat'><strong>,</strong></span> <span class='ocrx_word' id='word_1_135' title='bbox 448 2550 542 2604; x_wconf 84' lang='lat' dir='ltr'><strong>hic</strong></span> <span class='ocrx_word' id='word_1_136' title='bbox 564 2553 728 2607; x_wconf 87' lang='lat' dir='ltr'><strong>locus.</strong></span> <span class='ocrx_word' id='word_1_137' title='bbox 756 2552 900 2605; x_wconf 88' lang='lat' dir='ltr'><strong>Bene</strong></span> <span class='ocrx_word' id='word_1_138' title='bbox 912 2590 928 2619; x_wconf 89' lang='lat'><strong>,</strong></span> <span class='ocrx_word' id='word_1_139' title='bbox 947 2550 1004 2604; x_wconf 91' lang='lat' dir='ltr'><strong>ni</strong></span> <span class='ocrx_word' id='word_1_140' title='bbox 1026 2552 1196 2617; x_wconf 85' lang='lat' dir='ltr'><strong>fallor,</strong></span> <span class='ocrx_word' id='word_1_141' title='bbox 1215 2552 1344 2603; x_wconf 85' lang='lat' dir='ltr'><strong>Jun-</strong></span> 
     </span>
     <span class='ocr_line' id='line_1_25' title="bbox 313 2630 1344 2705; baseline 0.001 -21"><span class='ocrx_word' id='word_1_142' title='bbox 313 2648 637 2702; x_wconf 82' lang='lat' dir='ltr'><strong>germannus</strong></span> <span class='ocrx_word' id='word_1_143' title='bbox 667 2643 718 2685; x_wconf 89' lang='lat' dir='ltr'><strong>et</strong></span> <span class='ocrx_word' id='word_1_144' title='bbox 745 2631 1071 2685; x_wconf 82' lang='lat' dir='ltr'><strong>Munckerus</strong></span> <span class='ocrx_word' id='word_1_145' title='bbox 1095 2635 1217 2705; x_wconf 84' lang='lat' dir='ltr'><strong>conj</strong></span> <span class='ocrx_word' id='word_1_146' title='bbox 1223 2630 1344 2685; x_wconf 89' lang='lat' dir='ltr'><strong>icie-</strong></span> 
     </span>
     <span class='ocr_line' id='line_1_26' title="bbox 313 2709 1346 2784; baseline -0.002 -19"><span class='ocrx_word' id='word_1_147' title='bbox 313 2712 443 2765; x_wconf 80' lang='lat' dir='ltr'><strong>bant</strong></span> <span class='ocrx_word' id='word_1_148' title='bbox 466 2709 750 2784; x_wconf 81' lang='lat' dir='ltr'><strong>legendum</strong></span> <span class='ocrx_word' id='word_1_149' title='bbox 771 2713 870 2763; x_wconf 79' lang='lat' dir='ltr'><strong>suis</strong></span> <span class='ocrx_word' id='word_1_150' title='bbox 887 2713 1104 2779; x_wconf 56' lang='lat' dir='ltr'><strong>imponet.</strong></span> <span class='ocrx_word' id='word_1_151' title='bbox 1119 2714 1346 2765; x_wconf 72' lang='lat' dir='ltr'><strong>Aul-atus</strong></span> 
     </span>
     <span class='ocr_line' id='line_1_27' title="bbox 310 2790 1080 2859; baseline -0.005 -14"><span class='ocrx_word' id='word_1_152' title='bbox 310 2790 566 2845; x_wconf 76' lang='lat' dir='ltr'><strong>audacius</strong></span> <span class='ocrx_word' id='word_1_153' title='bbox 587 2807 601 2843; x_wconf 75' lang='grc' dir='ltr'><em>τ</em></span> <span class='ocrx_word' id='word_1_154' title='bbox 630 2793 836 2859; x_wconf 77' lang='lat' dir='ltr'><strong>imponit</strong></span> <span class='ocrx_word' id='word_1_155' title='bbox 856 2794 1080 2843; x_wconf 70' lang='lat' dir='ltr'><strong>bonores.</strong></span> 
     </span>
    </p>

    <p class='ocr_par' dir='ltr' id='par_1_10' title="bbox 310 2870 1346 3105">
     <span class='ocr_line' id='line_1_28' title="bbox 386 2870 1343 2940; baseline -0.003 -14"><span class='ocrx_word' id='word_1_156' title='bbox 386 2870 434 2926; x_wconf 82' lang='grc'><strong>5.</strong></span> <span class='ocrx_word' id='word_1_157' title='bbox 463 2874 819 2938; x_wconf 66' lang='lat' dir='ltr'><strong>Dryadumque</strong></span> <span class='ocrx_word' id='word_1_158' title='bbox 860 2876 1107 2940; x_wconf 74' lang='lat' dir='ltr'><strong>voluptas.</strong></span> <span class='ocrx_word' id='word_1_159' title='bbox 1154 2870 1241 2923; x_wconf 86' lang='lat' dir='ltr'><strong>Sic</strong></span> <span class='ocrx_word' id='word_1_160' title='bbox 1289 2870 1343 2923; x_wconf 85' lang='lat' dir='ltr'><strong>in</strong></span> 
     </span>
     <span class='ocr_line' id='line_1_29' title="bbox 313 2948 1346 3023; baseline 0 -20"><span class='ocrx_word' id='word_1_161' title='bbox 313 2950 569 3023; x_wconf 85' lang='lat' dir='ltr'><strong>Priapeiis</strong></span> <span class='ocrx_word' id='word_1_162' title='bbox 591 2970 605 3004; x_wconf 89' lang='lat'><strong>:</strong></span> <span class='ocrx_word' id='word_1_163' title='bbox 639 2975 662 2997; x_wconf 77' lang='grc' dir='ltr'>ι</span> <span class='ocrx_word' id='word_1_164' title='bbox 686 2948 912 3003; x_wconf 82' lang='lat' dir='ltr'><strong>Naiadas</strong></span> <span class='ocrx_word' id='word_1_165' title='bbox 928 2949 1161 3021; x_wconf 88' lang='lat' dir='ltr'><strong>antiqui,</strong></span> <span class='ocrx_word' id='word_1_166' title='bbox 1183 2951 1346 3022; x_wconf 81' lang='lat' dir='ltr'><strong>Drya·</strong></span> 
     </span>
     <span class='ocr_line' id='line_1_30' title="bbox 310 3029 1023 3105; baseline 0.001 -22"><span class='ocrx_word' id='word_1_167' title='bbox 310 3030 512 3105; x_wconf 80' lang='lat' dir='ltr'><strong>desque</strong></span> <span class='ocrx_word' id='word_1_168' title='bbox 538 3030 776 3085; x_wconf 83' lang='lat' dir='ltr'><strong>habuere</strong></span> <span class='ocrx_word' id='word_1_169' title='bbox 790 3029 1023 3101; x_wconf 76' lang='lat' dir='ltr'><strong>Priapi».</strong></span> 
     </span>
    </p>

    <p class='ocr_par' dir='ltr' id='par_1_11' title="bbox 311 3108 1345 3564">
     <span class='ocr_line' id='line_1_31' title="bbox 385 3108 1343 3183; baseline -0.003 -18"><span class='ocrx_word' id='word_1_170' title='bbox 385 3131 436 3183; x_wconf 89' lang='lat'><strong>7.</strong></span> <span class='ocrx_word' id='word_1_171' title='bbox 451 3117 570 3163; x_wconf 77' lang='lat' dir='ltr'><strong>Non</strong></span> <span class='ocrx_word' id='word_1_172' title='bbox 591 3114 775 3181; x_wconf 76' lang='lat' dir='ltr'><strong>templis</strong></span> <span class='ocrx_word' id='word_1_173' title='bbox 795 3112 967 3179; x_wconf 79' lang='lat' dir='ltr'><strong>impius</strong></span> <span class='ocrx_word' id='word_1_174' title='bbox 987 3110 1158 3163; x_wconf 73' lang='lat' dir='ltr'><strong>hostis.</strong></span> <span class='ocrx_word' id='word_1_175' title='bbox 1181 3108 1343 3181; x_wconf 64' lang='lat' dir='ltr'><strong>Maio·</strong></span> 
     </span>
     <span class='ocr_line' id='line_1_32' title="bbox 311 3187 1345 3262; baseline -0.004 -17"><span class='ocrx_word' id='word_1_176' title='bbox 311 3210 434 3244; x_wconf 81' lang='lat' dir='ltr'><strong>rum</strong></span> <span class='ocrx_word' id='word_1_177' title='bbox 462 3192 760 3245; x_wconf 78' lang='lat' dir='ltr'><strong>facinorum</strong></span> <span class='ocrx_word' id='word_1_178' title='bbox 781 3190 862 3244; x_wconf 89' lang='lat' dir='ltr'><strong>rei</strong></span> <span class='ocrx_word' id='word_1_179' title='bbox 875 3232 892 3257; x_wconf 90' lang='lat'><strong>,</strong></span> <span class='ocrx_word' id='word_1_180' title='bbox 910 3202 970 3243; x_wconf 89' lang='lat' dir='ltr'><strong>ut</strong></span> <span class='ocrx_word' id='word_1_181' title='bbox 993 3187 1270 3262; x_wconf 61' lang='lat' dir='ltr'><strong>parricida</strong></span> <span class='ocrx_word' id='word_1_182' title='bbox 1292 3200 1345 3241; x_wconf 92' lang='lat' dir='ltr'><strong>et</strong></span> 
     </span>
     <span class='ocr_line' id='line_1_33' title="bbox 313 3268 1340 3345; baseline -0.004 -20"><span class='ocrx_word' id='word_1_183' title='bbox 313 3271 593 3345; x_wconf 73' lang='lat' dir='ltr'><strong>sacrilegi,</strong></span> <span class='ocrx_word' id='word_1_184' title='bbox 615 3272 772 3325; x_wconf 84' lang='lat' dir='ltr'><strong>invisi</strong></span> <span class='ocrx_word' id='word_1_185' title='bbox 793 3271 905 3323; x_wconf 87' lang='lat' dir='ltr'><strong>Diis</strong></span> <span class='ocrx_word' id='word_1_186' title='bbox 919 3312 936 3337; x_wconf 92' lang='lat'><strong>,</strong></span> <span class='ocrx_word' id='word_1_187' title='bbox 959 3289 988 3321; x_wconf 84' lang='lat' dir='ltr'><strong>a</strong></span> <span class='ocrx_word' id='word_1_188' title='bbox 1013 3268 1172 3321; x_wconf 81' lang='lat' dir='ltr'><strong>sacris</strong></span> <span class='ocrx_word' id='word_1_189' title='bbox 1190 3287 1340 3321; x_wconf 82' lang='lat' dir='ltr'><strong>arce·</strong></span> 
     </span>
     <span class='ocr_line' id='line_1_34' title="bbox 313 3348 1340 3417; baseline -0.006 -12"><span class='ocrx_word' id='word_1_190' title='bbox 313 3352 521 3405; x_wconf 79' lang='lat' dir='ltr'><strong>bantur.</strong></span> <span class='ocrx_word' id='word_1_191' title='bbox 560 3350 758 3405; x_wconf 85' lang='lat' dir='ltr'><strong>&#39;I&#39;ibulL</strong></span> <span class='ocrx_word' id='word_1_192' title='bbox 797 3350 910 3417; x_wconf 91' lang='lat'><strong>111,</strong></span> <span class='ocrx_word' id='word_1_193' title='bbox 953 3349 1002 3415; x_wconf 87' lang='lat'><strong>5,</strong></span> <span class='ocrx_word' id='word_1_194' title='bbox 1043 3365 1136 3401; x_wconf 83' lang='lat'><strong>11:</strong></span> <span class='ocrx_word' id='word_1_195' title='bbox 1183 3372 1205 3393; x_wconf 83' lang='grc' dir='ltr'>ι</span> <span class='ocrx_word' id='word_1_196' title='bbox 1230 3348 1340 3400; x_wconf 87' lang='lat' dir='ltr'><strong>Nec</strong></span> 
     </span>
     <span class='ocr_line' id='line_1_35' title="bbox 311 3426 1341 3501; baseline -0.007 -15"><span class='ocrx_word' id='word_1_197' title='bbox 311 3450 410 3486; x_wconf 85' lang='lat' dir='ltr'><strong>nos</strong></span> <span class='ocrx_word' id='word_1_198' title='bbox 445 3430 727 3501; x_wconf 82' lang='lat' dir='ltr'><strong>sacrilegos</strong></span> <span class='ocrx_word' id='word_1_199' title='bbox 765 3428 976 3501; x_wconf 85' lang='lat' dir='ltr'><strong>templis</strong></span> <span class='ocrx_word' id='word_1_200' title='bbox 1011 3426 1341 3480; x_wconf 78' lang='lat' dir='ltr'><strong>admovimus</strong></span> 
     </span>
     <span class='ocr_line' id='line_1_36' title="bbox 314 3530 528 3564; baseline 0.014 -3"><span class='ocrx_word' id='word_1_201' title='bbox 314 3530 332 3561; x_wconf 84' lang='grc' dir='ltr'><strong><em>ι</em></strong></span> <span class='ocrx_word' id='word_1_202' title='bbox 405 3530 462 3563; x_wconf 84' lang='lat' dir='ltr'><strong>es</strong></span> <span class='ocrx_word' id='word_1_203' title='bbox 482 3537 528 3564; x_wconf 74' lang='grc' dir='ltr'><strong>ι».</strong></span> 
     </span>
    </p>

    <p class='ocr_par' dir='ltr' id='par_1_12' title="bbox 311 3528 1360 4220">
     <span class='ocr_line' id='line_1_37' title="bbox 333 3528 1341 3660; baseline 0.001 -19"><span class='ocrx_word' id='word_1_204' title='bbox 333 3528 430 3658; x_wconf 67' lang='lat' dir='ltr'><strong>gn9.</strong></span> <span class='ocrx_word' id='word_1_205' title='bbox 461 3592 620 3643; x_wconf 74' lang='lat' dir='ltr'><strong>Rebus</strong></span> <span class='ocrx_word' id='word_1_206' title='bbox 651 3608 836 3658; x_wconf 70' lang='lat' dir='ltr'><strong>egenus</strong></span> <span class='ocrx_word' id='word_1_207' title='bbox 863 3588 1070 3641; x_wconf 70' lang='lat' dir='ltr'><strong>Aeo-icis.</strong></span> <span class='ocrx_word' id='word_1_208' title='bbox 1111 3586 1341 3660; x_wconf 76' lang='lat' dir='ltr'><strong>Scaliger</strong></span> 
     </span>
     <span class='ocr_line' id='line_1_38' title="bbox 313 3667 1342 3723; baseline -0.002 0"><span class='ocrx_word' id='word_1_209' title='bbox 313 3690 344 3723; x_wconf 91' lang='lat' dir='ltr'><strong>e</strong></span> <span class='ocrx_word' id='word_1_210' title='bbox 384 3668 572 3723; x_wconf 82' lang='lat' dir='ltr'><strong>codiee</strong></span> <span class='ocrx_word' id='word_1_211' title='bbox 613 3688 714 3722; x_wconf 85' lang='lat' dir='ltr'><strong>suo</strong></span> <span class='ocrx_word' id='word_1_212' title='bbox 757 3670 814 3721; x_wconf 88' lang='lat' dir='ltr'><strong>in</strong></span> <span class='ocrx_word' id='word_1_213' title='bbox 859 3667 1137 3722; x_wconf 83' lang='lat' dir='ltr'><strong>Catalectis</strong></span> <span class='ocrx_word' id='word_1_214' title='bbox 1177 3668 1342 3723; x_wconf 88' lang='lat' dir='ltr'><strong>edidit</strong></span> 
     </span>
     <span class='ocr_line' id='line_1_39' title="bbox 314 3746 1342 3819; baseline 0.001 -18"><span class='ocrx_word' id='word_1_215' title='bbox 314 3754 452 3801; x_wconf 64' lang='lat' dir='ltr'><strong>rebus</strong></span> <span class='ocrx_word' id='word_1_216' title='bbox 493 3752 667 3817; x_wconf 74' lang='lat' dir='ltr'><strong>egenis</strong></span> <span class='ocrx_word' id='word_1_217' title='bbox 706 3751 940 3810; x_wconf 73' lang='lat' dir='ltr'><strong>Ater-icus,</strong></span> <span class='ocrx_word' id='word_1_218' title='bbox 977 3746 1128 3819; x_wconf 83' lang='lat' dir='ltr'><strong>quod</strong></span> <span class='ocrx_word' id='word_1_219' title='bbox 1165 3749 1342 3802; x_wconf 89' lang='lat' dir='ltr'><strong>minus</strong></span> 
     </span>
     <span class='ocr_line' id='line_1_40' title="bbox 313 3828 1338 3902; baseline -0.003 -19"><span class='ocrx_word' id='word_1_220' title='bbox 313 3830 594 3902; x_wconf 85' lang='lat' dir='ltr'><strong>proprium</strong></span> <span class='ocrx_word' id='word_1_221' title='bbox 619 3842 672 3881; x_wconf 85' lang='lat' dir='ltr'><strong>et</strong></span> <span class='ocrx_word' id='word_1_222' title='bbox 696 3840 878 3899; x_wconf 87' lang='lat' dir='ltr'><strong>aptum</strong></span> <span class='ocrx_word' id='word_1_223' title='bbox 909 3840 1006 3881; x_wconf 90' lang='lat' dir='ltr'><strong>est.</strong></span> <span class='ocrx_word' id='word_1_224' title='bbox 1045 3828 1178 3881; x_wconf 87' lang='lat' dir='ltr'><strong>Nam</strong></span> <span class='ocrx_word' id='word_1_225' title='bbox 1219 3848 1302 3881; x_wconf 85' lang='lat' dir='ltr'><strong>res</strong></span> <span class='ocrx_word' id='word_1_226' title='bbox 1322 3864 1338 3892; x_wconf 84' lang='lat'>‚</span> 
     </span>
     <span class='ocr_line' id='line_1_41' title="bbox 311 3907 1338 3980; baseline 0.002 -19"><span class='ocrx_word' id='word_1_227' title='bbox 311 3928 464 3980; x_wconf 81' lang='lat' dir='ltr'><strong>opes,</strong></span> <span class='ocrx_word' id='word_1_228' title='bbox 500 3910 642 3963; x_wconf 74' lang='lat' dir='ltr'><strong>vires</strong></span> <span class='ocrx_word' id='word_1_229' title='bbox 681 3907 894 3971; x_wconf 75' lang='lat' dir='ltr'><strong>attritae,</strong></span> <span class='ocrx_word' id='word_1_230' title='bbox 935 3918 996 3960; x_wconf 85' lang='lat' dir='ltr'><strong>ut</strong></span> <span class='ocrx_word' id='word_1_231' title='bbox 1035 3918 1086 3959; x_wconf 86' lang='lat' dir='ltr'><strong>et</strong></span> <span class='ocrx_word' id='word_1_232' title='bbox 1124 3909 1338 3975; x_wconf 61' lang='lat' dir='ltr'><strong>accisa,</strong></span> 
     </span>
     <span class='ocr_line' id='line_1_42' title="bbox 311 3985 1340 4058; baseline 0 -19"><span class='ocrx_word' id='word_1_233' title='bbox 311 3990 456 4043; x_wconf 63' lang='lat' dir='ltr'><strong>lassae</strong></span> <span class='ocrx_word' id='word_1_234' title='bbox 475 4028 492 4052; x_wconf 91' lang='lat'><strong>,</strong></span> <span class='ocrx_word' id='word_1_235' title='bbox 522 3988 670 4041; x_wconf 69' lang='lat' dir='ltr'><strong>fessae</strong></span> <span class='ocrx_word' id='word_1_236' title='bbox 697 3985 1120 4058; x_wconf 72' lang='lat' dir='ltr'><strong>frequentissime</strong></span> <span class='ocrx_word' id='word_1_237' title='bbox 1150 3985 1340 4041; x_wconf 87' lang='lat' dir='ltr'><strong>dicun-</strong></span> 
     </span>
     <span class='ocr_line' id='line_1_43' title="bbox 313 4064 1339 4139; baseline 0 -21"><span class='ocrx_word' id='word_1_238' title='bbox 313 4079 400 4121; x_wconf 85' lang='lat' dir='ltr'><strong>tur</strong></span> <span class='ocrx_word' id='word_1_239' title='bbox 431 4066 735 4130; x_wconf 82' lang='lat' dir='ltr'><strong>historicis;</strong></span> <span class='ocrx_word' id='word_1_240' title='bbox 777 4080 830 4121; x_wconf 86' lang='lat' dir='ltr'><strong>et</strong></span> <span class='ocrx_word' id='word_1_241' title='bbox 873 4066 984 4139; x_wconf 84' lang='lat' dir='ltr'><strong>ipse</strong></span> <span class='ocrx_word' id='word_1_242' title='bbox 1029 4064 1306 4119; x_wconf 74' lang='lat' dir='ltr'><strong>Petronius</strong></span> <span class='ocrx_word' id='word_1_243' title='bbox 1323 4104 1339 4131; x_wconf 88' lang='lat'><strong><em>‚</em></strong></span> 
     </span>
     <span class='ocr_line' id='line_1_44' title="bbox 313 4142 1360 4220; baseline -0.005 -19"><span class='ocrx_word' id='word_1_244' title='bbox 313 4166 429 4220; x_wconf 82' lang='lat' dir='ltr'><strong>cap.</strong></span> <span class='ocrx_word' id='word_1_245' title='bbox 457 4150 584 4212; x_wconf 81' lang='lat'><strong>116,</strong></span> <span class='ocrx_word' id='word_1_246' title='bbox 625 4172 648 4193; x_wconf 75' lang='grc' dir='ltr'><strong>σι</strong></span> <span class='ocrx_word' id='word_1_247' title='bbox 673 4159 792 4218; x_wconf 84' lang='lat' dir='ltr'><strong>post</strong></span> <span class='ocrx_word' id='word_1_248' title='bbox 830 4146 1030 4199; x_wconf 80' lang='lat' dir='ltr'><strong>attritas</strong></span> <span class='ocrx_word' id='word_1_249' title='bbox 1062 4143 1215 4198; x_wconf 80' lang='lat' dir='ltr'><strong>bellis</strong></span> <span class='ocrx_word' id='word_1_250' title='bbox 1241 4142 1360 4196; x_wconf 81' lang='lat' dir='ltr'><strong>fre-‘</strong></span> 
     </span>
    </p>
   </div>
   <div class='ocr_carea' id='block_1_5' title="bbox 1429 1518 2463 2867">
    <p class='ocr_par' dir='ltr' id='par_1_13' title="bbox 1431 1518 2463 1909">
     <span class='ocr_line' id='line_1_45' title="bbox 1433 1518 2457 1592; baseline 0.006 -25"><span class='ocrx_word' id='word_1_251' title='bbox 1433 1518 1719 1587; x_wconf 83' lang='lat' dir='ltr'><strong>quentibus</strong></span> <span class='ocrx_word' id='word_1_252' title='bbox 1740 1538 1867 1592; x_wconf 85' lang='lat' dir='ltr'><strong>opes</strong></span> <span class='ocrx_word' id='word_1_253' title='bbox 1880 1546 1921 1573; x_wconf 75' lang='grc' dir='ltr'><strong>ιο.</strong></span> <span class='ocrx_word' id='word_1_254' title='bbox 1938 1550 2009 1560; x_wconf 87' lang='lat'><strong>--</strong></span> <span class='ocrx_word' id='word_1_255' title='bbox 2026 1520 2193 1574; x_wconf 89' lang='lat' dir='ltr'><strong>Simili</strong></span> <span class='ocrx_word' id='word_1_256' title='bbox 2212 1520 2321 1573; x_wconf 81' lang='lat' dir='ltr'><strong>fere</strong></span> <span class='ocrx_word' id='word_1_257' title='bbox 2339 1538 2457 1575; x_wconf 77' lang='lat' dir='ltr'><strong>sen-</strong></span> 
     </span>
     <span class='ocr_line' id='line_1_46' title="bbox 1432 1600 2459 1669; baseline 0.005 -21"><span class='ocrx_word' id='word_1_258' title='bbox 1432 1614 1497 1649; x_wconf 83' lang='lat' dir='ltr'><strong>su</strong></span> <span class='ocrx_word' id='word_1_259' title='bbox 1516 1600 1685 1668; x_wconf 79' lang='lat' dir='ltr'><strong>inopia</strong></span> <span class='ocrx_word' id='word_1_260' title='bbox 1708 1605 2009 1669; x_wconf 79' lang='lat' dir='ltr'><strong>deperditum</strong></span> <span class='ocrx_word' id='word_1_261' title='bbox 2034 1600 2166 1655; x_wconf 83' lang='lat' dir='ltr'><strong>dicit</strong></span> <span class='ocrx_word' id='word_1_262' title='bbox 2183 1600 2459 1667; x_wconf 74' lang='lat' dir='ltr'><strong>Phoedrus,</strong></span> 
     </span>
     <span class='ocr_line' id='line_1_47' title="bbox 1433 1677 2461 1745; baseline 0.006 -16"><span class='ocrx_word' id='word_1_263' title='bbox 1433 1677 1565 1730; x_wconf 87' lang='lat' dir='ltr'><strong>Fab.</strong></span> <span class='ocrx_word' id='word_1_264' title='bbox 1586 1680 1641 1745; x_wconf 86' lang='lat'><strong>1,</strong></span> <span class='ocrx_word' id='word_1_265' title='bbox 1670 1686 1747 1743; x_wconf 72' lang='lat'><strong>14.</strong></span> <span class='ocrx_word' id='word_1_266' title='bbox 1764 1680 2203 1735; x_wconf 71' lang='lat' dir='ltr'><strong>En.--Coeterum</strong></span> <span class='ocrx_word' id='word_1_267' title='bbox 2221 1681 2323 1734; x_wconf 86' lang='lat' dir='ltr'><strong>hoe</strong></span> <span class='ocrx_word' id='word_1_268' title='bbox 2342 1680 2461 1735; x_wconf 88' lang='lat' dir='ltr'><strong>loco</strong></span> 
     </span>
     <span class='ocr_line' id='line_1_48' title="bbox 1431 1757 2463 1829; baseline 0.005 -20"><span class='ocrx_word' id='word_1_269' title='bbox 1431 1757 1675 1829; x_wconf 86' lang='lat' dir='ltr'><strong>nequiter</strong></span> <span class='ocrx_word' id='word_1_270' title='bbox 1693 1758 1750 1811; x_wconf 88' lang='lat' dir='ltr'><strong>id</strong></span> <span class='ocrx_word' id='word_1_271' title='bbox 1770 1759 1975 1815; x_wconf 87' lang='lat' dir='ltr'><strong>dictum</strong></span> <span class='ocrx_word' id='word_1_272' title='bbox 1997 1779 2110 1814; x_wconf 89' lang='lat' dir='ltr'><strong>esse</strong></span> <span class='ocrx_word' id='word_1_273' title='bbox 2122 1802 2138 1828; x_wconf 92' lang='lat'><strong><em>‚</em></strong></span> <span class='ocrx_word' id='word_1_274' title='bbox 2152 1760 2433 1814; x_wconf 80' lang='lat' dir='ltr'><strong>Gonsalius</strong></span> <span class='ocrx_word' id='word_1_275' title='bbox 2446 1801 2463 1826; x_wconf 91' lang='lat'><strong>,</strong></span> 
     </span>
     <span class='ocr_line' id='line_1_49' title="bbox 1431 1838 2137 1909; baseline 0.006 -20"><span class='ocrx_word' id='word_1_276' title='bbox 1431 1849 1699 1909; x_wconf 63' lang='lat' dir='ltr'><strong>praeunte</strong></span> <span class='ocrx_word' id='word_1_277' title='bbox 1720 1838 1921 1906; x_wconf 85' lang='lat' dir='ltr'><strong>Douza,</strong></span> <span class='ocrx_word' id='word_1_278' title='bbox 1942 1851 2137 1893; x_wconf 85' lang='lat' dir='ltr'><strong>mouet.</strong></span> 
     </span>
    </p>

    <p class='ocr_par' dir='ltr' id='par_1_14' title="bbox 1431 1919 2455 2052">
     <span class='ocr_line' id='line_1_50' title="bbox 1510 1919 2455 1991; baseline 0.005 -23"><span class='ocrx_word' id='word_1_279' title='bbox 1510 1933 1589 1969; x_wconf 90' lang='lat'><strong>10.</strong></span> <span class='ocrx_word' id='word_1_280' title='bbox 1621 1920 1789 1976; x_wconf 71' lang='lat' dir='ltr'><strong>Minor</strong></span> <span class='ocrx_word' id='word_1_281' title='bbox 1804 1932 1879 1970; x_wconf 79' lang='lat' dir='ltr'><strong>ese</strong></span> <span class='ocrx_word' id='word_1_282' title='bbox 1894 1938 2020 1972; x_wconf 80' lang='lat' dir='ltr'><strong>reus.</strong></span> <span class='ocrx_word' id='word_1_283' title='bbox 2046 1919 2298 1973; x_wconf 80' lang='lat' dir='ltr'><strong>Francius</strong></span> <span class='ocrx_word' id='word_1_284' title='bbox 2320 1919 2455 1991; x_wconf 81' lang='lat' dir='ltr'><strong>lege-</strong></span> 
     </span>
     <span class='ocr_line' id='line_1_51' title="bbox 1431 1994 1927 2052; baseline 0.008 -5"><span class='ocrx_word' id='word_1_285' title='bbox 1431 1994 1522 2048; x_wconf 85' lang='lat' dir='ltr'><strong>bat</strong></span> <span class='ocrx_word' id='word_1_286' title='bbox 1538 1999 1697 2047; x_wconf 61' lang='lat' dir='ltr'><strong>mimas</strong></span> <span class='ocrx_word' id='word_1_287' title='bbox 1714 2011 1789 2049; x_wconf 78' lang='lat' dir='ltr'><strong>ese</strong></span> <span class='ocrx_word' id='word_1_288' title='bbox 1800 2017 1927 2052; x_wconf 76' lang='lat' dir='ltr'><strong>reus.</strong></span> 
     </span>
    </p>

    <p class='ocr_par' dir='ltr' id='par_1_15' title="bbox 1429 2077 2461 2449">
     <span class='ocr_line' id='line_1_52' title="bbox 1509 2077 2461 2141; baseline 0.006 -15"><span class='ocrx_word' id='word_1_289' title='bbox 1509 2093 1531 2126; x_wconf 75' lang='grc' dir='ltr'><strong>ι</strong></span> <span class='ocrx_word' id='word_1_290' title='bbox 1546 2094 1587 2127; x_wconf 90' lang='lat'><strong>1.</strong></span> <span class='ocrx_word' id='word_1_291' title='bbox 1609 2079 1849 2128; x_wconf 72' lang='lat' dir='ltr'><strong>Exonera</strong></span> <span class='ocrx_word' id='word_1_292' title='bbox 1866 2092 2093 2141; x_wconf 79' lang='lat' dir='ltr'><strong>mentem,</strong></span> <span class='ocrx_word' id='word_1_293' title='bbox 2112 2077 2461 2132; x_wconf 88' lang='lat' dir='ltr'><strong>sollicitudine</strong></span> 
     </span>
     <span class='ocr_line' id='line_1_53' title="bbox 1435 2152 2455 2230; baseline 0.006 -25"><span class='ocrx_word' id='word_1_294' title='bbox 1435 2166 1488 2207; x_wconf 87' lang='lat' dir='ltr'><strong>et</strong></span> <span class='ocrx_word' id='word_1_295' title='bbox 1506 2152 1690 2207; x_wconf 88' lang='lat' dir='ltr'><strong>dolore</strong></span> <span class='ocrx_word' id='word_1_296' title='bbox 1709 2155 1869 2209; x_wconf 84' lang='lat' dir='ltr'><strong>libera</strong></span> <span class='ocrx_word' id='word_1_297' title='bbox 1887 2197 1904 2223; x_wconf 85' lang='lat'>‚</span> <span class='ocrx_word' id='word_1_298' title='bbox 1938 2156 2138 2230; x_wconf 84' lang='lat' dir='ltr'><strong>placari</strong></span> <span class='ocrx_word' id='word_1_299' title='bbox 2157 2168 2349 2228; x_wconf 84' lang='lat' dir='ltr'><strong>patere.</strong></span> <span class='ocrx_word' id='word_1_300' title='bbox 2367 2157 2455 2211; x_wconf 90' lang='lat' dir='ltr'><strong>Sic</strong></span> 
     </span>
     <span class='ocr_line' id='line_1_54' title="bbox 1429 2232 2454 2306; baseline 0.005 -21"><span class='ocrx_word' id='word_1_301' title='bbox 1429 2232 1631 2285; x_wconf 77' lang='lat' dir='ltr'><strong>Saleius</strong></span> <span class='ocrx_word' id='word_1_302' title='bbox 1645 2273 1661 2299; x_wconf 92' lang='lat'><strong><em>‚</em></strong></span> <span class='ocrx_word' id='word_1_303' title='bbox 1695 2253 1769 2287; x_wconf 81' lang='lat' dir='ltr'><strong>vs.</strong></span> <span class='ocrx_word' id='word_1_304' title='bbox 1806 2236 1873 2306; x_wconf 89' lang='lat'><strong>87</strong></span> <span class='ocrx_word' id='word_1_305' title='bbox 1889 2276 1905 2301; x_wconf 89' lang='lat'>‚</span> <span class='ocrx_word' id='word_1_306' title='bbox 1960 2236 2207 2289; x_wconf 86' lang='lat' dir='ltr'><strong>Pisonem</strong></span> <span class='ocrx_word' id='word_1_307' title='bbox 2244 2234 2454 2290; x_wconf 85' lang='lat' dir='ltr'><strong>dicebat</strong></span> 
     </span>
     <span class='ocr_line' id='line_1_55' title="bbox 1443 2312 2459 2386; baseline 0.008 -23"><span class='ocrx_word' id='word_1_308' title='bbox 1443 2338 1466 2360; x_wconf 74' lang='grc' dir='ltr'>ι</span> <span class='ocrx_word' id='word_1_309' title='bbox 1482 2313 1787 2365; x_wconf 83' lang='lat' dir='ltr'><strong>Exonerare</strong></span> <span class='ocrx_word' id='word_1_310' title='bbox 1805 2312 1920 2386; x_wconf 73' lang='lat' dir='ltr'><strong>pibs</strong></span> <span class='ocrx_word' id='word_1_311' title='bbox 1940 2314 2130 2383; x_wconf 77' lang='lat' dir='ltr'><strong>mode,</strong></span> <span class='ocrx_word' id='word_1_312' title='bbox 2154 2334 2301 2371; x_wconf 86' lang='lat' dir='ltr'><strong>nuuc</strong></span> <span class='ocrx_word' id='word_1_313' title='bbox 2332 2334 2459 2371; x_wconf 85' lang='lat' dir='ltr'><strong>one-</strong></span> 
     </span>
     <span class='ocr_line' id='line_1_56' title="bbox 1431 2406 1898 2449; baseline -0.004 -2"><span class='ocrx_word' id='word_1_314' title='bbox 1431 2412 1553 2447; x_wconf 87' lang='lat' dir='ltr'><strong>rare</strong></span> <span class='ocrx_word' id='word_1_315' title='bbox 1578 2406 1834 2449; x_wconf 77' lang='lat' dir='ltr'><strong>nocentes</strong></span> <span class='ocrx_word' id='word_1_316' title='bbox 1859 2418 1898 2445; x_wconf 71' lang='lat' dir='ltr'><strong>a.</strong></span> 
     </span>
    </p>

    <p class='ocr_par' dir='ltr' id='par_1_16' title="bbox 1433 2474 2463 2867">
     <span class='ocr_line' id='line_1_57' title="bbox 1510 2474 2456 2548; baseline 0.002 -21"><span class='ocrx_word' id='word_1_317' title='bbox 1510 2492 1591 2528; x_wconf 74' lang='grc' dir='ltr'><strong>η.</strong></span> <span class='ocrx_word' id='word_1_318' title='bbox 1612 2482 1705 2539; x_wconf 79' lang='lat' dir='ltr'><strong>Ee,</strong></span> <span class='ocrx_word' id='word_1_319' title='bbox 1734 2478 2063 2543; x_wconf 74' lang='lat' dir='ltr'><strong>quandoque,</strong></span> <span class='ocrx_word' id='word_1_320' title='bbox 2086 2476 2125 2527; x_wconf 85' lang='lat' dir='ltr'><strong>i.</strong></span> <span class='ocrx_word' id='word_1_321' title='bbox 2138 2494 2183 2529; x_wconf 91' lang='lat' dir='ltr'><strong>e.</strong></span> <span class='ocrx_word' id='word_1_322' title='bbox 2211 2474 2456 2548; x_wconf 79' lang='lat' dir='ltr'><strong>quando·</strong></span> 
     </span>
     <span class='ocr_line' id='line_1_58' title="bbox 1433 2554 2454 2627; baseline 0 -20"><span class='ocrx_word' id='word_1_323' title='bbox 1433 2574 1681 2627; x_wconf 85' lang='lat' dir='ltr'><strong>cumque,</strong></span> <span class='ocrx_word' id='word_1_324' title='bbox 1700 2566 1759 2610; x_wconf 91' lang='lat' dir='ltr'><strong>ut</strong></span> <span class='ocrx_word' id='word_1_325' title='bbox 1778 2554 1831 2607; x_wconf 88' lang='lat' dir='ltr'><strong>in</strong></span> <span class='ocrx_word' id='word_1_326' title='bbox 1852 2554 1945 2607; x_wconf 91' lang='lat' dir='ltr'><strong>illo</strong></span> <span class='ocrx_word' id='word_1_327' title='bbox 1964 2555 2169 2607; x_wconf 76' lang='lat' dir='ltr'><strong>Horatii</strong></span> <span class='ocrx_word' id='word_1_328' title='bbox 2184 2558 2295 2607; x_wconf 78' lang='lat' dir='ltr'><strong>Art.</strong></span> <span class='ocrx_word' id='word_1_329' title='bbox 2312 2555 2454 2608; x_wconf 86' lang='lat' dir='ltr'><strong>Poet.</strong></span> 
     </span>
     <span class='ocr_line' id='line_1_59' title="bbox 1436 2632 2461 2707; baseline 0.001 -20"><span class='ocrx_word' id='word_1_330' title='bbox 1436 2632 1566 2704; x_wconf 83' lang='lat'><strong>359:</strong></span> <span class='ocrx_word' id='word_1_331' title='bbox 1592 2660 1617 2681; x_wconf 71' lang='grc' dir='ltr'><strong><em>κ</em></strong></span> <span class='ocrx_word' id='word_1_332' title='bbox 1640 2634 1921 2705; x_wconf 80' lang='lat' dir='ltr'><strong>Indignor,</strong></span> <span class='ocrx_word' id='word_1_333' title='bbox 1946 2633 2269 2707; x_wconf 78' lang='lat' dir='ltr'><strong>quandoque</strong></span> <span class='ocrx_word' id='word_1_334' title='bbox 2288 2634 2461 2688; x_wconf 86' lang='lat' dir='ltr'><strong>bonus</strong></span> 
     </span>
     <span class='ocr_line' id='line_1_60' title="bbox 1435 2712 2463 2769; baseline 0.001 -3"><span class='ocrx_word' id='word_1_335' title='bbox 1435 2712 1685 2769; x_wconf 85' lang='lat' dir='ltr'><strong>dormitat</strong></span> <span class='ocrx_word' id='word_1_336' title='bbox 1730 2715 1994 2768; x_wconf 86' lang='lat' dir='ltr'><strong>Homerus</strong></span> <span class='ocrx_word' id='word_1_337' title='bbox 2029 2738 2069 2767; x_wconf 68' lang='grc' dir='ltr'><strong>ι».</strong></span> <span class='ocrx_word' id='word_1_338' title='bbox 2106 2745 2177 2755; x_wconf 91' lang='grc'>-</span> <span class='ocrx_word' id='word_1_339' title='bbox 2217 2718 2463 2767; x_wconf 75' lang='lat' dir='ltr'><strong>Adn’serit</strong></span> 
     </span>
     <span class='ocr_line' id='line_1_61' title="bbox 1435 2792 2459 2867; baseline 0 -22"><span class='ocrx_word' id='word_1_340' title='bbox 1435 2814 1562 2845; x_wconf 82' lang='lat' dir='ltr'><strong>aura</strong></span> <span class='ocrx_word' id='word_1_341' title='bbox 1614 2792 1823 2867; x_wconf 84' lang='lat' dir='ltr'><strong>scripsit</strong></span> <span class='ocrx_word' id='word_1_342' title='bbox 1877 2793 2211 2846; x_wconf 76' lang='lat' dir='ltr'><strong>Burmannus</strong></span> <span class='ocrx_word' id='word_1_343' title='bbox 2256 2812 2359 2847; x_wconf 85' lang='lat' dir='ltr'><strong>sec.</strong></span> <span class='ocrx_word' id='word_1_344' title='bbox 2398 2812 2459 2847; x_wconf 85' lang='lat' dir='ltr'><strong>ex</strong></span> 
     </span>
    </p>
   </div>
   <div class='ocr_carea' id='block_1_6' title="bbox 1409 2872 2457 2944">
    <p class='ocr_par' dir='ltr' id='par_1_17' title="bbox 1409 2872 2457 2944">
     <span class='ocr_line' id='line_1_62' title="bbox 1409 2872 2457 2944; baseline 0 -19"><span class='ocrx_word' id='word_1_345' title='bbox 1409 2872 1798 2927; x_wconf 82' lang='lat' dir='ltr'><strong>‘emendatione</strong></span> <span class='ocrx_word' id='word_1_346' title='bbox 1830 2872 2108 2944; x_wconf 76' lang='lat' dir='ltr'><strong>scaligeri,</strong></span> <span class='ocrx_word' id='word_1_347' title='bbox 2150 2872 2345 2944; x_wconf 86' lang='lat' dir='ltr'><strong>Lipsii,</strong></span> <span class='ocrx_word' id='word_1_348' title='bbox 2376 2874 2457 2925; x_wconf 85' lang='lat' dir='ltr'><strong>Pi-</strong></span> 
     </span>
    </p>
   </div>
   <div class='ocr_carea' id='block_1_7' title="bbox 1427 2946 2457 4211">
    <p class='ocr_par' dir='ltr' id='par_1_18' title="bbox 1427 2946 2457 4211">
     <span class='ocr_line' id='line_1_63' title="bbox 1433 2946 2456 3022; baseline 0 -19"><span class='ocrx_word' id='word_1_349' title='bbox 1433 2951 1559 3003; x_wconf 79' lang='lat' dir='ltr'><strong>thoei</strong></span> <span class='ocrx_word' id='word_1_350' title='bbox 1582 2990 1598 3015; x_wconf 89' lang='lat'>‚</span> <span class='ocrx_word' id='word_1_351' title='bbox 1638 2946 1879 3005; x_wconf 79' lang='lat' dir='ltr'><strong>aliorum.</strong></span> <span class='ocrx_word' id='word_1_352' title='bbox 1898 2950 2061 3015; x_wconf 90' lang='lat' dir='ltr'><strong>Quod</strong></span> <span class='ocrx_word' id='word_1_353' title='bbox 2080 2964 2267 3022; x_wconf 82' lang='lat' dir='ltr'><strong>aptum</strong></span> <span class='ocrx_word' id='word_1_354' title='bbox 2285 2952 2456 3004; x_wconf 89' lang='lat' dir='ltr'><strong>omni-</strong></span> 
     </span>
     <span class='ocr_line' id='line_1_64' title="bbox 1431 3028 2454 3103; baseline -0.001 -19"><span class='ocrx_word' id='word_1_355' title='bbox 1431 3049 1503 3084; x_wconf 86' lang='lat' dir='ltr'><strong>no</strong></span> <span class='ocrx_word' id='word_1_356' title='bbox 1527 3043 1683 3103; x_wconf 87' lang='lat' dir='ltr'><strong>puto,</strong></span> <span class='ocrx_word' id='word_1_357' title='bbox 1708 3049 1817 3083; x_wconf 89' lang='lat' dir='ltr'><strong>non</strong></span> <span class='ocrx_word' id='word_1_358' title='bbox 1855 3028 2069 3101; x_wconf 85' lang='lat' dir='ltr'><strong>quidem</strong></span> <span class='ocrx_word' id='word_1_359' title='bbox 2106 3042 2167 3083; x_wconf 89' lang='lat' dir='ltr'><strong>ut</strong></span> <span class='ocrx_word' id='word_1_360' title='bbox 2190 3030 2454 3085; x_wconf 79' lang='lat' dir='ltr'><strong>Weitzius</strong></span> 
     </span>
     <span class='ocr_line' id='line_1_65' title="bbox 1431 3108 2457 3181; baseline 0.002 -20"><span class='ocrx_word' id='word_1_361' title='bbox 1431 3108 1502 3162; x_wconf 83' lang='lat' dir='ltr'><strong>ad</strong></span> <span class='ocrx_word' id='word_1_362' title='bbox 1545 3110 1691 3164; x_wconf 90' lang='lat' dir='ltr'><strong>hunc</strong></span> <span class='ocrx_word' id='word_1_363' title='bbox 1737 3108 1914 3162; x_wconf 88' lang='lat' dir='ltr'><strong>locum</strong></span> <span class='ocrx_word' id='word_1_364' title='bbox 1951 3108 2131 3181; x_wconf 88' lang='lat' dir='ltr'><strong>prodit</strong></span> <span class='ocrx_word' id='word_1_365' title='bbox 2148 3148 2165 3175; x_wconf 87' lang='lat'><strong>,</strong></span> <span class='ocrx_word' id='word_1_366' title='bbox 2200 3119 2457 3181; x_wconf 82' lang='lat' dir='ltr'><strong>quatenus</strong></span> 
     </span>
     <span class='ocr_line' id='line_1_66' title="bbox 1431 3186 2453 3251; baseline 0.001 -10"><span class='ocrx_word' id='word_1_367' title='bbox 1431 3207 1558 3242; x_wconf 85' lang='lat' dir='ltr'><strong>aura</strong></span> <span class='ocrx_word' id='word_1_368' title='bbox 1589 3206 1815 3251; x_wconf 69' lang='lat' dir='ltr'><strong>ventum,</strong></span> <span class='ocrx_word' id='word_1_369' title='bbox 1840 3190 2103 3245; x_wconf 82' lang='lat' dir='ltr'><strong>faventem</strong></span> <span class='ocrx_word' id='word_1_370' title='bbox 2140 3199 2192 3242; x_wconf 92' lang='lat' dir='ltr'><strong>et</strong></span> <span class='ocrx_word' id='word_1_371' title='bbox 2220 3186 2453 3242; x_wconf 84' lang='lat' dir='ltr'><strong>favorem</strong></span> 
     </span>
     <span class='ocr_line' id='line_1_67' title="bbox 1433 3266 2453 3339; baseline 0.003 -20"><span class='ocrx_word' id='word_1_372' title='bbox 1433 3267 1720 3339; x_wconf 80' lang='lat' dir='ltr'><strong>significat,</strong></span> <span class='ocrx_word' id='word_1_373' title='bbox 1740 3266 1833 3320; x_wconf 83' lang='lat' dir='ltr'><strong>sed</strong></span> <span class='ocrx_word' id='word_1_374' title='bbox 1852 3268 1975 3339; x_wconf 83' lang='lat' dir='ltr'><strong>quia</strong></span> <span class='ocrx_word' id='word_1_375' title='bbox 1992 3268 2235 3321; x_wconf 85' lang='lat' dir='ltr'><strong>notiones</strong></span> <span class='ocrx_word' id='word_1_376' title='bbox 2253 3268 2386 3322; x_wconf 87' lang='lat' dir='ltr'><strong>lucis</strong></span> <span class='ocrx_word' id='word_1_377' title='bbox 2401 3281 2453 3322; x_wconf 91' lang='lat' dir='ltr'><strong>et</strong></span> 
     </span>
     <span class='ocr_line' id='line_1_68' title="bbox 1431 3347 2453 3423; baseline 0 -22"><span class='ocrx_word' id='word_1_378' title='bbox 1431 3347 1725 3401; x_wconf 87' lang='lat' dir='ltr'><strong>serenitatis</strong></span> <span class='ocrx_word' id='word_1_379' title='bbox 1754 3348 1890 3400; x_wconf 87' lang='lat' dir='ltr'><strong>bene</strong></span> <span class='ocrx_word' id='word_1_380' title='bbox 1921 3348 2209 3402; x_wconf 83' lang='lat' dir='ltr'><strong>convenire</strong></span> <span class='ocrx_word' id='word_1_381' title='bbox 2224 3358 2297 3423; x_wconf 76' lang='grc' dir='ltr'><strong>τῷ</strong></span> <span class='ocrx_word' id='word_1_382' title='bbox 2318 3352 2453 3401; x_wconf 68' lang='lat' dir='ltr'><strong>adti-</strong></span> 
     </span>
     <span class='ocr_line' id='line_1_69' title="bbox 1430 3427 2449 3493; baseline 0.003 -15"><span class='ocrx_word' id='word_1_383' title='bbox 1430 3427 1815 3481; x_wconf 80' lang='lat' dir='ltr'><strong>sen‘tvidentur.</strong></span> <span class='ocrx_word' id='word_1_384' title='bbox 1838 3427 2303 3493; x_wconf 84' lang='lat' dir='ltr'><strong>Quemadmodum</strong></span> <span class='ocrx_word' id='word_1_385' title='bbox 2328 3428 2449 3481; x_wconf 80' lang='lat' dir='ltr'><strong>ovi-</strong></span> 
     </span>
     <span class='ocr_line' id='line_1_70' title="bbox 1430 3506 2453 3580; baseline -0.003 -20"><span class='ocrx_word' id='word_1_386' title='bbox 1430 3506 1738 3575; x_wconf 84' lang='lat' dir='ltr'><strong>dius,Trist.</strong></span> <span class='ocrx_word' id='word_1_387' title='bbox 1760 3508 1805 3575; x_wconf 90' lang='lat'><strong>1,</strong></span> <span class='ocrx_word' id='word_1_388' title='bbox 1824 3514 1875 3574; x_wconf 74' lang='lat'><strong>4,</strong></span> <span class='ocrx_word' id='word_1_389' title='bbox 1899 3525 1995 3579; x_wconf 76' lang='lat'><strong>²7²</strong></span> <span class='ocrx_word' id='word_1_390' title='bbox 2022 3533 2045 3555; x_wconf 79' lang='grc' dir='ltr'>ι</span> <span class='ocrx_word' id='word_1_391' title='bbox 2071 3508 2210 3560; x_wconf 88' lang='lat' dir='ltr'><strong>Dum</strong></span> <span class='ocrx_word' id='word_1_392' title='bbox 2229 3509 2382 3580; x_wconf 81' lang='lat' dir='ltr'><strong>juvat</strong></span> <span class='ocrx_word' id='word_1_393' title='bbox 2400 3519 2453 3561; x_wconf 85' lang='lat' dir='ltr'><strong>et</strong></span> 
     </span>
     <span class='ocr_line' id='line_1_71' title="bbox 1431 3586 2447 3641; baseline 0 -2"><span class='ocrx_word' id='word_1_394' title='bbox 1431 3586 1581 3639; x_wconf 79' lang='lat' dir='ltr'><strong>vultu</strong></span> <span class='ocrx_word' id='word_1_395' title='bbox 1617 3586 1753 3640; x_wconf 89' lang='lat' dir='ltr'><strong>ridet</strong></span> <span class='ocrx_word' id='word_1_396' title='bbox 1790 3586 2001 3639; x_wconf 83' lang='lat' dir='ltr'><strong>fortuna</strong></span> <span class='ocrx_word' id='word_1_397' title='bbox 2045 3604 2231 3639; x_wconf 86' lang='lat' dir='ltr'><strong>sereno</strong></span> <span class='ocrx_word' id='word_1_398' title='bbox 2260 3612 2301 3639; x_wconf 76' lang='lat' dir='ltr'><strong>n.</strong></span> <span class='ocrx_word' id='word_1_399' title='bbox 2344 3586 2447 3641; x_wconf 86' lang='lat' dir='ltr'><strong>Sed</strong></span> 
     </span>
     <span class='ocr_line' id='line_1_72' title="bbox 1429 3666 2450 3738; baseline 0.001 -21"><span class='ocrx_word' id='word_1_400' title='bbox 1429 3676 1604 3719; x_wconf 85' lang='lat' dir='ltr'><strong>tamen</strong></span> <span class='ocrx_word' id='word_1_401' title='bbox 1625 3684 1809 3719; x_wconf 83' lang='lat' dir='ltr'><strong>omnes</strong></span> <span class='ocrx_word' id='word_1_402' title='bbox 1824 3666 2029 3738; x_wconf 84' lang='lat' dir='ltr'><strong>priores</strong></span> <span class='ocrx_word' id='word_1_403' title='bbox 2045 3706 2061 3733; x_wconf 89' lang='lat'><strong><em>‚</em></strong></span> <span class='ocrx_word' id='word_1_404' title='bbox 2090 3666 2307 3737; x_wconf 81' lang='lat' dir='ltr'><strong>ipseque</strong></span> <span class='ocrx_word' id='word_1_405' title='bbox 2326 3666 2450 3718; x_wconf 82' lang='lat' dir='ltr'><strong>Sca-</strong></span> 
     </span>
     <span class='ocr_line' id='line_1_73' title="bbox 1428 3744 2455 3817; baseline 0.002 -20"><span class='ocrx_word' id='word_1_406' title='bbox 1428 3745 1561 3817; x_wconf 75' lang='lat' dir='ltr'><strong>liger</strong></span> <span class='ocrx_word' id='word_1_407' title='bbox 1578 3745 1633 3799; x_wconf 86' lang='lat' dir='ltr'><strong>in</strong></span> <span class='ocrx_word' id='word_1_408' title='bbox 1652 3746 1815 3799; x_wconf 75' lang='lat' dir='ltr'><strong>catal.</strong></span> <span class='ocrx_word' id='word_1_409' title='bbox 1836 3757 1889 3797; x_wconf 83' lang='lat' dir='ltr'><strong>et</strong></span> <span class='ocrx_word' id='word_1_410' title='bbox 1902 3746 2038 3798; x_wconf 86' lang='lat' dir='ltr'><strong>Petr.</strong></span> <span class='ocrx_word' id='word_1_411' title='bbox 2056 3744 2345 3798; x_wconf 84' lang='lat' dir='ltr'><strong>Burmann.</strong></span> <span class='ocrx_word' id='word_1_412' title='bbox 2364 3764 2455 3817; x_wconf 84' lang='lat' dir='ltr'><strong>pa-</strong></span> 
     </span>
     <span class='ocr_line' id='line_1_74' title="bbox 1429 3823 2453 3880; baseline -0.004 -1"><span class='ocrx_word' id='word_1_413' title='bbox 1429 3839 1496 3880; x_wconf 82' lang='lat' dir='ltr'><strong>tr.</strong></span> <span class='ocrx_word' id='word_1_414' title='bbox 1534 3827 1587 3879; x_wconf 89' lang='lat' dir='ltr'><strong>iu</strong></span> <span class='ocrx_word' id='word_1_415' title='bbox 1630 3824 1881 3879; x_wconf 87' lang='lat' dir='ltr'><strong>Petronio</strong></span> <span class='ocrx_word' id='word_1_416' title='bbox 1910 3823 2194 3878; x_wconf 88' lang='lat' dir='ltr'><strong>ediderunt</strong></span> <span class='ocrx_word' id='word_1_417' title='bbox 2225 3827 2453 3877; x_wconf 73' lang='lat' dir='ltr'><strong>adriserae&#39;e</strong></span> 
     </span>
     <span class='ocr_line' id='line_1_75' title="bbox 1429 3904 2447 3977; baseline -0.003 -20"><span class='ocrx_word' id='word_1_418' title='bbox 1429 3909 1583 3967; x_wconf 68' lang='lat' dir='ltr'><strong>bont,-</strong></span> <span class='ocrx_word' id='word_1_419' title='bbox 1618 3917 1773 3977; x_wconf 83' lang='lat' dir='ltr'><strong>atque</strong></span> <span class='ocrx_word' id='word_1_420' title='bbox 1800 3904 1941 3957; x_wconf 87' lang='lat' dir='ltr'><strong>hanc</strong></span> <span class='ocrx_word' id='word_1_421' title='bbox 1961 3920 2145 3957; x_wconf 84' lang='lat' dir='ltr'><strong>vocem</strong></span> <span class='ocrx_word' id='word_1_422' title='bbox 2168 3920 2290 3957; x_wconf 88' lang='lat' dir='ltr'><strong>cum</strong></span> <span class='ocrx_word' id='word_1_423' title='bbox 2322 3924 2447 3955; x_wconf 82' lang='lat' dir='ltr'><strong>aura</strong></span> 
     </span>
     <span class='ocr_line' id='line_1_76' title="bbox 1430 3982 2449 4057; baseline 0 -22"><span class='ocrx_word' id='word_1_424' title='bbox 1430 3986 1734 4057; x_wconf 83' lang='lat' dir='ltr'><strong>frequenter</strong></span> <span class='ocrx_word' id='word_1_425' title='bbox 1759 3982 2019 4036; x_wconf 75' lang='lat' dir='ltr'><strong>confundi</strong></span> <span class='ocrx_word' id='word_1_426' title='bbox 2039 3982 2095 4034; x_wconf 85' lang='lat' dir='ltr'><strong>iu</strong></span> <span class='ocrx_word' id='word_1_427' title='bbox 2116 3982 2341 4055; x_wconf 82' lang='lat' dir='ltr'><strong>antiquis</strong></span> <span class='ocrx_word' id='word_1_428' title='bbox 2363 4002 2449 4037; x_wconf 86' lang='lat' dir='ltr'><strong>co-</strong></span> 
     </span>
     <span class='ocr_line' id='line_1_77' title="bbox 1427 4060 2445 4129; baseline -0.002 -12"><span class='ocrx_word' id='word_1_429' title='bbox 1427 4064 1635 4117; x_wconf 86' lang='lat' dir='ltr'><strong>dicibus</strong></span> <span class='ocrx_word' id='word_1_430' title='bbox 1651 4104 1666 4129; x_wconf 92' lang='lat'><strong>,</strong></span> <span class='ocrx_word' id='word_1_431' title='bbox 1686 4060 1955 4116; x_wconf 83' lang='lat' dir='ltr'><strong>adnotatio</strong></span> <span class='ocrx_word' id='word_1_432' title='bbox 1974 4060 2174 4114; x_wconf 79' lang='lat' dir='ltr'><strong>Heinsii</strong></span> <span class='ocrx_word' id='word_1_433' title='bbox 2192 4060 2261 4113; x_wconf 84' lang='lat' dir='ltr'><strong>ad</strong></span> <span class='ocrx_word' id='word_1_434' title='bbox 2287 4062 2445 4115; x_wconf 81' lang='lat' dir='ltr'><strong>Ovid.</strong></span> 
     </span>
     <span class='ocr_line' id='line_1_78' title="bbox 1428 4139 2443 4211; baseline 0.002 -18"><span class='ocrx_word' id='word_1_435' title='bbox 1428 4140 1553 4196; x_wconf 85' lang='lat' dir='ltr'><strong>Her.</strong></span> <span class='ocrx_word' id='word_1_436' title='bbox 1570 4143 1675 4209; x_wconf 87' lang='lat'><strong>111,</strong></span> <span class='ocrx_word' id='word_1_437' title='bbox 1692 4148 1786 4209; x_wconf 70' lang='grc'><strong>44,</strong></span> <span class='ocrx_word' id='word_1_438' title='bbox 1808 4141 1987 4193; x_wconf 78' lang='lat' dir='ltr'><strong>multis</strong></span> <span class='ocrx_word' id='word_1_439' title='bbox 2002 4139 2249 4211; x_wconf 84' lang='lat' dir='ltr'><strong>exemplis</strong></span> <span class='ocrx_word' id='word_1_440' title='bbox 2271 4140 2443 4195; x_wconf 87' lang='lat' dir='ltr'><strong>docet.</strong></span> 
     </span>
    </p>
   </div>
  </div>
 </body>
</html>
