2975 4684
760 366 891 433 AD
936 366 1332 437 LUCILII
1390 366 1606 435 JUN.
1659 366 2055 439 AETNAM.
2325 372 2456 443 183

336 490 529 555 Putat
558 488 638 552 iis
666 487 959 553 versibus
984 488 1533 575 comparationem
1553 488 1762 553 inesse
1793 490 2025 578 liquidi
2055 490 2458 559 flammarum

340 588 649 653 torrentis
696 610 847 653 cum
898 585 1307 653 redundante
1359 603 1425 653 et
1468 590 1638 677 ripas
1687 590 2033 659 excedente
2076 591 2274 661 fluvio
2295 642 2314 677 ,
2347 598 2460 684 qui

336 706 609 780 pontem
657 688 823 779 adeo
870 712 1006 755 non
1041 691 1320 779 patiatur
1341 738 1361 771 ,
1394 708 1531 755 nec·
1551 690 1856 779 pristinos
1909 694 2226 783 margines
2257 718 2460 785 agno-

337 808 493 861 scat.
527 792 799 857 Amnem
830 792 1265 882 viscjunctum
1308 791 1546 857 dixisse
1575 793 1893 857 existimat
1910 840 1929 875 ,
1971 809 2048 859 ut
2070 794 2412 884 Virgilium
2444 821 2459 863 :

324 908 591 985 pontem
642 896 1013 985 indignatus
1073 896 1353 961 Araxes.
1389 895 1558 961 Nam
1608 896 1872 984 proprie
1914 896 2178 975 jun-ctos
2233 894 2462 963 fluvios

339 1021 483 1064 esse
505 1048 525 1081 ‚
578 999 693 1087 qui
730 1012 1001 1087 pontem
1045 998 1407 1086 patiuntur.
1456 998 1758 1063 Gorallus
1794 1014 2019 1063 contra
2052 1012 2310 1086 poetam
2356 1000 2464 1089 hic

336 1123 529 1190 agere
556 1098 893 1166 contendit
923 1099 1005 1164 de
1038 1099 1387 1187 liquefacto
1417 1097 1663 1187 lapide,
1701 1098 1816 1186 qui
1838 1099 1893 1163 si
1926 1100 2094 1162 forte
2121 1097 2364 1164 incidat
2393 1101 2458 1163 in

336 1224 603 1267 amnem
618 1249 638 1283 ,
660 1202 975 1267 continuo
1001 1199 1409 1282 indurescat,
1434 1200 1518 1264 'et
1538 1200 1647 1265 vix
1667 1222 1742 1264 ac
1764 1221 1849 1264 ne
1872 1201 1980 1265 vix
2002 1199 2264 1288 quidem
2287 1202 2464 1266 illinc

338 1301 591 1368 extrahi
620 1302 845 1391 possit.
876 1302 1106 1391 Itaque
1135 1324 1257 1390 pro
1288 1302 1366 1367 Si
1372 1298 1654 1389 sumant
1694 1300 1852 1391 legit
1891 1298 1966 1365 Si
1959 1300 2176 1388 fuerit
2193 1350 2216 1383 ,
2258 1303 2327 1367 in
2361 1324 2463 1367 se-

338 1404 571 1492 quenti
603 1421 821 1470 autem
856 1426 1051 1471 versu
1079 1426 1201 1493 pro
1224 1405 1472 1494 junctis
1509 1418 1683 1467 recte
1733 1403 2073 1469 substituit
2117 1407 2324 1469 cuneis
2343 1452 2365 1485 ‚
2401 1420 2466 1467 et

338 1506 493 1572 inde
500 1502 683 1593 fixis
692 1553 715 1586 ,
752 1506 880 1571 hoc
903 1522 1169 1573 tenore:

622 1658 677 1714 Si
700 1658 859 1713 fuerit
879 1659 1149 1733 quondam
1174 1670 1236 1713 ut
1255 1658 1397 1730 ripas
1420 1658 1687 1731 trajecerit
1715 1658 1884 1712 amnis
1901 1698 1918 1727 ,

621 1743 720 1795 Vix
742 1742 923 1797 cuneis
950 1743 1235 1815 quisquam
1256 1742 1373 1797 fixis
1392 1740 1668 1796 dimoverit
1693 1740 1871 1805 illam3

337 1884 408 1950 h.
454 1908 513 1950 e.
568 1885 623 1949 si
668 1884 1013 1975 contigerit
1057 1883 1404 1973 aliquando
1425 1932 1443 1965 ‚
1497 1899 1575 1946 ut
1613 1904 1818 1946 massa
1873 1881 1974 1945 vel
2019 1883 2222 1946 moles
2280 1883 2468 1971 ignea

339 1984 656 2074 superatis
674 1986 881 2049 amnis
907 1985 1065 2073 ripis
1086 1984 1154 2050 in
1172 2005 1322 2049 eum
1338 1983 1664 2065 inciderit,
1691 1982 1781 2047 ibi
1799 1998 2099 2047 concreta
2117 1982 2222 2046 vix
2245 1985 2468 2046 cuneis

340 2101 557 2175 potest
586 2086 895 2151 amoveri.
928 2086 1034 2150 Sic
1066 2085 1333 2174 quidem
1379 2082 1722 2149 commode
1753 2085 2214 2174 interpretatur
2245 2084 2470 2150 Goral·

340 2188 464 2271 lus,
492 2186 610 2253 sed
638 2188 711 2251 in
740 2210 819 2252 eo
850 2210 1187 2277 perperam
1222 2188 1397 2272 fecit,
1412 2186 1594 2275 quod
1621 2187 1818 2251 hosce
1843 2186 2068 2250 versus
2099 2186 2180 2251 ab
2213 2201 2469 2250 antece-

341 2288 539 2352 dente
566 2287 881 2370 sejunxit,
920 2288 1032 2377 qui
1066 2290 1286 2377 potius
1324 2304 1496 2353 arcte
1524 2312 1674 2353 cum
1699 2289 1778 2352 iis
1811 2284 2110 2353 cohz'eret.
2148 2288 2285 2353 Nos
2320 2288 2468 2375 qui-

342 2388 491 2454 dem
528 2390 857 2478 integrum
880 2390 1096 2453 locum
1120 2390 1372 2455 minore
1403 2414 1555 2456 cum
1582 2388 2238 2479 mutatio'ne'vulgatae
2258 2390 2474 2453 lectio-

339 2490 439 2555 nis
459 2488 883 2556 emendamus
900 2539 918 2573 ,
935 2489 1048 2553 sed
1066 2507 1132 2555 et
1148 2492 1331 2556 aliter
1344 2492 1802 2581 dispungendo
1818 2490 2015 2556 alium
2033 2492 2098 2554 in
2107 2490 2186 2555 de
2206 2513 2470 2555 sensum

340 2590 828 2679 consequimur.
862 2593 959 2655 Ac
992 2590 1205 2679 primo
1240 2592 1505 2680 quidem
1536 2594 1607 2657 in
1643 2593 1766 2657 illis
1788 2643 1807 2675 ‚
1842 2584 2086 2658 Procul
2116 2616 2250 2657 ecce
2275 2594 2426 2657 vide
2447 2642 2467 2673 ,

340 2692 764 2758 vehementer
812 2690 1246 2779 approbamus
1287 2693 1533 2759 Goralli
1583 2694 2090 2775 correctionem3
2125 2692 2241 2758 sed
2291 2692 2472 2781 quod

341 2792 519 2859 idem
556 2816 711 2858 cum
749 2792 1073 2881 Scaligero
1104 2794 1177 2857 in
1207 2794 1408 2859 altero
1436 2816 1631 2859 versu
1658 2794 2021 2859 ucrir'nsecus
2063 2794 2307 2881 recepit
2351 2814 2471 2880 pro

339 2918 569 2961 verum
609 2900 901 2983 impetus,
956 2892 1024 2958 id
1054 2912 1297 2959 temere
1330 2896 1572 2959 factum
1623 2895 2078 2959 existimamus,
2113 2894 2281 2958 Nam
2327 2893 2471 2956 vul-

342 3012 486 3087 gam
515 2996 714 3063 lectio
748 2998 994 3085 optima
1019 3011 1150 3075 est,
1182 3012 1377 3086 atque
1400 3020 1473 3061 ea
1493 3012 1740 3061 servata
1772 2996 1988 3058 verior
2017 2994 2297 3058 auctoris
2327 3015 2473 3057 sen·

342 3104 548 3167 tentia
584 3104 755 3191 aperi
764 3118 889 3167 tur.
948 3102 1025 3167 In
1064 3102 1258 3167 tertio
1278 3150 1297 3183 ‚
1332 3124 1466 3190 quo
1497 3101 1768 3191 vulgatae
1800 3101 2027 3189 legunt
2062 3096 2424 3187 Sifumant
2447 3148 2468 3179 ,

344 3202 647 3268 Gorallus
676 3200 975 3291 Sifuerit
994 3253 1015 3285 ,
1040 3201 1245 3267 codex
1265 3202 1381 3267 MS
1401 3204 1674 3268 Helmst.
1705 3217 1802 3267 tot
1825 3217 2114 3265 monstra
2138 3217 2202 3266 et
2223 3222 2472 3265 errores

346 3304 677 3370 scribendi
726 3306 1017 3395 congerit
1039 3354 1060 3387 ,
1096 3319 1172 3369 ut
1211 3304 1490 3369 calamus
1528 3302 1773 3369 librarii
1803 3324 2043 3366 errasse
2099 3324 2216 3391 per
2256 3303 2472 3391 plures

344 3406 707 3471 scribarum
743 3406 1124 3471 variationes
1152 3406 1465 3471 videatur.
1505 3406 1610 3470 Sic
1646 3404 1778 3469 fere
1812 3404 2035 3469 scribit
2064 3428 2079 3468 :

628 3558 757 3613 Siul’
777 3559 967 3613 famati
993 3572 1045 3613 et
1071 3560 1131 3614 hi
1158 3558 1356 3632 quond’
1384 3572 1443 3614 ut
1466 3559 1610 3631 ripas
1638 3559 1905 3631 trajecerit
1931 3558 2120 3611 amnis.

348 3702 429 3764 In
480 3699 585 3763 his
632 3698 913 3789 vestigiis
956 3700 1233 3788 reperire
1272 3700 1431 3763 mihi
1479 3698 1706 3763 videor
1745 3698 1850 3763 Sic
1889 3697 2206 3777 cumulat,
2245 3714 2310 3761 et
2346 3714 2472 3761 tres

345 3802 551 3892 igitur
579 3823 805 3865 versus
838 3802 927 3865 ita
964 3818 1283 3866 connecto
1310 3818 1379 3865 et
1406 3800 1738 3890 distinguo
1767 3824 1782 3863 :

646 3985 835 4000 ......
844 3948 1036 4001 Procul
1054 3966 1178 4002 ecce
1200 3948 1320 4003 vide
1337 3989 1352 4016 ,
1384 3948 1572 4021 procul
1595 3966 1720 4001 ecce
1741 3958 1954 3999 ruentes
1977 3963 1990 3995 :

632 4030 895 4085 Incolumi
923 4032 1131 4086 fervore
1156 4032 1383 4096 caduntg
1408 4050 1596 4088 verum
1622 4032 1849 4103 impetus
1875 4030 2019 4102 ignes

630 4114 719 4167 Sic
744 4115 1009 4183 cumulat,
1040 4114 1307 4188 quondam
1336 4128 1395 4171 ut
1418 4117 1562 4191 ripas
1589 4115 1854 4189 trajecerit
1880 4113 2070 4167 amnis.
