2975 4684
453 320 588 418 392

1119 319 1921 392 EPITHALAMIUM

542 441 861 537 Elapsum
899 444 1164 537 pennis,
1199 458 1267 511 et
1309 442 1725 512 inobservata
1762 441 2079 536 ferentem
2499 419 2591 492 „⁵⁵

544 556 674 621 Per
712 551 996 646 liquidas
1031 555 1469 648 Hymenaeum
1508 576 1703 621 auras
1741 551 2051 647 vestigia,
2085 551 2319 620 Romae

544 662 920 732 Advertisse
955 662 1230 756 pedem,
1267 661 1875 760 subitoqueredire
1921 659 2236 730 tumultu.

541 776 693 865 Ipse
728 771 993 860 aderat,
1026 797 1475 868 pompamque
1511 774 1820 860 trahem,
1852 773 2198 866 victosque
2229 769 2445 865 jugali
2497 760 2507 770 ’

543 885 732 972 Quos
769 882 1140 976 inconsulta
1178 885 1617 977 conjunxerat
1649 898 1791 951 arte
1831 883 2091 970 Diona,

549 995 932 1088 Auspicium
965 995 1276 1087 juvenem
1294 1047 1312 1080 ‚
1349 1009 1550 1088 atque
1587 1017 1887 1088 aequaevae
1923 1006 2154 1087 pectus
2194 988 2418 1061 Aellae.
2530 1010 2587 1046 ⁶0

543 1102 704 1174 Illos
749 1105 962 1197 prima
997 1117 1304 1196 patrum,
1345 1125 1687 1198 generosae
1725 1103 1949 1196 stirpis
1990 1101 2295 1170 alumnos

540 1213 871 1284 Nobilitas
907 1228 1046 1282 tota
1082 1213 1340 1308 pridem
1377 1212 1825 1283 celebraverat
1854 1214 2022 1282 urbe
2040 1267 2059 1300 ,

542 1327 631 1394 Et
664 1327 948 1419 specim,
983 1351 1378 1419 morumque
1423 1325 1766 1420 opulentia
1808 1338 2075 1418 compta
2110 1324 2361 1405 nitore;

542 1437 685 1505 Nec
721 1433 920 1502 semel
957 1437 1346 1506 Arcitenens
1385 1451 1675 1505 tentarat
1712 1434 1963 1530 spicula
2004 1434 2201 1504 castis

543 1543 783 1612 Indere
827 1544 1242 1637 pectoribus»,
1277 1547 1509 1615 matris
1545 1543 1888 1615 molimine
1922 1568 2185 1638 magno.
2522 1563 2577 1600 ⁶⁵

547 1650 680 1720 Olli
719 1652 1048 1722 florebant
1087 1655 1322 1723 studiis
1357 1655 1673 1726 Helicone
1715 1658 1967 1750 potito,

540 1767 687 1836 ‘Nec
722 1764 966 1834 chorus
1002 1765 1375 1856 Aonidum,
1417 1791 1540 1835 nec
1582 1781 1828 1839 sanctae
1875 1764 2159 1844 Palladis
2192 1764 2414 1848 ardor,
2448 1765 2459 1780 '

449 1950 689 2022 Propert.
711 1952 814 2016 IV,
837 1955 888 2018 8,
926 1955 988 2006 28
1016 1973 1029 2005 :
1058 1980 1080 2000 ι
1103 1954 1304 2014 Mutato
1329 1954 1470 2008 volui

449 2041 618 2083 castra
647 2051 863 2085 movere
889 2046 1006 2086 toro
1034 2059 1075 2086 ι.
1107 2033 1347 2097 Mart.V‚
1374 2041 1468 2098 14,

459 2129 479 2161 1
505 2127 520 2161 :
555 2137 580 2156 κ
597 2110 790 2164 Sedere
813 2111 988 2184 primo
1011 2112 1196 2167 solitus
1223 2118 1279 2165 in
1300 2113 1470 2185 gradu

449 2207 676 2260 semper,
703 2190 858 2243 Tunc
895 2210 1062 2262 quum
1101 2193 1280 2246 liceret
1307 2213 1466 2246 occu-

449 2286 606 2340 pare,
635 2269 941 2334 Nanneius;
977 2270 1063 2322 Bis
1089 2271 1344 2324 excitatus
1367 2260 1480 2324 ter-⁸

335 2361 344 2371 ¹
451 2367 556 2418 que
597 2349 860 2400 transtulit
887 2362 1056 2410 castra
1079 2377 1128 2403 -.
1168 2351 1251 2403 Cf.
1284 2351 1475 2404 Lucilii

449 2429 592 2479 AEtn.
617 2445 662 2477 v.
683 2431 807 2496 607.
836 2427 940 2485 En.

523 2505 606 2558 55.
634 2509 1222 2576 Inobservatafireneem.
1250 2507 1472 2562 Ovidius

451 2589 701 2636 tacimrna
749 2589 968 2654 vestigia
1030 2585 1160 2639 dicit
1218 2587 1261 2642 F
1259 2600 1355 2640 ast.
1403 2588 1430 2639 1
1454 2629 1469 2653 ,

453 2665 583 2728 1525:
607 2692 632 2710 κ
652 2665 864 2736 vestigia
892 2667 1076 2719 furtim
1101 2667 1366 2739 Suspenso
1389 2667 1470 2722 di-

450 2745 572 2816 gitis
591 2747 690 2798 fert
709 2747 972 2798 taciturna
986 2745 1163 2820 gradu
1183 2774 1223 2810 ι»,

523 2828 610 2880 58.
643 2828 899 2894 Victosque
918 2830 1107 2896 jugali.
1151 2827 1333 2882 Scribe
1357 2834 1471 2892 ‘pia-

451 2921 650 2974 ctosque
661 2945 678 2968 ‚
709 2918 762 2958 et
779 2926 828 2959 v.
847 2925 956 2979 seq.
981 2910 1159 2959 Dione.
1181 2907 1360 2974 Bmujt.

522 2989 603 3040 61.
635 2991 752 3038 Illos
781 2989 948 3055 prima
981 3001 1178 3054 patrum
1209 2990 1464 3043 Nobilitas.

449 3066 657 3119 Iudicat
697 3086 787 3120 eos
827 3087 855 3120 e
899 3068 1240 3138 patriciorum
1279 3087 1470 3139 genere

443 3147 618 3199 fuisse.
628 3178 687 3186 -
700 3151 932 3200 Alumnos
947 3147 1046 3200 scri
1053 3147 1128 3220 pei
1141 3167 1240 3219 pro
1250 3153 1466 3210 alternae,

447 3225 592 3296 quod
617 3225 673 3277 in
700 3226 901 3279 Barthii
924 3226 1154 3281 editione
1174 3239 1284 3292 est,
1309 3228 1473 3282 mani-

448 3303 583 3356 festo
602 3304 750 3356 vitio.

520 3385 608 3436 63.
660 3389 948 3450 Mor-umque
995 3390 1239 3451 opulentia
1281 3401 1471 3455 compta

446 3467 616 3516 nitore.
663 3462 832 3527 Dicit,
855 3461 1065 3524 divitias
1106 3485 1224 3530 suas
1263 3483 1471 3532 morum

447 3543 700 3614 elegantia
742 3561 982 3604 ornasse,
1009 3541 1192 3598 divites
1232 3546 1382 3616 juxta
1421 3557 1473 3596 et

446 3635 661 3676 ornatos
704 3622 853 3674 bonis
897 3623 1129 3678 moribus
1174 3642 1303 3678 esse.
1350 3623 1468 3684 Huc

445 3705 676 3768 referam,
716 3701 862 3775 quod
908 3703 1098 3754 Statius
1140 3703 1196 3754 in
1241 3701 1467 3774 Epithal.

446 3783 618 3837 Stellae
655 3783 754 3848 ait,
777 3781 901 3836 silv.
937 3783 964 3834 1
982 3819 998 3844 ,
1036 3799 1062 3833 2
1081 3821 1096 3846 ‚
1131 3799 1222 3834 121
1246 3799 1259 3832 :
1289 3807 1312 3826 ‹-
1332 3781 1471 3834 Huic

445 3863 690 3934 quamvis
745 3879 931 3914 census
988 3857 1226 3916 dederim
1286 3859 1472 3932 largita

447 3943 656 4008 beatos,
676 3941 858 3994 Vincit
894 3959 1021 4013 opes
1052 3940 1272 4004 animo-¹·
1292 3958 1307 4002 ;
1330 3952 1384 3994 et
1419 3940 1472 3993 il-

445 4019 542 4080 lud
561 4019 720 4088 Ovid.
733 4021 895 4072 Trist.
917 4021 1015 4087 IV,
1033 4026 1062 4081 ά
1078 4058 1094 4083 ,
1118 4039 1144 4070 2
1169 4037 1181 4071 :
1209 4045 1231 4066 ι
1248 4021 1474 4072 nomini·

444 4101 544 4152 bus
569 4118 734 4172 quum
765 4099 831 4152 sis
857 4119 1137 4172 generosus
1163 4099 1346 4166 avitis,
1368 4099 1474 4152 Ex-

1558 1973 1771 2026 superas
1802 1971 2011 2006 morum
2040 1951 2317 2004 nobilitate
2344 1965 2513 2019 genus
2534 1975 2580 1998 -.

1626 2038 1713 2098 64.
1742 2037 2057 2090 Arcitenens,
2082 2027 2309 2102 Cupido.

1628 2113 1714 2166 65.
1740 2117 1915 2174 Matris
1948 2112 2194 2162 molimine
2224 2126 2412 2176 magno
2426 2145 2441 2167 ,
2472 2105 2583 2158 hoc

1558 2203 1652 2258 est,
1663 2191 1899 2263 quamvis
1912 2203 2101 2256 mater,
2116 2187 2397 2252 sc.Venus,
2410 2185 2583 2238 multa

1564 2289 1859 2344 magnaque
1881 2269 2157 2322 moliretur
2172 2308 2188 2334 ,
2216 2283 2465 2337 magnam
2484 2283 2583 2317 cu-

1561 2369 1677 2405 ram
1696 2350 1985 2412 adhiberet.

1632 2435 1719 2486 66.
1760 2433 1936 2484 Studiis
1976 2432 2208 2481 Helicone
2236 2429 2408 2494 potito.
2452 2425 2585 2477 Bur-

1562 2527 1791 2562 mannus
1815 2508 2204 2570 emendandum
2230 2518 2378 2579 putat
2401 2509 2551 2576 politi
2562 2525 2580 2555 .-

1561 2588 1653 2641 sed
1672 2629 1687 2654 ,
1717 2589 1819 2640 nisi
1855 2589 1957 2648 hoc
1982 2589 2167 2641 vitium
2190 2601 2439 2660 typorum
2466 2598 2548 2638 est
2562 2625 2581 2649 ‚

1562 2667 1900 2721 scribendum
1945 2668 2117 2739 potius
2161 2679 2238 2722 est
2276 2668 2439 2734 potiti.
2492 2665 2585 2718 Sic

1560 2762 1722 2799 monte
1769 2751 2003 2799 Helicone
2042 2749 2193 2814 potiri
2234 2743 2371 2797 dixit
2414 2743 2582 2797 ovid.

1560 2825 1687 2879 Met.
1714 2829 1787 2890 V,
1818 2827 1936 2892 254.
1979 2826 2045 2878 Iu
2092 2824 2343 2878 Helicone
2382 2827 2587 2878 versari

1560 2903 1829 2969 dicuntur,
1864 2907 1958 2978 qui
1994 2903 2181 2958 studiis
2211 2917 2421 2959 vacant.
2459 2903 2587 2956 Pro-

1558 2995 1691 3061 pert.
1716 2984 1797 3036 III
1812 3027 1826 3050 ,
1844 2985 1872 3036 5
1890 3022 1906 3048 ,
1928 3002 2015 3054 19:
2034 3010 2057 3029 α
2075 2983 2162 3034 Me
2171 2987 2320 3057 juvat
2338 2982 2390 3042 in
2410 2983 2585 3053 prima

1560 3063 1781 3130 coluisse
1794 3063 2043 3116 Helicona
2052 3065 2283 3136 juventa,
2292 3061 2591 3122 Musarum·

1560 3163 1666 3214 que
1712 3143 1889 3213 eboris
1930 3141 2248 3213 implicuisse
2291 3158 2509 3200 manum
2539 3169 2583 3194 -.

1558 3224 1732 3277 Possis
1744 3223 1901 3289 etiam
1916 3223 2143 3277 retinere
2154 3223 2389 3272 Helicone
2396 3223 2555 3288 potito
2563 3262 2581 3282 ,

1560 3303 1775 3375 passivo
1799 3321 1953 3368 sensu
1972 3340 1987 3364 ,
2010 3297 2281 3374 quomodo
2308 3300 2590 3372 usurpavit

1560 3383 1827 3454 sequentis
1838 3379 2175 3453 Epithalamii
2198 3392 2407 3444 auctor,
2424 3397 2471 3430 v.
2490 3379 2586 3446 80,

1565 3488 1587 3509 ι
1603 3461 1923 3536 tandemque
1935 3472 2049 3512 toro
2060 3458 2310 3512 recubate
2322 3457 2487 3529 potito
2504 3485 2547 3511 ⁸·-

1630 3545 1719 3614 67.
1746 3547 1850 3594 Nec
1871 3554 2058 3602 saneqoe
2084 3539 2301 3604 Palladis
2326 3542 2501 3605 ardor,
2524 3537 2588 3590 id

1560 3633 1637 3678 eat
1656 3661 1671 3684 ‚
1698 3619 1931 3676 studium
1966 3615 2323 3689 philosophia.
2356 3615 2589 3670 Palladis

1558 3699 1699 3753 enim
1724 3697 1932 3751 nomine
1950 3695 2285 3770 philosophia
2304 3707 2357 3749 et
2366 3695 2587 3768 reliqum

1560 3792 1696 3832 artes
1720 3775 2002 3850 significari
2022 3774 2194 3828 solent
2208 3816 2224 3842 ,
2244 3788 2304 3828 ut
2328 3774 2508 3827 Phoehi
2532 3789 2590 3828 et

1558 3859 1829 3914 Musarum
1850 3898 1866 3924 ,
1910 3856 2093 3929 poesis.
2131 3856 2328 3924 Auctor.
2352 3853 2496 3926 Eleg.
2526 3854 2587 3906 in

1564 3940 1783 3992 Maecen.
1818 3955 1880 4004 17
1908 3956 1920 3989 :
1959 3962 1981 3982 ι
2000 3934 2213 3990 Pallade
2256 3951 2377 3986 cum
2428 3933 2589 3987 docta

1563 4018 1791 4070 Phoebus
1812 4015 2100 4068 donaverat
2122 4026 2260 4068 artes
2275 4051 2290 4075 ,
2310 4013 2395 4065 Tu
2422 4011 2587 4068 decus

1562 4109 1613 4150 et
1629 4097 1814 4150 laudes
1834 4095 1994 4168 hujus
2014 4107 2065 4149 et
2086 4095 2243 4168 hujus
2266 4111 2383 4148 eras
2400 4119 2439 4146 n.
2458 4091 2587 4159 Pm-
