2975 4684
533 308 674 381 628
1081 308 1506 381 AUSONII
1568 307 2119 379 PERIOCHAE

986 561 1509 631 PERIOCHA
1567 560 1719 629 XII
1780 560 2220 629 ILIADOS.

807 745 1080 799 Actorides
1103 746 1246 799 fovet
1266 744 1599 818 Eurypylum
1622 745 1750 799 dum
1776 747 1997 801 vulnere
2022 746 2235 801 sectum.

614 930 740 991 Res
771 926 986 990 dubim
1011 926 1187 1015 apud
1216 925 1510 1007 Graecos,
1537 926 1640 989 vel
1672 926 1889 1014 potius
1921 923 2213 1007 adflictat,
2248 926 2489 991 ultimae
2524 928 2671 991 for-

523 1050 700 1097 tunae
723 1048 894 1097 statu
928 1048 1232 1122 aguntur,
1261 1032 1713 1119 praestantibus
1740 1053 2089 1119 procerum
2124 1032 2473 1097 vulneratis
2494 1083 2512 1116 ,
2544 1057 2672 1097 αι·-

521 1156 660 1203 tero
675 1137 956 1203 exercitu
972 1138 1214 1227 fugam,
1233 1154 1344 1201 aut
1361 1136 1709 1201 formidine
1728 1137 2313 1225 percuISO.T1-ojani
2336 1141 2665 1205 navalium

521 1246 926 1309 munimenta
957 1242 1340 1308 rescindunt
1361 1290 1380 1324 ,
1415 1244 1789 1331 vallumque
1822 1245 2200 1331 transgressi
2232 1246 2519 1333 auguriis
2546 1246 2665 1326 ju-

519 1370 755 1418 vantur
772 1376 849 1417 ex
871 1368 1105 1416 eventu
1128 1350 1468 1439 ambiguis,
1486 1353 1716 1440 Itaque
1735 1366 1799 1414 et
1815 1374 1961 1439 pars
1986 1351 2157 1415 muri
2178 1352 2260 1415 ab
2284 1352 2667 1439 Sarpedone

520 1459 918 1539 convellitur,
942 1474 1007 1522 et
1031 1436 1113 1521 ai)
1143 1457 1426 1522 Hectore
1453 1457 1589 1521 ictu
1616 1456 1844 1545 lapidis
1877 1474 2066 1545 porta
2092 1456 2441 1521 discutitur
2456 1508 2473 1540 ,
2496 1475 2561 1522 et
2585 1460 2657 1522 in

516 1567 669 1655 ipsis
707 1566 1040 1630 navalibus
1067 1587 1287 1654 pugna
1321 1564 1702 1629 conseritur.

943 1812 1462 1881 PERIOCHA
1527 1812 1723 1879 XIII
1789 1812 2229 1882 ILIADOS.

792 2024 1038 2097 luppiter
1066 2022 1304 2076 admovit
1320 2021 1526 2086 Trou,
1544 2032 1703 2095 atque
1729 2021 1957 2076 Hectora
1982 2022 2151 2076 classi.

599 2204 946 2290 Neptunus
1005 2196 1416 2269 miseratione
1472 2214 1883 2279 commotus,
1940 2197 2327 2285 Argivorum
2385 2198 2653 2264 tuendis

512 2308 783 2374 navibus
817 2304 1157 2369 auxiliator
1192 2302 1440 2368 accedit
1460 2350 1477 2383 ,
1510 2320 1575 2367 et
1609 2319 1919 2391 usurpata
1948 2304 2107 2367 vatis
2138 2302 2381 2393 effigie,
2422 2304 2655 2383 Aiaces

512 2414 678 2478 duos
713 2412 783 2475 in
819 2410 1110 2498 praelium
1148 2407 1572 2490 cohortatum
1610 2431 1732 2472 nec
1761 2410 1977 2473 minus
2006 2425 2297 2473 caeteram
2342 2410 2655 2475 multitu-

507 2520 728 2583 dinem
760 2514 1094 2605 praesentia
1125 2513 1467 2593 majestatis
1502 2513 1783 2601 instigat.
1810 2512 2203 2578 Idomeneus
2238 2516 2493 2604 egregio
2512 2539 2661 2579 cer-

507 2622 750 2688 tamine
781 2620 1044 2685 eminet.
1067 2617 1328 2696 Trojani
1349 2617 1483 2697 jam
1515 2616 1865 2682 referentes
1894 2617 2164 2707 gradum
2184 2666 2203 2699 ‚
2237 2616 2467 2683 firmati
2498 2643 2657 2684 rur-

507 2756 654 2798 sum
680 2754 797 2820 per
819 2732 1187 2808 Hectorem,
1215 2726 1714 2810 contrahuntur,
1746 2744 1811 2792 et
1838 2728 2086 2816 ingenti
2112 2730 2387 2793 clamore
2414 2730 2655 2793 utrim-

501 2862 632 2927 que
665 2852 966 2903 certatur.

951 3028 1468 3099 PERIOCHA
1531 3029 1713 3097 XIV
1775 3029 2211 3099 ILIADOS.

787 3238 1068 3293 Concussit
1081 3278 1098 3303 ‚
1119 3236 1360 3308 quamvis
1381 3248 1654 3309 potantem
1670 3276 1687 3302 ‚
1716 3236 1937 3291 Nestora
1954 3238 2176 3303 clamor,

791 3326 1157 3399 Attonitusque
1187 3344 1339 3381 aures
1367 3326 1569 3399 pepulit
1598 3327 1851 3399 gravitate
1876 3326 2151 3381 tumultus.

596 3505 766 3568 Juno
799 3498 1132 3563 vinculum
1154 3498 1462 3578 VeneriS,
1495 3497 1601 3561 cui
1631 3498 1824 3561 cesto
1860 3520 2098 3561 nomen
2141 3513 2273 3581 est,
2312 3515 2645 3581 mutuata,

505 3610 587 3675 ad
618 3610 843 3675 Jovem
869 3605 1078 3695 pergit
1107 3604 1176 3667 in
1205 3625 1529 3668 secessum
1562 3604 1804 3666 mon'tis
1837 3602 2007 3683 ldae3
2030 3621 2425 3693 exoratoque
2448 3606 2644 3669 Som-

507 3739 628 3798 no,
661 3730 738 3777 ut
785 3734 935 3776 eum
975 3710 1406 3774 committeret
1454 3709 1522 3771 in
1564 3731 1895 3797 soporem,
1943 3709 2181 3774 dehinc
2218 3711 2462 3800 vigilias
2496 3712 2645 3791 ejus

503 3818 744 3885 uxoriis
802 3818 1137 3883 labefactat
1187 3815 1522 3879 illecebris.
1581 3813 1785 3894 Cujus
1836 3816 2241 3905 ignoratione
2286 3816 2643 3904 Neptunus

503 3924 811 4005 abutitur,
845 3922 1305 4009 fortunamque
1333 3921 1708 3986 Graecorum
1740 3921 2104 4008 promptius
2127 3922 2491 3987 auxiliando
2530 3946 2641 3987 re·—

503 4028 744 4107 stituit‚
773 4028 959 4107 Aiace
989 4028 1198 4090 Locro
1233 4027 1400 4089 ultra
1437 4040 1698 4089 caeteros
1735 4025 2079 4112 praeliante.

2874 4418 2886 4586 μ--μ-.
