<?xml version="1.0" encoding="UTF-8"?>
<!DOCTYPE html PUBLIC "-//W3C//DTD XHTML 1.0 Transitional//EN"
    "http://www.w3.org/TR/xhtml1/DTD/xhtml1-transitional.dtd">
<html xmlns="http://www.w3.org/1999/xhtml" xml:lang="en" lang="en">
 <head>
  <title>
</title>
<meta http-equiv="Content-Type" content="text/html;charset=utf-8" />
  <meta name='ocr-system' content='tesseract 3.04.00' />
  <meta name='ocr-capabilities' content='ocr_page ocr_carea ocr_par ocr_line ocrx_word'/>
</head>
<body>
  <div class='ocr_page' id='page_1' title='image "./poetaelatinimin00unkngoog_0023.png"; bbox 0 0 2975 4684; ppageno 0'>
   <div class='ocr_carea' id='block_1_1' title="bbox 429 399 2129 485">
    <p class='ocr_par' dir='ltr' id='par_1_1' title="bbox 429 399 2129 485">
     <span class='ocr_line' id='line_1_1' title="bbox 429 399 2129 485; baseline 0.002 -16"><span class='ocrx_word' id='word_1_1' title='bbox 429 403 516 485; x_wconf 73' lang='lat'>¹4</span> <span class='ocrx_word' id='word_1_2' title='bbox 750 419 759 427; x_wconf 87' lang='lat'>·</span> <span class='ocrx_word' id='word_1_3' title='bbox 873 401 1008 470; x_wconf 90' lang='lat' dir='ltr'>DE</span> <span class='ocrx_word' id='word_1_4' title='bbox 1073 399 1414 468; x_wconf 84' lang='lat' dir='ltr'>VARIIS</span> <span class='ocrx_word' id='word_1_5' title='bbox 1477 399 2129 472; x_wconf 83' lang='lat' dir='ltr'>AUCTORIBUS</span> 
     </span>
    </p>
   </div>
   <div class='ocr_carea' id='block_1_2' title="bbox 417 529 2587 2060">
    <p class='ocr_par' dir='ltr' id='par_1_2' title="bbox 417 529 2587 2060">
     <span class='ocr_line' id='line_1_2' title="bbox 421 529 2577 619; baseline 0.001 -24"><span class='ocrx_word' id='word_1_6' title='bbox 421 530 640 596; x_wconf 79' lang='lat' dir='ltr'>video.</span> <span class='ocrx_word' id='word_1_7' title='bbox 691 529 1004 594; x_wconf 74' lang='lat' dir='ltr'>Latinitas</span> <span class='ocrx_word' id='word_1_8' title='bbox 1065 545 1132 594; x_wconf 90' lang='lat' dir='ltr'>et</span> <span class='ocrx_word' id='word_1_9' title='bbox 1187 529 1531 619; x_wconf 81' lang='lat' dir='ltr'>ingenium</span> <span class='ocrx_word' id='word_1_10' title='bbox 1584 529 1889 594; x_wconf 79' lang='lat' dir='ltr'>caminis</span> <span class='ocrx_word' id='word_1_11' title='bbox 1944 531 2215 596; x_wconf 87' lang='lat' dir='ltr'>minime</span> <span class='ocrx_word' id='word_1_12' title='bbox 2264 533 2577 597; x_wconf 66' lang='lat' dir='ltr'>seculum</span> 
     </span>
     <span class='ocr_line' id='line_1_3' title="bbox 417 635 2577 726; baseline 0 -25"><span class='ocrx_word' id='word_1_13' title='bbox 417 637 940 701; x_wconf 81' lang='lat' dir='ltr'>Christianorum</span> <span class='ocrx_word' id='word_1_14' title='bbox 975 647 1320 725; x_wconf 81' lang='lat' dir='ltr'>poetarum</span> <span class='ocrx_word' id='word_1_15' title='bbox 1361 635 1577 726; x_wconf 81' lang='lat' dir='ltr'>sapit:</span> <span class='ocrx_word' id='word_1_16' title='bbox 1622 637 1957 704; x_wconf 73' lang='lat' dir='ltr'>sententies</span> <span class='ocrx_word' id='word_1_17' title='bbox 2000 637 2233 702; x_wconf 85' lang='lat' dir='ltr'>crebro</span> <span class='ocrx_word' id='word_1_18' title='bbox 2274 637 2539 702; x_wconf 64' lang='lat' dir='ltr'>inserte</span> <span class='ocrx_word' id='word_1_19' title='bbox 2556 687 2577 722; x_wconf 87' lang='lat'>‚</span> 
     </span>
     <span class='ocr_line' id='line_1_4' title="bbox 419 739 2579 830; baseline 0.001 -24"><span class='ocrx_word' id='word_1_20' title='bbox 419 765 568 830; x_wconf 78' lang='lat' dir='ltr'>quae</span> <span class='ocrx_word' id='word_1_21' title='bbox 590 741 756 806; x_wconf 85' lang='lat' dir='ltr'>forte</span> <span class='ocrx_word' id='word_1_22' title='bbox 777 739 1164 830; x_wconf 76' lang='lat' dir='ltr'>religionem</span> <span class='ocrx_word' id='word_1_23' title='bbox 1185 740 1711 804; x_wconf 85' lang='lat' dir='ltr'>Christianorum</span> <span class='ocrx_word' id='word_1_24' title='bbox 1734 741 1977 828; x_wconf 79' lang='lat' dir='ltr'>spirare</span> <span class='ocrx_word' id='word_1_25' title='bbox 1996 741 2361 825; x_wconf 79' lang='lat' dir='ltr'>videantur,</span> <span class='ocrx_word' id='word_1_26' title='bbox 2380 743 2579 808; x_wconf 81' lang='lat' dir='ltr'>etiam</span> 
     </span>
     <span class='ocr_line' id='line_1_5' title="bbox 421 845 2583 938; baseline 0.001 -26"><span class='ocrx_word' id='word_1_27' title='bbox 421 847 822 938; x_wconf 86' lang='lat' dir='ltr'>philosopho</span> <span class='ocrx_word' id='word_1_28' title='bbox 853 847 1078 938; x_wconf 77' lang='lat' dir='ltr'>gentili</span> <span class='ocrx_word' id='word_1_29' title='bbox 1109 845 1326 936; x_wconf 58' lang='lat' dir='ltr'>digna!</span> <span class='ocrx_word' id='word_1_30' title='bbox 1359 863 1553 926; x_wconf 89' lang='lat' dir='ltr'>sunt,</span> <span class='ocrx_word' id='word_1_31' title='bbox 1586 869 1709 911; x_wconf 87' lang='lat' dir='ltr'>nec</span> <span class='ocrx_word' id='word_1_32' title='bbox 1736 847 2099 912; x_wconf 83' lang='lat' dir='ltr'>locutiones</span> <span class='ocrx_word' id='word_1_33' title='bbox 2130 847 2438 938; x_wconf 79' lang='lat' dir='ltr'>equidem</span> <span class='ocrx_word' id='word_1_34' title='bbox 2472 871 2583 914; x_wconf 87' lang='lat' dir='ltr'>re·</span> 
     </span>
     <span class='ocr_line' id='line_1_6' title="bbox 421 953 2583 1044; baseline 0 -24"><span class='ocrx_word' id='word_1_35' title='bbox 421 956 634 1044; x_wconf 86' lang='lat' dir='ltr'>perire</span> <span class='ocrx_word' id='word_1_36' title='bbox 665 955 894 1044; x_wconf 89' lang='lat' dir='ltr'>potui,</span> <span class='ocrx_word' id='word_1_37' title='bbox 933 976 1119 1042; x_wconf 64' lang='lat' dir='ltr'>quse,</span> <span class='ocrx_word' id='word_1_38' title='bbox 1151 967 1228 1016; x_wconf 88' lang='lat' dir='ltr'>ut</span> <span class='ocrx_word' id='word_1_39' title='bbox 1261 953 1566 1018; x_wconf 64' lang='lat' dir='ltr'>Bai-thius</span> <span class='ocrx_word' id='word_1_40' title='bbox 1597 953 1952 1032; x_wconf 78' lang='lat' dir='ltr'>existimat,</span> <span class='ocrx_word' id='word_1_41' title='bbox 1996 977 2323 1020; x_wconf 83' lang='lat' dir='ltr'>sacrarum</span> <span class='ocrx_word' id='word_1_42' title='bbox 2356 957 2583 1020; x_wconf 86' lang='lat' dir='ltr'>litera-</span> 
     </span>
     <span class='ocr_line' id='line_1_7' title="bbox 419 1058 2583 1150; baseline -0 -23"><span class='ocrx_word' id='word_1_43' title='bbox 419 1085 568 1127; x_wconf 86' lang='lat' dir='ltr'>rum</span> <span class='ocrx_word' id='word_1_44' title='bbox 607 1061 1064 1127; x_wconf 78' lang='lat' dir='ltr'>tractationem</span> <span class='ocrx_word' id='word_1_45' title='bbox 1107 1059 1438 1124; x_wconf 82' lang='lat' dir='ltr'>fateantur</span> <span class='ocrx_word' id='word_1_46' title='bbox 1467 1058 1589 1148; x_wconf 86' lang='lat'>(1).</span> <span class='ocrx_word' id='word_1_47' title='bbox 1636 1061 1939 1148; x_wconf 90' lang='lat' dir='ltr'>Denique</span> <span class='ocrx_word' id='word_1_48' title='bbox 1964 1061 2035 1124; x_wconf 90' lang='lat' dir='ltr'>in</span> <span class='ocrx_word' id='word_1_49' title='bbox 2064 1061 2385 1150; x_wconf 86' lang='lat' dir='ltr'>principio</span> <span class='ocrx_word' id='word_1_50' title='bbox 2416 1083 2583 1150; x_wconf 86' lang='lat' dir='ltr'>poe·</span> 
     </span>
     <span class='ocr_line' id='line_1_8' title="bbox 420 1165 2587 1256; baseline 0 -24"><span class='ocrx_word' id='word_1_51' title='bbox 420 1169 610 1234; x_wconf 85' lang='lat' dir='ltr'>matis</span> <span class='ocrx_word' id='word_1_52' title='bbox 642 1165 826 1256; x_wconf 88' lang='lat' dir='ltr'>quod</span> <span class='ocrx_word' id='word_1_53' title='bbox 849 1165 1222 1254; x_wconf 86' lang='lat' dir='ltr'>Apollinem</span> <span class='ocrx_word' id='word_1_54' title='bbox 1257 1180 1324 1229; x_wconf 87' lang='lat' dir='ltr'>et</span> <span class='ocrx_word' id='word_1_55' title='bbox 1357 1165 1581 1229; x_wconf 84' lang='lat' dir='ltr'>Musas</span> <span class='ocrx_word' id='word_1_56' title='bbox 1612 1165 1899 1248; x_wconf 80' lang='lat' dir='ltr'>invocat,</span> <span class='ocrx_word' id='word_1_57' title='bbox 1936 1167 2271 1255; x_wconf 80' lang='lat' dir='ltr'>variasque</span> <span class='ocrx_word' id='word_1_58' title='bbox 2300 1165 2587 1232; x_wconf 78' lang='lat' dir='ltr'>subinde</span> 
     </span>
     <span class='ocr_line' id='line_1_9' title="bbox 421 1268 2583 1360; baseline -0.001 -22"><span class='ocrx_word' id='word_1_59' title='bbox 421 1273 674 1338; x_wconf 81' lang='lat' dir='ltr'>fabulas</span> <span class='ocrx_word' id='word_1_60' title='bbox 703 1285 938 1336; x_wconf 81' lang='lat' dir='ltr'>tractat</span> <span class='ocrx_word' id='word_1_61' title='bbox 955 1318 976 1351; x_wconf 89' lang='lat'>,</span> <span class='ocrx_word' id='word_1_62' title='bbox 1005 1269 1076 1334; x_wconf 88' lang='lat' dir='ltr'>id</span> <span class='ocrx_word' id='word_1_63' title='bbox 1095 1271 1289 1358; x_wconf 85' lang='lat' dir='ltr'>plane</span> <span class='ocrx_word' id='word_1_64' title='bbox 1311 1268 1621 1334; x_wconf 83' lang='lat' dir='ltr'>abhorret</span> <span class='ocrx_word' id='word_1_65' title='bbox 1646 1293 1684 1334; x_wconf 84' lang='lat' dir='ltr'>a</span> <span class='ocrx_word' id='word_1_66' title='bbox 1706 1291 1903 1335; x_wconf 88' lang='lat' dir='ltr'>sensu</span> <span class='ocrx_word' id='word_1_67' title='bbox 1934 1284 2001 1334; x_wconf 88' lang='lat' dir='ltr'>et</span> <span class='ocrx_word' id='word_1_68' title='bbox 2026 1291 2209 1335; x_wconf 87' lang='lat' dir='ltr'>more</span> <span class='ocrx_word' id='word_1_69' title='bbox 2234 1287 2583 1360; x_wconf 86' lang='lat' dir='ltr'>poetarum</span> 
     </span>
     <span class='ocr_line' id='line_1_10' title="bbox 422 1373 2585 1466; baseline -0.001 -23"><span class='ocrx_word' id='word_1_70' title='bbox 422 1379 949 1444; x_wconf 86' lang='lat' dir='ltr'>Christianorum</span> <span class='ocrx_word' id='word_1_71' title='bbox 973 1423 992 1458; x_wconf 84' lang='lat'>,</span> <span class='ocrx_word' id='word_1_72' title='bbox 1057 1376 1174 1464; x_wconf 90' lang='lat' dir='ltr'>qui</span> <span class='ocrx_word' id='word_1_73' title='bbox 1225 1373 1309 1439; x_wconf 83' lang='lat' dir='ltr'>ad</span> <span class='ocrx_word' id='word_1_74' title='bbox 1369 1395 1581 1438; x_wconf 87' lang='lat' dir='ltr'>unum</span> <span class='ocrx_word' id='word_1_75' title='bbox 1630 1397 1857 1440; x_wconf 86' lang='lat' dir='ltr'>omnes</span> <span class='ocrx_word' id='word_1_76' title='bbox 1904 1375 2244 1466; x_wconf 85' lang='lat' dir='ltr'>gentilium</span> <span class='ocrx_word' id='word_1_77' title='bbox 2292 1379 2469 1440; x_wconf 88' lang='lat' dir='ltr'>Deos</span> <span class='ocrx_word' id='word_1_78' title='bbox 2514 1376 2585 1440; x_wconf 85' lang='lat' dir='ltr'>in</span> 
     </span>
     <span class='ocr_line' id='line_1_11' title="bbox 425 1481 2587 1568; baseline -0.001 -19"><span class='ocrx_word' id='word_1_79' title='bbox 425 1486 718 1549; x_wconf 81' lang='lat' dir='ltr'>carmine</span> <span class='ocrx_word' id='word_1_80' title='bbox 751 1482 1094 1546; x_wconf 87' lang='lat' dir='ltr'>nominare</span> <span class='ocrx_word' id='word_1_81' title='bbox 1121 1481 1304 1545; x_wconf 82' lang='lat' dir='ltr'>nefas</span> <span class='ocrx_word' id='word_1_82' title='bbox 1337 1481 1694 1568; x_wconf 86' lang='lat' dir='ltr'>putabant,</span> <span class='ocrx_word' id='word_1_83' title='bbox 1718 1503 1933 1568; x_wconf 86' lang='lat' dir='ltr'>neque</span> <span class='ocrx_word' id='word_1_84' title='bbox 1962 1482 2147 1548; x_wconf 81' lang='lat' dir='ltr'>aliter</span> <span class='ocrx_word' id='word_1_85' title='bbox 2176 1481 2587 1563; x_wconf 78' lang='lat' dir='ltr'>sentiebant,</span> 
     </span>
     <span class='ocr_line' id='line_1_12' title="bbox 427 1585 1875 1678; baseline -0.001 -24"><span class='ocrx_word' id='word_1_86' title='bbox 427 1613 628 1678; x_wconf 82' lang='lat' dir='ltr'>quam</span> <span class='ocrx_word' id='word_1_87' title='bbox 657 1589 972 1654; x_wconf 74' lang='lat' dir='ltr'>Paulinus</span> <span class='ocrx_word' id='word_1_88' title='bbox 991 1635 1008 1670; x_wconf 88' lang='lat'><strong>,</strong></span> <span class='ocrx_word' id='word_1_89' title='bbox 1037 1609 1239 1651; x_wconf 88' lang='lat' dir='ltr'>carm.</span> <span class='ocrx_word' id='word_1_90' title='bbox 1263 1587 1328 1650; x_wconf 81' lang='lat' dir='ltr'>X</span> <span class='ocrx_word' id='word_1_91' title='bbox 1351 1585 1436 1650; x_wconf 85' lang='lat' dir='ltr'>ad</span> <span class='ocrx_word' id='word_1_92' title='bbox 1471 1587 1875 1652; x_wconf 84' lang='lat' dir='ltr'>Ausonium:</span> 
     </span>
     <span class='ocr_line' id='line_1_13' title="bbox 786 1725 1962 1798; baseline -0.001 -18"><span class='ocrx_word' id='word_1_93' title='bbox 786 1727 934 1795; x_wconf 86' lang='lat' dir='ltr'>Quid</span> <span class='ocrx_word' id='word_1_94' title='bbox 960 1725 1229 1780; x_wconf 80' lang='lat' dir='ltr'>abdicatas</span> <span class='ocrx_word' id='word_1_95' title='bbox 1257 1727 1312 1777; x_wconf 89' lang='lat' dir='ltr'>in</span> <span class='ocrx_word' id='word_1_96' title='bbox 1341 1743 1517 1778; x_wconf 80' lang='lat' dir='ltr'>meam</span> <span class='ocrx_word' id='word_1_97' title='bbox 1546 1741 1730 1778; x_wconf 81' lang='lat' dir='ltr'>curam</span> <span class='ocrx_word' id='word_1_98' title='bbox 1750 1763 1766 1789; x_wconf 83' lang='lat'><strong>,</strong></span> <span class='ocrx_word' id='word_1_99' title='bbox 1788 1737 1962 1798; x_wconf 80' lang='lat' dir='ltr'>pater,</span> 
     </span>
     <span class='ocr_line' id='line_1_14' title="bbox 891 1811 1619 1886; baseline -0.005 -18"><span class='ocrx_word' id='word_1_100' title='bbox 891 1814 1079 1869; x_wconf 87' lang='lat' dir='ltr'>Redire</span> <span class='ocrx_word' id='word_1_101' title='bbox 1109 1815 1296 1866; x_wconf 76' lang='lat' dir='ltr'>Musas</span> <span class='ocrx_word' id='word_1_102' title='bbox 1323 1812 1571 1886; x_wconf 62' lang='lat' dir='ltr'>precipis</span> <span class='ocrx_word' id='word_1_103' title='bbox 1584 1811 1619 1880; x_wconf 63' lang='grc' dir='ltr'>ἓ,</span> 
     </span>
     <span class='ocr_line' id='line_1_15' title="bbox 785 1899 1897 1976; baseline -0.005 -18"><span class='ocrx_word' id='word_1_104' title='bbox 785 1906 994 1976; x_wconf 77' lang='lat' dir='ltr'>Negant</span> <span class='ocrx_word' id='word_1_105' title='bbox 1017 1903 1271 1956; x_wconf 73' lang='lat' dir='ltr'>Camenis</span> <span class='ocrx_word' id='word_1_106' title='bbox 1289 1937 1306 1964; x_wconf 88' lang='lat'><strong>,</strong></span> <span class='ocrx_word' id='word_1_107' title='bbox 1341 1919 1444 1954; x_wconf 87' lang='lat' dir='ltr'>nec</span> <span class='ocrx_word' id='word_1_108' title='bbox 1465 1911 1649 1972; x_wconf 80' lang='lat' dir='ltr'>patent</span> <span class='ocrx_word' id='word_1_109' title='bbox 1665 1899 1897 1971; x_wconf 80' lang='lat' dir='ltr'>Apollini</span> 
     </span>
     <span class='ocr_line' id='line_1_16' title="bbox 899 1988 1735 2060; baseline -0.01 -16"><span class='ocrx_word' id='word_1_110' title='bbox 899 1991 1085 2044; x_wconf 68' lang='lat' dir='ltr'>Dic-ta</span> <span class='ocrx_word' id='word_1_111' title='bbox 1107 1988 1324 2044; x_wconf 81' lang='lat' dir='ltr'>Christo</span> <span class='ocrx_word' id='word_1_112' title='bbox 1347 1999 1561 2060; x_wconf 80' lang='lat' dir='ltr'>pectora</span> <span class='ocrx_word' id='word_1_113' title='bbox 1580 2023 1599 2050; x_wconf 86' lang='lat'>,</span> <span class='ocrx_word' id='word_1_114' title='bbox 1635 1998 1735 2040; x_wconf 90' lang='lat' dir='ltr'>etc.</span> 
     </span>
    </p>
   </div>
   <div class='ocr_carea' id='block_1_3' title="bbox 436 2121 2659 3787">
    <p class='ocr_par' dir='ltr' id='par_1_3' title="bbox 436 2121 2659 3787">
     <span class='ocr_line' id='line_1_17' title="bbox 525 2121 2593 2215; baseline -0.001 -22"><span class='ocrx_word' id='word_1_115' title='bbox 525 2126 988 2215; x_wconf 70' lang='lat' dir='ltr'>vulgatissima</span> <span class='ocrx_word' id='word_1_116' title='bbox 1039 2125 1174 2188; x_wconf 84' lang='lat' dir='ltr'>fere</span> <span class='ocrx_word' id='word_1_117' title='bbox 1241 2121 1565 2186; x_wconf 85' lang='lat' dir='ltr'>sententia</span> <span class='ocrx_word' id='word_1_118' title='bbox 1610 2135 1708 2184; x_wconf 87' lang='lat' dir='ltr'>est</span> <span class='ocrx_word' id='word_1_119' title='bbox 1735 2169 1754 2202; x_wconf 89' lang='lat'>‚</span> <span class='ocrx_word' id='word_1_120' title='bbox 1802 2137 2134 2186; x_wconf 86' lang='lat' dir='ltr'>auctorem</span> <span class='ocrx_word' id='word_1_121' title='bbox 2183 2121 2397 2188; x_wconf 80' lang='lat' dir='ltr'>AEtnae</span> <span class='ocrx_word' id='word_1_122' title='bbox 2448 2147 2593 2190; x_wconf 88' lang='lat' dir='ltr'>esse</span> 
     </span>
     <span class='ocr_line' id='line_1_18' title="bbox 440 2227 2595 2318; baseline -0.002 -19"><span class='ocrx_word' id='word_1_123' title='bbox 440 2234 824 2300; x_wconf 85' lang='lat' dir='ltr'>Cornelium</span> <span class='ocrx_word' id='word_1_124' title='bbox 872 2231 1187 2294; x_wconf 80' lang='lat' dir='ltr'>Severum</span> <span class='ocrx_word' id='word_1_125' title='bbox 1212 2276 1229 2303; x_wconf 84' lang='lat'><strong>‚</strong></span> <span class='ocrx_word' id='word_1_126' title='bbox 1267 2227 1484 2291; x_wconf 87' lang='lat' dir='ltr'>saeculi</span> <span class='ocrx_word' id='word_1_127' title='bbox 1526 2227 1843 2314; x_wconf 86' lang='lat' dir='ltr'>Augustei</span> <span class='ocrx_word' id='word_1_128' title='bbox 1876 2243 2135 2315; x_wconf 76' lang='lat' dir='ltr'>poetam</span> <span class='ocrx_word' id='word_1_129' title='bbox 2158 2277 2176 2310; x_wconf 87' lang='lat'>,</span> <span class='ocrx_word' id='word_1_130' title='bbox 2214 2253 2358 2318; x_wconf 83' lang='lat' dir='ltr'>quae</span> <span class='ocrx_word' id='word_1_131' title='bbox 2384 2253 2595 2318; x_wconf 87' lang='lat' dir='ltr'>quum</span> 
     </span>
     <span class='ocr_line' id='line_1_19' title="bbox 436 2329 2598 2426; baseline -0.002 -21"><span class='ocrx_word' id='word_1_132' title='bbox 436 2343 571 2423; x_wconf 87' lang='lat' dir='ltr'>jam</span> <span class='ocrx_word' id='word_1_133' title='bbox 601 2339 670 2402; x_wconf 86' lang='lat' dir='ltr'>in</span> <span class='ocrx_word' id='word_1_134' title='bbox 707 2335 994 2422; x_wconf 85' lang='lat' dir='ltr'>antiquis</span> <span class='ocrx_word' id='word_1_135' title='bbox 1027 2331 1424 2420; x_wconf 85' lang='lat' dir='ltr'>quibusdam</span> <span class='ocrx_word' id='word_1_136' title='bbox 1461 2329 1858 2394; x_wconf 82' lang='lat' dir='ltr'>editionibus</span> <span class='ocrx_word' id='word_1_137' title='bbox 1876 2331 2161 2422; x_wconf 83' lang='lat' dir='ltr'>Virgilii,</span> <span class='ocrx_word' id='word_1_138' title='bbox 2192 2349 2267 2398; x_wconf 89' lang='lat' dir='ltr'>ut</span> <span class='ocrx_word' id='word_1_139' title='bbox 2306 2335 2377 2398; x_wconf 89' lang='lat' dir='ltr'>in</span> <span class='ocrx_word' id='word_1_140' title='bbox 2412 2339 2598 2426; x_wconf 90' lang='lat' dir='ltr'>Lug-</span> 
     </span>
     <span class='ocr_line' id='line_1_20' title="bbox 444 2436 2599 2529; baseline -0.001 -19"><span class='ocrx_word' id='word_1_141' title='bbox 444 2447 609 2510; x_wconf 90' lang='lat' dir='ltr'>dun.</span> <span class='ocrx_word' id='word_1_142' title='bbox 640 2442 835 2529; x_wconf 85' lang='lat'>1517,</span> <span class='ocrx_word' id='word_1_143' title='bbox 867 2439 1093 2503; x_wconf 88' lang='lat' dir='ltr'>in-fol.</span> <span class='ocrx_word' id='word_1_144' title='bbox 1125 2436 1385 2526; x_wconf 83' lang='lat' dir='ltr'>prodita</span> <span class='ocrx_word' id='word_1_145' title='bbox 1417 2450 1587 2500; x_wconf 88' lang='lat' dir='ltr'>esset</span> <span class='ocrx_word' id='word_1_146' title='bbox 1606 2485 1621 2512; x_wconf 93' lang='lat'>,</span> <span class='ocrx_word' id='word_1_147' title='bbox 1659 2459 1802 2522; x_wconf 83' lang='lat' dir='ltr'>quae</span> <span class='ocrx_word' id='word_1_148' title='bbox 1828 2437 2090 2502; x_wconf 86' lang='lat' dir='ltr'>AEtnam</span> <span class='ocrx_word' id='word_1_149' title='bbox 2129 2462 2168 2502; x_wconf 92' lang='lat' dir='ltr'>a</span> <span class='ocrx_word' id='word_1_150' title='bbox 2198 2440 2599 2528; x_wconf 83' lang='lat' dir='ltr'>quibusdam</span> 
     </span>
     <span class='ocr_line' id='line_1_21' title="bbox 444 2541 2599 2630; baseline -0.002 -14"><span class='ocrx_word' id='word_1_151' title='bbox 444 2548 759 2617; x_wconf 89' lang='lat' dir='ltr'>Cornelio</span> <span class='ocrx_word' id='word_1_152' title='bbox 805 2546 1048 2610; x_wconf 84' lang='lat' dir='ltr'>Severo</span> <span class='ocrx_word' id='word_1_153' title='bbox 1095 2542 1334 2623; x_wconf 87' lang='lat' dir='ltr'>tribui,</span> <span class='ocrx_word' id='word_1_154' title='bbox 1367 2543 1438 2604; x_wconf 92' lang='lat' dir='ltr'>in</span> <span class='ocrx_word' id='word_1_155' title='bbox 1469 2541 1893 2629; x_wconf 88' lang='lat' dir='ltr'>inscriptione</span> <span class='ocrx_word' id='word_1_156' title='bbox 1934 2541 2359 2630; x_wconf 85' lang='lat' dir='ltr'>profitentur,</span> <span class='ocrx_word' id='word_1_157' title='bbox 2406 2545 2599 2611; x_wconf 90' lang='lat' dir='ltr'>dein-</span> 
     </span>
     <span class='ocr_line' id='line_1_22' title="bbox 447 2649 2605 2746; baseline -0.002 -23"><span class='ocrx_word' id='word_1_158' title='bbox 447 2679 604 2746; x_wconf 89' lang='lat' dir='ltr'>ceps</span> <span class='ocrx_word' id='word_1_159' title='bbox 642 2654 898 2718; x_wconf 85' lang='lat' dir='ltr'>adserta</span> <span class='ocrx_word' id='word_1_160' title='bbox 933 2667 999 2715; x_wconf 90' lang='lat' dir='ltr'>et</span> <span class='ocrx_word' id='word_1_161' title='bbox 1036 2665 1264 2714; x_wconf 82' lang='lat' dir='ltr'>ornata</span> <span class='ocrx_word' id='word_1_162' title='bbox 1314 2672 1348 2712; x_wconf 84' lang='lat' dir='ltr'>a</span> <span class='ocrx_word' id='word_1_163' title='bbox 1394 2651 1545 2719; x_wconf 59' lang='lat' dir='ltr'>Jos„</span> <span class='ocrx_word' id='word_1_164' title='bbox 1567 2649 1885 2738; x_wconf 86' lang='lat' dir='ltr'>Scaligero</span> <span class='ocrx_word' id='word_1_165' title='bbox 1922 2649 2327 2716; x_wconf 85' lang='lat' dir='ltr'>eruditorum</span> <span class='ocrx_word' id='word_1_166' title='bbox 2370 2653 2605 2720; x_wconf 83' lang='lat' dir='ltr'>adsen-</span> 
     </span>
     <span class='ocr_line' id='line_1_23' title="bbox 447 2752 2601 2846; baseline -0.002 -18"><span class='ocrx_word' id='word_1_167' title='bbox 447 2760 714 2828; x_wconf 87' lang='lat' dir='ltr'>sumita</span> <span class='ocrx_word' id='word_1_168' title='bbox 737 2756 979 2822; x_wconf 89' lang='lat' dir='ltr'>meruit</span> <span class='ocrx_word' id='word_1_169' title='bbox 996 2803 1014 2836; x_wconf 88' lang='lat'>,</span> <span class='ocrx_word' id='word_1_170' title='bbox 1043 2770 1121 2817; x_wconf 90' lang='lat' dir='ltr'>ut</span> <span class='ocrx_word' id='word_1_171' title='bbox 1157 2752 1544 2841; x_wconf 87' lang='lat' dir='ltr'>plerumque</span> <span class='ocrx_word' id='word_1_172' title='bbox 1570 2753 1702 2817; x_wconf 92' lang='lat' dir='ltr'>hoc</span> <span class='ocrx_word' id='word_1_173' title='bbox 1732 2776 1993 2818; x_wconf 85' lang='lat' dir='ltr'>carmen</span> <span class='ocrx_word' id='word_1_174' title='bbox 2024 2774 2158 2819; x_wconf 87' lang='lat' dir='ltr'>non</span> <span class='ocrx_word' id='word_1_175' title='bbox 2193 2757 2320 2821; x_wconf 83' lang='lat' dir='ltr'>alio</span> <span class='ocrx_word' id='word_1_176' title='bbox 2348 2806 2369 2839; x_wconf 89' lang='lat'>,</span> <span class='ocrx_word' id='word_1_177' title='bbox 2396 2782 2601 2846; x_wconf 87' lang='lat' dir='ltr'>quam</span> 
     </span>
     <span class='ocr_line' id='line_1_24' title="bbox 443 2855 2604 2937; baseline -0.001 -5"><span class='ocrx_word' id='word_1_178' title='bbox 443 2865 668 2933; x_wconf 84' lang='lat' dir='ltr'>Severi</span> <span class='ocrx_word' id='word_1_179' title='bbox 716 2861 988 2927; x_wconf 89' lang='lat' dir='ltr'>nomine</span> <span class='ocrx_word' id='word_1_180' title='bbox 1039 2859 1364 2923; x_wconf 84' lang='lat' dir='ltr'>citaretur.</span> <span class='ocrx_word' id='word_1_181' title='bbox 1413 2855 1687 2922; x_wconf 87' lang='lat' dir='ltr'>Fundus</span> <span class='ocrx_word' id='word_1_182' title='bbox 1738 2859 1874 2937; x_wconf 85' lang='lat' dir='ltr'>ejus</span> <span class='ocrx_word' id='word_1_183' title='bbox 1910 2861 2243 2925; x_wconf 73' lang='lat' dir='ltr'>sententiae</span> <span class='ocrx_word' id='word_1_184' title='bbox 2280 2878 2377 2928; x_wconf 88' lang='lat' dir='ltr'>est</span> <span class='ocrx_word' id='word_1_185' title='bbox 2413 2865 2604 2930; x_wconf 87' lang='lat' dir='ltr'>locus</span> 
     </span>
     <span class='ocr_line' id='line_1_25' title="bbox 448 2961 2607 3052; baseline -0.001 -16"><span class='ocrx_word' id='word_1_186' title='bbox 448 2973 714 3037; x_wconf 82' lang='lat' dir='ltr'>Senecae</span> <span class='ocrx_word' id='word_1_187' title='bbox 751 2967 820 3029; x_wconf 88' lang='lat' dir='ltr'>in</span> <span class='ocrx_word' id='word_1_188' title='bbox 861 2962 1070 3052; x_wconf 85' lang='lat' dir='ltr'>Epist.</span> <span class='ocrx_word' id='word_1_189' title='bbox 1105 2961 1416 3042; x_wconf 86' lang='lat' dir='ltr'><strong>LXXIX,</strong></span> <span class='ocrx_word' id='word_1_190' title='bbox 1451 2983 1648 3048; x_wconf 85' lang='lat' dir='ltr'>quem</span> <span class='ocrx_word' id='word_1_191' title='bbox 1682 2963 1855 3026; x_wconf 88' lang='lat' dir='ltr'>inter</span> <span class='ocrx_word' id='word_1_192' title='bbox 1882 2963 2249 3028; x_wconf 81' lang='lat' dir='ltr'>testimonia</span> <span class='ocrx_word' id='word_1_193' title='bbox 2300 2965 2385 3030; x_wconf 89' lang='lat' dir='ltr'>de</span> <span class='ocrx_word' id='word_1_194' title='bbox 2436 2969 2607 3033; x_wconf 90' lang='lat' dir='ltr'>Cor·</span> 
     </span>
     <span class='ocr_line' id='line_1_26' title="bbox 451 3059 2659 3157; baseline -0.002 -13"><span class='ocrx_word' id='word_1_195' title='bbox 451 3077 628 3144; x_wconf 89' lang='lat' dir='ltr'>nelio</span> <span class='ocrx_word' id='word_1_196' title='bbox 675 3076 914 3140; x_wconf 83' lang='lat' dir='ltr'>Severo</span> <span class='ocrx_word' id='word_1_197' title='bbox 963 3068 1354 3135; x_wconf 79' lang='lat' dir='ltr'>adduximus</span> <span class='ocrx_word' id='word_1_198' title='bbox 1377 3119 1393 3146; x_wconf 89' lang='lat'><em>‚</em></span> <span class='ocrx_word' id='word_1_199' title='bbox 1453 3068 1569 3132; x_wconf 87' lang='lat' dir='ltr'>ubi</span> <span class='ocrx_word' id='word_1_200' title='bbox 1620 3070 1893 3134; x_wconf 85' lang='lat' dir='ltr'>Severus</span> <span class='ocrx_word' id='word_1_201' title='bbox 1924 3069 2191 3157; x_wconf 83' lang='lat' dir='ltr'>Virgilio</span> <span class='ocrx_word' id='word_1_202' title='bbox 2250 3088 2316 3135; x_wconf 88' lang='lat' dir='ltr'>et</span> <span class='ocrx_word' id='word_1_203' title='bbox 2360 3073 2607 3140; x_wconf 82' lang='lat' dir='ltr'>Ovidio</span> <span class='ocrx_word' id='word_1_204' title='bbox 2640 3059 2659 3088; x_wconf 77' lang='lat'><em>⁰</em></span> 
     </span>
     <span class='ocr_line' id='line_1_27' title="bbox 451 3159 2613 3270; baseline -0.002 -21"><span class='ocrx_word' id='word_1_205' title='bbox 451 3181 839 3270; x_wconf 86' lang='lat' dir='ltr'>adjungitur</span> <span class='ocrx_word' id='word_1_206' title='bbox 863 3227 881 3260; x_wconf 88' lang='lat'>‚</span> <span class='ocrx_word' id='word_1_207' title='bbox 937 3177 1056 3265; x_wconf 88' lang='lat' dir='ltr'>qui</span> <span class='ocrx_word' id='word_1_208' title='bbox 1102 3175 1368 3240; x_wconf 86' lang='lat' dir='ltr'>AEtnam</span> <span class='ocrx_word' id='word_1_209' title='bbox 1417 3177 1485 3239; x_wconf 89' lang='lat' dir='ltr'>in</span> <span class='ocrx_word' id='word_1_210' title='bbox 1540 3176 1823 3239; x_wconf 85' lang='lat' dir='ltr'>carmine</span> <span class='ocrx_word' id='word_1_211' title='bbox 1874 3159 2344 3262; x_wconf 71' lang='lat' dir='ltr'>descripserint.</span> <span class='ocrx_word' id='word_1_212' title='bbox 2380 3181 2613 3254; x_wconf 86' lang='lat' dir='ltr'>Enim-</span> 
     </span>
     <span class='ocr_line' id='line_1_28' title="bbox 449 3279 2609 3368; baseline -0.003 -12"><span class='ocrx_word' id='word_1_213' title='bbox 449 3313 611 3358; x_wconf 82' lang='lat' dir='ltr'>vero</span> <span class='ocrx_word' id='word_1_214' title='bbox 646 3283 1022 3350; x_wconf 87' lang='lat' dir='ltr'>mirandum</span> <span class='ocrx_word' id='word_1_215' title='bbox 1067 3297 1196 3362; x_wconf 86' lang='lat' dir='ltr'>est,</span> <span class='ocrx_word' id='word_1_216' title='bbox 1231 3281 1629 3368; x_wconf 85' lang='lat' dir='ltr'>Scaligerum</span> <span class='ocrx_word' id='word_1_217' title='bbox 1661 3294 1885 3364; x_wconf 88' lang='lat' dir='ltr'>totque</span> <span class='ocrx_word' id='word_1_218' title='bbox 1916 3279 2073 3342; x_wconf 86' lang='lat' dir='ltr'>alios</span> <span class='ocrx_word' id='word_1_219' title='bbox 2104 3279 2428 3366; x_wconf 80' lang='lat' dir='ltr'>eruditos,</span> <span class='ocrx_word' id='word_1_220' title='bbox 2462 3287 2609 3366; x_wconf 86' lang='lat' dir='ltr'>ejus</span> 
     </span>
     <span class='ocr_line' id='line_1_29' title="bbox 450 3381 2611 3484; baseline -0.001 -27"><span class='ocrx_word' id='word_1_221' title='bbox 450 3413 766 3484; x_wconf 84' lang='lat' dir='ltr'>sequaces</span> <span class='ocrx_word' id='word_1_222' title='bbox 787 3439 806 3470; x_wconf 88' lang='lat'>‚</span> <span class='ocrx_word' id='word_1_223' title='bbox 840 3405 974 3452; x_wconf 81' lang='lat' dir='ltr'>tam</span> <span class='ocrx_word' id='word_1_224' title='bbox 1009 3407 1240 3475; x_wconf 85' lang='lat' dir='ltr'>parum</span> <span class='ocrx_word' id='word_1_225' title='bbox 1275 3400 1463 3448; x_wconf 85' lang='lat' dir='ltr'>caute</span> <span class='ocrx_word' id='word_1_226' title='bbox 1494 3397 1560 3446; x_wconf 89' lang='lat' dir='ltr'>et</span> <span class='ocrx_word' id='word_1_227' title='bbox 1590 3381 2019 3468; x_wconf 86' lang='lat' dir='ltr'>intelligenter</span> <span class='ocrx_word' id='word_1_228' title='bbox 2050 3382 2193 3446; x_wconf 90' lang='lat' dir='ltr'>loco</span> <span class='ocrx_word' id='word_1_229' title='bbox 2228 3407 2307 3448; x_wconf 90' lang='lat' dir='ltr'>eo</span> <span class='ocrx_word' id='word_1_230' title='bbox 2343 3388 2611 3455; x_wconf 74' lang='lat' dir='ltr'>Senecae</span> 
     </span>
     <span class='ocr_line' id='line_1_30' title="bbox 451 3485 2611 3587; baseline -0.004 -21"><span class='ocrx_word' id='word_1_231' title='bbox 451 3501 550 3566; x_wconf 87' lang='lat' dir='ltr'>uti</span> <span class='ocrx_word' id='word_1_232' title='bbox 569 3495 863 3587; x_wconf 89' lang='lat' dir='ltr'>potuisse</span> <span class='ocrx_word' id='word_1_233' title='bbox 883 3541 901 3574; x_wconf 88' lang='lat'>‚</span> <span class='ocrx_word' id='word_1_234' title='bbox 938 3507 1015 3555; x_wconf 90' lang='lat' dir='ltr'>ut</span> <span class='ocrx_word' id='word_1_235' title='bbox 1044 3489 1200 3553; x_wconf 89' lang='lat' dir='ltr'>inde</span> <span class='ocrx_word' id='word_1_236' title='bbox 1225 3485 1579 3576; x_wconf 84' lang='lat' dir='ltr'>-singularis</span> <span class='ocrx_word' id='word_1_237' title='bbox 1608 3500 1674 3546; x_wconf 88' lang='lat' dir='ltr'>et</span> <span class='ocrx_word' id='word_1_238' title='bbox 1710 3485 1887 3570; x_wconf 84' lang='lat' dir='ltr'>longi</span> <span class='ocrx_word' id='word_1_239' title='bbox 1908 3488 2217 3571; x_wconf 86' lang='lat' dir='ltr'>poematis</span> <span class='ocrx_word' id='word_1_240' title='bbox 2259 3489 2339 3553; x_wconf 90' lang='lat' dir='ltr'>de</span> <span class='ocrx_word' id='word_1_241' title='bbox 2365 3491 2569 3558; x_wconf 86' lang='lat' dir='ltr'>AEtna</span> <span class='ocrx_word' id='word_1_242' title='bbox 2592 3545 2611 3576; x_wconf 89' lang='lat'>‚</span> 
     </span>
     <span class='ocr_line' id='line_1_31' title="bbox 450 3589 2614 3694; baseline -0.003 -25"><span class='ocrx_word' id='word_1_243' title='bbox 450 3603 636 3694; x_wconf 89' lang='lat' dir='ltr'>quod</span> <span class='ocrx_word' id='word_1_244' title='bbox 666 3598 866 3664; x_wconf 87' lang='lat' dir='ltr'>hodie</span> <span class='ocrx_word' id='word_1_245' title='bbox 893 3610 1137 3675; x_wconf 82' lang='lat' dir='ltr'>exstat,</span> <span class='ocrx_word' id='word_1_246' title='bbox 1169 3608 1508 3656; x_wconf 84' lang='lat' dir='ltr'>auctorem</span> <span class='ocrx_word' id='word_1_247' title='bbox 1531 3591 1729 3652; x_wconf 81' lang='lat' dir='ltr'>Corn.</span> <span class='ocrx_word' id='word_1_248' title='bbox 1754 3589 2060 3651; x_wconf 75' lang='lat' dir='ltr'>Severum</span> <span class='ocrx_word' id='word_1_249' title='bbox 2088 3592 2351 3678; x_wconf 82' lang='lat' dir='ltr'>probari</span> <span class='ocrx_word' id='word_1_250' title='bbox 2386 3599 2614 3663; x_wconf 81' lang='lat' dir='ltr'>existi-</span> 
     </span>
     <span class='ocr_line' id='line_1_32' title="bbox 453 3693 2615 3787; baseline -0.003 -10"><span class='ocrx_word' id='word_1_251' title='bbox 453 3723 734 3777; x_wconf 86' lang='lat' dir='ltr'>marent.</span> <span class='ocrx_word' id='word_1_252' title='bbox 789 3702 1056 3768; x_wconf 87' lang='lat' dir='ltr'>Etenim</span> <span class='ocrx_word' id='word_1_253' title='bbox 1109 3697 1320 3787; x_wconf 80' lang='lat' dir='ltr'>palam</span> <span class='ocrx_word' id='word_1_254' title='bbox 1368 3710 1465 3758; x_wconf 88' lang='lat' dir='ltr'>est</span> <span class='ocrx_word' id='word_1_255' title='bbox 1500 3741 1518 3774; x_wconf 88' lang='lat'>‚</span> <span class='ocrx_word' id='word_1_256' title='bbox 1576 3693 1883 3756; x_wconf 87' lang='lat' dir='ltr'>Senecam</span> <span class='ocrx_word' id='word_1_257' title='bbox 1937 3693 2109 3757; x_wconf 89' lang='lat' dir='ltr'>idem</span> <span class='ocrx_word' id='word_1_258' title='bbox 2166 3695 2248 3759; x_wconf 90' lang='lat' dir='ltr'>de</span> <span class='ocrx_word' id='word_1_259' title='bbox 2300 3700 2615 3770; x_wconf 89' lang='lat' dir='ltr'>Cornelio</span> 
     </span>
    </p>
   </div>
   <div class='ocr_carea' id='block_1_4' title="bbox 449 3855 2699 4196">
    <p class='ocr_par' dir='ltr' id='par_1_4' title="bbox 449 3855 2699 4196">
     <span class='ocr_line' id='line_1_33' title="bbox 525 3855 2615 3948; baseline -0.003 -24"><span class='ocrx_word' id='word_1_260' title='bbox 525 3867 614 3948; x_wconf 67' lang='grc' dir='ltr'>(ι)</span> <span class='ocrx_word' id='word_1_261' title='bbox 631 3875 973 3942; x_wconf 83' lang='lat' dir='ltr'>Quamquam</span> <span class='ocrx_word' id='word_1_262' title='bbox 1002 3863 1249 3918; x_wconf 79' lang='lat' dir='ltr'>Barthius</span> <span class='ocrx_word' id='word_1_263' title='bbox 1273 3859 1420 3913; x_wconf 82' lang='lat' dir='ltr'>nulla</span> <span class='ocrx_word' id='word_1_264' title='bbox 1445 3875 1633 3910; x_wconf 84' lang='lat' dir='ltr'>earu-m</span> <span class='ocrx_word' id='word_1_265' title='bbox 1650 3855 1887 3927; x_wconf 75' lang='lat' dir='ltr'>exetnpla</span> <span class='ocrx_word' id='word_1_266' title='bbox 1906 3855 2161 3926; x_wconf 82' lang='lat' dir='ltr'>adduxit,</span> <span class='ocrx_word' id='word_1_267' title='bbox 2198 3862 2408 3916; x_wconf 78' lang='lat' dir='ltr'>videtur</span> <span class='ocrx_word' id='word_1_268' title='bbox 2430 3878 2615 3926; x_wconf 77' lang='lat' dir='ltr'>tamen</span> 
     </span>
     <span class='ocr_line' id='line_1_34' title="bbox 449 3945 2615 4038; baseline -0.009 -17"><span class='ocrx_word' id='word_1_269' title='bbox 449 3963 694 4038; x_wconf 84' lang='lat' dir='ltr'>inprimis</span> <span class='ocrx_word' id='word_1_270' title='bbox 714 3958 968 4011; x_wconf 85' lang='lat' dir='ltr'>habuisse</span> <span class='ocrx_word' id='word_1_271' title='bbox 997 3955 1054 4005; x_wconf 89' lang='lat' dir='ltr'>in</span> <span class='ocrx_word' id='word_1_272' title='bbox 1092 3950 1272 4003; x_wconf 85' lang='lat' dir='ltr'>animo</span> <span class='ocrx_word' id='word_1_273' title='bbox 1305 3945 1651 4005; x_wconf 85' lang='lat' dir='ltr'>sententiam,</span> <span class='ocrx_word' id='word_1_274' title='bbox 1678 3961 1793 4013; x_wconf 81' lang='lat' dir='ltr'>quae</span> <span class='ocrx_word' id='word_1_275' title='bbox 1812 3961 1963 3996; x_wconf 74' lang='lat' dir='ltr'>versu</span> <span class='ocrx_word' id='word_1_276' title='bbox 1988 3947 2091 3998; x_wconf 79' lang='lat'>628</span> <span class='ocrx_word' id='word_1_277' title='bbox 2120 3947 2343 4019; x_wconf 84' lang='lat' dir='ltr'>legitur:</span> <span class='ocrx_word' id='word_1_278' title='bbox 2384 3977 2407 3999; x_wconf 79' lang='grc' dir='ltr'>ι</span> <span class='ocrx_word' id='word_1_279' title='bbox 2431 3973 2467 4006; x_wconf 93' lang='lat' dir='ltr'>o</span> <span class='ocrx_word' id='word_1_280' title='bbox 2490 3976 2615 4012; x_wconf 78' lang='lat' dir='ltr'>ma-</span> 
     </span>
     <span class='ocr_line' id='line_1_35' title="bbox 453 4031 2699 4110; baseline -0.004 -3"><span class='ocrx_word' id='word_1_281' title='bbox 453 4057 604 4110; x_wconf 80' lang='lat' dir='ltr'>xima</span> <span class='ocrx_word' id='word_1_282' title='bbox 627 4065 812 4104; x_wconf 84' lang='lat' dir='ltr'>rerum</span> <span class='ocrx_word' id='word_1_283' title='bbox 840 4045 908 4096; x_wconf 83' lang='lat' dir='ltr'>Et</span> <span class='ocrx_word' id='word_1_284' title='bbox 929 4041 1120 4095; x_wconf 85' lang='lat' dir='ltr'>merito</span> <span class='ocrx_word' id='word_1_285' title='bbox 1146 4037 1312 4109; x_wconf 80' lang='lat' dir='ltr'>pietas</span> <span class='ocrx_word' id='word_1_286' title='bbox 1333 4033 1613 4087; x_wconf 85' lang='lat' dir='ltr'>hominum</span> <span class='ocrx_word' id='word_1_287' title='bbox 1638 4031 1895 4083; x_wconf 78' lang='lat' dir='ltr'>tutissima</span> <span class='ocrx_word' id='word_1_288' title='bbox 1910 4031 2073 4085; x_wconf 67' lang='lat' dir='ltr'>virtus</span> <span class='ocrx_word' id='word_1_289' title='bbox 2095 4055 2121 4080; x_wconf 69' lang='grc' dir='ltr'>ι</span> <span class='ocrx_word' id='word_1_290' title='bbox 2146 4054 2162 4098; x_wconf 88' lang='lat'>;</span> <span class='ocrx_word' id='word_1_291' title='bbox 2208 4055 2331 4106; x_wconf 64' lang='lat' dir='ltr'>que</span> <span class='ocrx_word' id='word_1_292' title='bbox 2358 4038 2434 4092; x_wconf 85' lang='lat' dir='ltr'>illi</span> <span class='ocrx_word' id='word_1_293' title='bbox 2472 4043 2617 4101; x_wconf 77' lang='lat' dir='ltr'>forte</span> <span class='ocrx_word' id='word_1_294' title='bbox 2691 4049 2699 4058; x_wconf 79' lang='grc'><strong>’</strong></span> 
     </span>
     <span class='ocr_line' id='line_1_36' title="bbox 457 4118 1885 4196; baseline -0.019 1"><span class='ocrx_word' id='word_1_295' title='bbox 457 4141 646 4196; x_wconf 82' lang='lat' dir='ltr'>similis</span> <span class='ocrx_word' id='word_1_296' title='bbox 665 4137 780 4192; x_wconf 77' lang='lat' dir='ltr'>visa</span> <span class='ocrx_word' id='word_1_297' title='bbox 804 4143 882 4185; x_wconf 79' lang='lat' dir='ltr'>est</span> <span class='ocrx_word' id='word_1_298' title='bbox 907 4129 1055 4181; x_wconf 89' lang='lat' dir='ltr'>dicto</span> <span class='ocrx_word' id='word_1_299' title='bbox 1075 4123 1320 4178; x_wconf 78' lang='lat' dir='ltr'>paullino</span> <span class='ocrx_word' id='word_1_300' title='bbox 1335 4162 1352 4188; x_wconf 90' lang='lat'><strong>,</strong></span> <span class='ocrx_word' id='word_1_301' title='bbox 1381 4139 1404 4173; x_wconf 80' lang='grc' dir='ltr'><strong>ι</strong></span> <span class='ocrx_word' id='word_1_302' title='bbox 1443 4118 1678 4172; x_wconf 81' lang='lat' dir='ltr'>Timoth.</span> <span class='ocrx_word' id='word_1_303' title='bbox 1705 4118 1804 4181; x_wconf 89' lang='lat' dir='ltr'>IV,</span> <span class='ocrx_word' id='word_1_304' title='bbox 1834 4120 1885 4170; x_wconf 82' lang='lat'>8.</span> 
     </span>
    </p>
   </div>
  </div>
 </body>
</html>
