<?xml version="1.0" encoding="UTF-8"?>
<!DOCTYPE html PUBLIC "-//W3C//DTD XHTML 1.0 Transitional//EN"
    "http://www.w3.org/TR/xhtml1/DTD/xhtml1-transitional.dtd">
<html xmlns="http://www.w3.org/1999/xhtml" xml:lang="en" lang="en">
 <head>
  <title>
</title>
<meta http-equiv="Content-Type" content="text/html;charset=utf-8" />
  <meta name='ocr-system' content='tesseract 3.04.00' />
  <meta name='ocr-capabilities' content='ocr_page ocr_carea ocr_par ocr_line ocrx_word'/>
</head>
<body>
  <div class='ocr_page' id='page_1' title='image "./poetaelatinimin00unkngoog_0557.png"; bbox 0 0 2975 4684; ppageno 0'>
   <div class='ocr_carea' id='block_1_1' title="bbox 503 379 640 464">
    <p class='ocr_par' dir='ltr' id='par_1_1' title="bbox 503 379 640 464">
     <span class='ocr_line' id='line_1_1' title="bbox 503 379 640 464; baseline -0.015 -12"><span class='ocrx_word' id='word_1_1' title='bbox 503 379 640 464; x_wconf 77' lang='lat'><strong>548</strong></span> 
     </span>
    </p>
   </div>
   <div class='ocr_carea' id='block_1_2' title="bbox 1357 373 1764 443">
    <p class='ocr_par' dir='ltr' id='par_1_2' title="bbox 1357 373 1764 443">
     <span class='ocr_line' id='line_1_2' title="bbox 1357 373 1764 443; baseline -0.01 0"><span class='ocrx_word' id='word_1_2' title='bbox 1357 373 1764 443; x_wconf 85' lang='lat' dir='ltr'>INCERTI</span> 
     </span>
    </p>
   </div>
   <div class='ocr_carea' id='block_1_3' title="bbox 598 493 2637 1030">
    <p class='ocr_par' dir='ltr' id='par_1_3' title="bbox 601 493 2556 595">
     <span class='ocr_line' id='line_1_3' title="bbox 601 493 2556 595; baseline -0.004 -23"><span class='ocrx_word' id='word_1_3' title='bbox 601 508 807 595; x_wconf 85' lang='lat' dir='ltr'><strong>Inque</strong></span> <span class='ocrx_word' id='word_1_4' title='bbox 847 501 1100 568; x_wconf 82' lang='lat' dir='ltr'><strong>bostem</strong></span> <span class='ocrx_word' id='word_1_5' title='bbox 1139 496 1412 583; x_wconf 87' lang='lat' dir='ltr'><strong>cecidit;</strong></span> <span class='ocrx_word' id='word_1_6' title='bbox 1448 521 1605 564; x_wconf 82' lang='lat' dir='ltr'><strong>nam</strong></span> <span class='ocrx_word' id='word_1_7' title='bbox 1654 493 1802 561; x_wconf 82' lang='lat' dir='ltr'><strong>fixit</strong></span> <span class='ocrx_word' id='word_1_8' title='bbox 1835 495 1903 560; x_wconf 90' lang='lat' dir='ltr'><strong>in</strong></span> <span class='ocrx_word' id='word_1_9' title='bbox 1948 494 2223 587; x_wconf 86' lang='lat' dir='ltr'><strong>inguine</strong></span> <span class='ocrx_word' id='word_1_10' title='bbox 2258 498 2556 564; x_wconf 72' lang='lat' dir='ltr'><strong>Leucon.</strong></span> 
     </span>
    </p>

    <p class='ocr_par' dir='ltr' id='par_1_4' title="bbox 601 602 2637 701">
     <span class='ocr_line' id='line_1_4' title="bbox 601 602 2637 701; baseline -0.006 -19"><span class='ocrx_word' id='word_1_11' title='bbox 601 609 913 682; x_wconf 82' lang='lat' dir='ltr'>Concidit</span> <span class='ocrx_word' id='word_1_12' title='bbox 949 605 1176 676; x_wconf 88' lang='lat' dir='ltr'><strong>infelix</strong></span> <span class='ocrx_word' id='word_1_13' title='bbox 1213 621 1586 701; x_wconf 81' lang='lat' dir='ltr'><strong>prostratus</strong></span> <span class='ocrx_word' id='word_1_14' title='bbox 1616 602 1889 672; x_wconf 84' lang='lat' dir='ltr'><strong>vulnere</strong></span> <span class='ocrx_word' id='word_1_15' title='bbox 1922 604 2111 687; x_wconf 78' lang='lat' dir='ltr'><strong>forti,</strong></span> <span class='ocrx_word' id='word_1_16' title='bbox 2558 635 2637 685; x_wconf 52' lang='grc' dir='ltr'><strong>ις..</strong></span> 
     </span>
    </p>

    <p class='ocr_par' dir='ltr' id='par_1_5' title="bbox 598 711 2312 924">
     <span class='ocr_line' id='line_1_5' title="bbox 598 711 2312 814; baseline -0.006 -24"><span class='ocrx_word' id='word_1_17' title='bbox 598 726 676 790; x_wconf 88' lang='lat' dir='ltr'><strong>Et</strong></span> <span class='ocrx_word' id='word_1_18' title='bbox 709 720 925 814; x_wconf 84' lang='lat' dir='ltr'>carpit</span> <span class='ocrx_word' id='word_1_19' title='bbox 961 717 1200 786; x_wconf 86' lang='lat' dir='ltr'><strong>virides</strong></span> <span class='ocrx_word' id='word_1_20' title='bbox 1227 714 1671 784; x_wconf 88' lang='lat' dir='ltr'><strong>moribundus</strong></span> <span class='ocrx_word' id='word_1_21' title='bbox 1708 711 2021 781; x_wconf 82' lang='lat' dir='ltr'>dentibus</span> <span class='ocrx_word' id='word_1_22' title='bbox 2054 713 2312 781; x_wconf 58' lang='lat' dir='ltr'><strong>herbas</strong></span> 
     </span>
     <span class='ocr_line' id='line_1_6' title="bbox 695 821 2123 924; baseline -0.008 -25"><span class='ocrx_word' id='word_1_23' title='bbox 695 831 990 924; x_wconf 82' lang='lat' dir='ltr'><strong>Impiger</strong></span> <span class='ocrx_word' id='word_1_24' title='bbox 1023 826 1281 896; x_wconf 80' lang='lat' dir='ltr'><strong>Atrides</strong></span> <span class='ocrx_word' id='word_1_25' title='bbox 1325 851 1480 893; x_wconf 84' lang='lat' dir='ltr'><strong>casu</strong></span> <span class='ocrx_word' id='word_1_26' title='bbox 1519 837 1890 892; x_wconf 84' lang='lat' dir='ltr'><strong>commotus</strong></span> <span class='ocrx_word' id='word_1_27' title='bbox 1931 821 2123 890; x_wconf 82' lang='lat' dir='ltr'><strong>amici</strong></span> 
     </span>
    </p>

    <p class='ocr_par' dir='ltr' id='par_1_6' title="bbox 601 930 2190 1030">
     <span class='ocr_line' id='line_1_7' title="bbox 601 930 2190 1030; baseline -0.008 -20"><span class='ocrx_word' id='word_1_28' title='bbox 601 946 1059 1010; x_wconf 85' lang='lat' dir='ltr'><strong>Democoonta</strong></span> <span class='ocrx_word' id='word_1_29' title='bbox 1101 937 1306 1030; x_wconf 86' lang='lat' dir='ltr'><strong>petit,</strong></span> <span class='ocrx_word' id='word_1_30' title='bbox 1345 933 1609 1028; x_wconf 87' lang='lat' dir='ltr'><strong>teloque</strong></span> <span class='ocrx_word' id='word_1_31' title='bbox 1644 932 1917 1001; x_wconf 82' lang='lat' dir='ltr'><strong>adversa</strong></span> <span class='ocrx_word' id='word_1_32' title='bbox 1954 930 2190 1000; x_wconf 84' lang='lat' dir='ltr'><strong>trabali</strong></span> 
     </span>
    </p>
   </div>
   <div class='ocr_carea' id='block_1_4' title="bbox 493 1102 1531 4162">
    <p class='ocr_par' dir='ltr' id='par_1_7' title="bbox 493 1102 1531 3456">
     <span class='ocr_line' id='line_1_8' title="bbox 576 1102 1518 1178; baseline -0.01 -17"><span class='ocrx_word' id='word_1_33' title='bbox 576 1111 694 1178; x_wconf 79' lang='grc'>369.</span> <span class='ocrx_word' id='word_1_34' title='bbox 721 1113 878 1174; x_wconf 79' lang='lat' dir='ltr'><strong>Inque</strong></span> <span class='ocrx_word' id='word_1_35' title='bbox 901 1109 1082 1156; x_wconf 71' lang='lat' dir='ltr'><strong>hostem</strong></span> <span class='ocrx_word' id='word_1_36' title='bbox 1106 1105 1304 1162; x_wconf 70' lang='lat' dir='ltr'><strong>cecidit,</strong></span> <span class='ocrx_word' id='word_1_37' title='bbox 1326 1102 1518 1174; x_wconf 81' lang='lat' dir='ltr'><strong>supple</strong></span> 
     </span>
     <span class='ocr_line' id='line_1_9' title="bbox 503 1186 1520 1256; baseline -0.007 -18"><span class='ocrx_word' id='word_1_38' title='bbox 503 1191 685 1248; x_wconf 79' lang='lat' dir='ltr'><strong>olium,</strong></span> <span class='ocrx_word' id='word_1_39' title='bbox 709 1203 898 1256; x_wconf 83' lang='lat' dir='ltr'><strong>nempe</strong></span> <span class='ocrx_word' id='word_1_40' title='bbox 925 1186 1170 1247; x_wconf 81' lang='lat' dir='ltr'><strong>Leucon,</strong></span> <span class='ocrx_word' id='word_1_41' title='bbox 1204 1199 1363 1253; x_wconf 87' lang='lat' dir='ltr'><strong>quem</strong></span> <span class='ocrx_word' id='word_1_42' title='bbox 1391 1199 1520 1232; x_wconf 83' lang='lat' dir='ltr'><strong>mox</strong></span> 
     </span>
     <span class='ocr_line' id='line_1_10' title="bbox 505 1259 1521 1336; baseline -0.009 -17"><span class='ocrx_word' id='word_1_43' title='bbox 505 1265 754 1319; x_wconf 73' lang='lat' dir='ltr'><strong>nominat.</strong></span> <span class='ocrx_word' id='word_1_44' title='bbox 801 1262 980 1314; x_wconf 86' lang='lat' dir='ltr'><strong>Editio</strong></span> <span class='ocrx_word' id='word_1_45' title='bbox 1021 1261 1206 1336; x_wconf 74' lang='lat' dir='ltr'><strong>Tprini</strong></span> <span class='ocrx_word' id='word_1_46' title='bbox 1255 1259 1343 1312; x_wconf 89' lang='lat' dir='ltr'><strong>hic</strong></span> <span class='ocrx_word' id='word_1_47' title='bbox 1395 1259 1521 1329; x_wconf 74' lang='lat' dir='ltr'><strong>legit</strong></span> 
     </span>
     <span class='ocr_line' id='line_1_11' title="bbox 503 1341 1521 1412; baseline -0.006 -18"><span class='ocrx_word' id='word_1_48' title='bbox 503 1349 662 1412; x_wconf 77' lang='lat' dir='ltr'><strong>Inque</strong></span> <span class='ocrx_word' id='word_1_49' title='bbox 685 1347 866 1395; x_wconf 72' lang='lat' dir='ltr'><strong>bostem</strong></span> <span class='ocrx_word' id='word_1_50' title='bbox 888 1343 1052 1400; x_wconf 78' lang='lat' dir='ltr'><strong>cadit,</strong></span> <span class='ocrx_word' id='word_1_51' title='bbox 1085 1343 1208 1392; x_wconf 76' lang='lat' dir='ltr'><strong>ictus</strong></span> <span class='ocrx_word' id='word_1_52' title='bbox 1233 1341 1283 1390; x_wconf 76' lang='lat' dir='ltr'><strong>ae&#39;n</strong></span> <span class='ocrx_word' id='word_1_53' title='bbox 1316 1341 1521 1406; x_wconf 74' lang='lat' dir='ltr'><strong>inguine</strong></span> 
     </span>
     <span class='ocr_line' id='line_1_12' title="bbox 507 1417 1520 1491; baseline -0.007 -17"><span class='ocrx_word' id='word_1_54' title='bbox 507 1430 694 1475; x_wconf 81' lang='lat' dir='ltr'><strong>Leucon</strong></span> <span class='ocrx_word' id='word_1_55' title='bbox 707 1461 725 1484; x_wconf 89' lang='lat'><strong>,</strong></span> <span class='ocrx_word' id='word_1_56' title='bbox 749 1433 800 1473; x_wconf 88' lang='lat' dir='ltr'><strong>ct</strong></span> <span class='ocrx_word' id='word_1_57' title='bbox 820 1421 1042 1491; x_wconf 82' lang='lat' dir='ltr'><strong>scriptus</strong></span> <span class='ocrx_word' id='word_1_58' title='bbox 1058 1420 1118 1471; x_wconf 82' lang='lat' dir='ltr'><strong>A.</strong></span> <span class='ocrx_word' id='word_1_59' title='bbox 1135 1437 1256 1471; x_wconf 88' lang='lat' dir='ltr'><strong>cum</strong></span> <span class='ocrx_word' id='word_1_60' title='bbox 1275 1417 1357 1470; x_wconf 90' lang='lat' dir='ltr'><strong>ed.</strong></span> <span class='ocrx_word' id='word_1_61' title='bbox 1377 1417 1520 1487; x_wconf 87' lang='lat' dir='ltr'><strong>Lips.</strong></span> 
     </span>
     <span class='ocr_line' id='line_1_13' title="bbox 503 1498 1522 1570; baseline -0.007 -17"><span class='ocrx_word' id='word_1_62' title='bbox 503 1509 663 1570; x_wconf 82' lang='lat' dir='ltr'><strong>Inque</strong></span> <span class='ocrx_word' id='word_1_63' title='bbox 678 1506 858 1553; x_wconf 72' lang='lat' dir='ltr'><strong>hostem</strong></span> <span class='ocrx_word' id='word_1_64' title='bbox 880 1502 1084 1559; x_wconf 79' lang='lat' dir='ltr'><strong>cecidit,</strong></span> <span class='ocrx_word' id='word_1_65' title='bbox 1108 1501 1229 1548; x_wconf 76' lang='lat' dir='ltr'><strong>ictus</strong></span> <span class='ocrx_word' id='word_1_66' title='bbox 1247 1500 1297 1548; x_wconf 81' lang='lat' dir='ltr'><strong>in</strong></span> <span class='ocrx_word' id='word_1_67' title='bbox 1320 1498 1522 1565; x_wconf 68' lang='lat' dir='ltr'><strong>inguine</strong></span> 
     </span>
     <span class='ocr_line' id='line_1_14' title="bbox 502 1574 1522 1634; baseline -0.007 0"><span class='ocrx_word' id='word_1_68' title='bbox 502 1588 716 1634; x_wconf 84' lang='lat' dir='ltr'><strong>Leucon.</strong></span> <span class='ocrx_word' id='word_1_69' title='bbox 749 1578 994 1631; x_wconf 70' lang='lat' dir='ltr'><strong>Bar-thius</strong></span> <span class='ocrx_word' id='word_1_70' title='bbox 1023 1579 1059 1630; x_wconf 92' lang='lat' dir='ltr'><strong>l.</strong></span> <span class='ocrx_word' id='word_1_71' title='bbox 1090 1595 1137 1630; x_wconf 89' lang='lat' dir='ltr'><strong>c.</strong></span> <span class='ocrx_word' id='word_1_72' title='bbox 1168 1574 1312 1628; x_wconf 75' lang='lat' dir='ltr'><strong>videt</strong></span> <span class='ocrx_word' id='word_1_73' title='bbox 1339 1574 1522 1629; x_wconf 81' lang='lat' dir='ltr'><strong>deesse</strong></span> 
     </span>
     <span class='ocr_line' id='line_1_15' title="bbox 499 1654 1521 1718; baseline -0.008 -6"><span class='ocrx_word' id='word_1_74' title='bbox 499 1679 682 1714; x_wconf 79' lang='lat' dir='ltr'><strong>vocem</strong></span> <span class='ocrx_word' id='word_1_75' title='bbox 709 1658 762 1710; x_wconf 89' lang='lat' dir='ltr'><strong>in</strong></span> <span class='ocrx_word' id='word_1_76' title='bbox 787 1675 944 1710; x_wconf 76' lang='lat' dir='ltr'><strong>versu</strong></span> <span class='ocrx_word' id='word_1_77' title='bbox 961 1694 977 1718; x_wconf 90' lang='lat'><strong>,</strong></span> <span class='ocrx_word' id='word_1_78' title='bbox 1000 1673 1100 1709; x_wconf 90' lang='lat' dir='ltr'><strong>nec</strong></span> <span class='ocrx_word' id='word_1_79' title='bbox 1131 1667 1306 1708; x_wconf 78' lang='lat' dir='ltr'><strong>tamen</strong></span> <span class='ocrx_word' id='word_1_80' title='bbox 1332 1654 1488 1707; x_wconf 73' lang='lat' dir='ltr'><strong>hebet</strong></span> <span class='ocrx_word' id='word_1_81' title='bbox 1506 1691 1521 1717; x_wconf 93' lang='lat'><strong>,</strong></span> 
     </span>
     <span class='ocr_line' id='line_1_16' title="bbox 501 1733 1521 1812; baseline -0.008 -19"><span class='ocrx_word' id='word_1_82' title='bbox 501 1737 772 1812; x_wconf 86' lang='lat' dir='ltr'><strong>quomodo</strong></span> <span class='ocrx_word' id='word_1_83' title='bbox 795 1736 1034 1788; x_wconf 74' lang='lat' dir='ltr'><strong>restituet</strong></span> <span class='ocrx_word' id='word_1_84' title='bbox 1049 1771 1066 1797; x_wconf 85' lang='lat'><strong>,</strong></span> <span class='ocrx_word' id='word_1_85' title='bbox 1093 1733 1372 1787; x_wconf 77' lang='lat' dir='ltr'><strong>destitutus</strong></span> <span class='ocrx_word' id='word_1_86' title='bbox 1395 1733 1521 1786; x_wconf 84' lang='lat' dir='ltr'><strong>sub·</strong></span> 
     </span>
     <span class='ocr_line' id='line_1_17' title="bbox 503 1811 1522 1871; baseline -0.006 -1"><span class='ocrx_word' id='word_1_87' title='bbox 503 1818 636 1870; x_wconf 85' lang='lat' dir='ltr'><strong>sidio</strong></span> <span class='ocrx_word' id='word_1_88' title='bbox 671 1816 884 1871; x_wconf 73' lang='lat' dir='ltr'><strong>alterius</strong></span> <span class='ocrx_word' id='word_1_89' title='bbox 923 1813 1142 1867; x_wconf 70' lang='lat' dir='ltr'><strong>codicis.</strong></span> <span class='ocrx_word' id='word_1_90' title='bbox 1165 1811 1406 1865; x_wconf 75' lang='lat' dir='ltr'><strong>Tandem</strong></span> <span class='ocrx_word' id='word_1_91' title='bbox 1432 1831 1522 1864; x_wconf 84' lang='lat' dir='ltr'><strong>ex-</strong></span> 
     </span>
     <span class='ocr_line' id='line_1_18' title="bbox 500 1895 1524 1970; baseline -0.008 -22"><span class='ocrx_word' id='word_1_92' title='bbox 500 1897 610 1970; x_wconf 89' lang='lat' dir='ltr'><strong>plet</strong></span> <span class='ocrx_word' id='word_1_93' title='bbox 629 1914 644 1950; x_wconf 91' lang='lat'>:</span> <span class='ocrx_word' id='word_1_94' title='bbox 666 1903 824 1964; x_wconf 73' lang='lat' dir='ltr'><strong>Inque</strong></span> <span class='ocrx_word' id='word_1_95' title='bbox 840 1898 1022 1946; x_wconf 74' lang='lat' dir='ltr'><strong>hostem</strong></span> <span class='ocrx_word' id='word_1_96' title='bbox 1043 1895 1203 1951; x_wconf 73' lang='lat' dir='ltr'><strong>cadit,</strong></span> <span class='ocrx_word' id='word_1_97' title='bbox 1231 1895 1438 1943; x_wconf 76' lang='lat' dir='ltr'><strong>adverso</strong></span> <span class='ocrx_word' id='word_1_98' title='bbox 1455 1895 1524 1941; x_wconf 77' lang='lat' dir='ltr'><strong>ic·</strong></span> 
     </span>
     <span class='ocr_line' id='line_1_19' title="bbox 499 1969 1524 2044; baseline -0.007 -16"><span class='ocrx_word' id='word_1_99' title='bbox 499 1993 576 2028; x_wconf 78' lang='lat' dir='ltr'><strong>tus</strong></span> <span class='ocrx_word' id='word_1_100' title='bbox 597 1976 872 2044; x_wconf 70' lang='lat' dir='ltr'><strong>ininguine</strong></span> <span class='ocrx_word' id='word_1_101' title='bbox 889 1979 1100 2028; x_wconf 79' lang='lat' dir='ltr'><strong>Leucon.</strong></span> <span class='ocrx_word' id='word_1_102' title='bbox 1120 1969 1352 2041; x_wconf 87' lang='lat' dir='ltr'><strong>Dorpius</strong></span> <span class='ocrx_word' id='word_1_103' title='bbox 1371 1987 1524 2033; x_wconf 81' lang='lat' dir='ltr'><strong>vero,</strong></span> 
     </span>
     <span class='ocr_line' id='line_1_20' title="bbox 500 2047 1525 2125; baseline -0.008 -18"><span class='ocrx_word' id='word_1_104' title='bbox 500 2056 725 2106; x_wconf 82' lang='lat' dir='ltr'><strong>Observ.</strong></span> <span class='ocrx_word' id='word_1_105' title='bbox 746 2072 796 2125; x_wconf 89' lang='lat' dir='ltr'><strong>p.</strong></span> <span class='ocrx_word' id='word_1_106' title='bbox 823 2069 944 2122; x_wconf 81' lang='lat'><strong>117,</strong></span> <span class='ocrx_word' id='word_1_107' title='bbox 973 2069 1036 2102; x_wconf 83' lang='lat' dir='ltr'><strong>ex</strong></span> <span class='ocrx_word' id='word_1_108' title='bbox 1067 2047 1303 2118; x_wconf 77' lang='lat' dir='ltr'><strong>margine</strong></span> <span class='ocrx_word' id='word_1_109' title='bbox 1327 2048 1525 2101; x_wconf 83' lang='lat' dir='ltr'><strong>codicis</strong></span> 
     </span>
     <span class='ocr_line' id='line_1_21' title="bbox 501 2127 1528 2204; baseline -0.008 -18"><span class='ocrx_word' id='word_1_110' title='bbox 501 2134 595 2186; x_wconf 80' lang='lat' dir='ltr'><strong>MS</strong></span> <span class='ocrx_word' id='word_1_111' title='bbox 608 2130 778 2204; x_wconf 72' lang='lat' dir='ltr'><strong>Lugd.</strong></span> <span class='ocrx_word' id='word_1_112' title='bbox 797 2127 1163 2184; x_wconf 74' lang='lat' dir='ltr'><strong>Bst.emendnt</strong></span> <span class='ocrx_word' id='word_1_113' title='bbox 1182 2130 1372 2188; x_wconf 67' lang='lat' dir='ltr'><strong>cecidit,</strong></span> <span class='ocrx_word' id='word_1_114' title='bbox 1391 2145 1528 2179; x_wconf 69' lang='grc' dir='ltr'><em>ηαννι-</em></span> 
     </span>
     <span class='ocr_line' id='line_1_22' title="bbox 503 2207 1526 2280; baseline -0.006 -17"><span class='ocrx_word' id='word_1_115' title='bbox 503 2233 600 2280; x_wconf 79' lang='lat' dir='ltr'><strong>que</strong></span> <span class='ocrx_word' id='word_1_116' title='bbox 629 2214 749 2262; x_wconf 79' lang='lat' dir='ltr'><strong>ictus</strong></span> <span class='ocrx_word' id='word_1_117' title='bbox 774 2213 826 2262; x_wconf 74' lang='lat' dir='ltr'><strong>in</strong></span> <span class='ocrx_word' id='word_1_118' title='bbox 861 2212 1090 2278; x_wconf 69' lang='lat' dir='ltr'><strong>inguine,</strong></span> <span class='ocrx_word' id='word_1_119' title='bbox 1121 2207 1206 2260; x_wconf 77' lang='lat' dir='ltr'><strong>vel</strong></span> <span class='ocrx_word' id='word_1_120' title='bbox 1237 2207 1394 2261; x_wconf 73' lang='lat' dir='ltr'><strong>etiam</strong></span> <span class='ocrx_word' id='word_1_121' title='bbox 1428 2223 1526 2278; x_wconf 86' lang='lat' dir='ltr'><strong>pro</strong></span> 
     </span>
     <span class='ocr_line' id='line_1_23' title="bbox 503 2283 1525 2358; baseline -0.005 -17"><span class='ocrx_word' id='word_1_122' title='bbox 503 2310 718 2358; x_wconf 79' lang='lat' dir='ltr'><strong>namque</strong></span> <span class='ocrx_word' id='word_1_123' title='bbox 743 2287 1007 2342; x_wconf 70' lang='lat' dir='ltr'>substituit</span> <span class='ocrx_word' id='word_1_124' title='bbox 1033 2303 1145 2338; x_wconf 70' lang='lat' dir='ltr'><strong>nanc</strong></span> <span class='ocrx_word' id='word_1_125' title='bbox 1183 2305 1244 2340; x_wconf 84' lang='lat' dir='ltr'><strong>ex</strong></span> <span class='ocrx_word' id='word_1_126' title='bbox 1272 2287 1378 2340; x_wconf 74' lang='lat' dir='ltr'><strong>alio</strong></span> <span class='ocrx_word' id='word_1_127' title='bbox 1403 2283 1525 2338; x_wconf 83' lang='lat' dir='ltr'><strong>cod.</strong></span> 
     </span>
     <span class='ocr_line' id='line_1_24' title="bbox 507 2363 1529 2423; baseline -0.006 -2"><span class='ocrx_word' id='word_1_128' title='bbox 507 2370 569 2423; x_wconf 87' lang='lat' dir='ltr'><strong>P.</strong></span> <span class='ocrx_word' id='word_1_129' title='bbox 588 2368 890 2421; x_wconf 72' lang='lat' dir='ltr'><strong>Burmanni.</strong></span> <span class='ocrx_word' id='word_1_130' title='bbox 904 2366 1052 2420; x_wconf 83' lang='lat' dir='ltr'><strong>Idem</strong></span> <span class='ocrx_word' id='word_1_131' title='bbox 1070 2367 1226 2418; x_wconf 83' lang='lat' dir='ltr'><strong>sentit</strong></span> <span class='ocrx_word' id='word_1_132' title='bbox 1241 2363 1529 2418; x_wconf 73' lang='lat' dir='ltr'><strong>Dussenius</strong></span> 
     </span>
     <span class='ocr_line' id='line_1_25' title="bbox 503 2442 1529 2518; baseline -0.004 -20"><span class='ocrx_word' id='word_1_133' title='bbox 503 2449 542 2500; x_wconf 88' lang='lat' dir='ltr'><strong>l.</strong></span> <span class='ocrx_word' id='word_1_134' title='bbox 567 2466 614 2499; x_wconf 88' lang='lat' dir='ltr'><strong>c.</strong></span> <span class='ocrx_word' id='word_1_135' title='bbox 635 2467 688 2518; x_wconf 89' lang='lat' dir='ltr'><strong>p.</strong></span> <span class='ocrx_word' id='word_1_136' title='bbox 717 2447 798 2498; x_wconf 75' lang='lat'><strong>²3.</strong></span> <span class='ocrx_word' id='word_1_137' title='bbox 825 2445 968 2498; x_wconf 81' lang='lat' dir='ltr'><strong>Mihi</strong></span> <span class='ocrx_word' id='word_1_138' title='bbox 1001 2442 1202 2516; x_wconf 85' lang='lat' dir='ltr'><strong>optime</strong></span> <span class='ocrx_word' id='word_1_139' title='bbox 1223 2461 1529 2497; x_wconf 77' lang='lat' dir='ltr'><strong>succurrere</strong></span> 
     </span>
     <span class='ocr_line' id='line_1_26' title="bbox 505 2522 1531 2593; baseline -0.007 -14"><span class='ocrx_word' id='word_1_140' title='bbox 505 2526 718 2579; x_wconf 81' lang='lat' dir='ltr'><strong>videtur</strong></span> <span class='ocrx_word' id='word_1_141' title='bbox 741 2522 859 2577; x_wconf 85' lang='lat' dir='ltr'><strong>cod.</strong></span> <span class='ocrx_word' id='word_1_142' title='bbox 887 2524 957 2576; x_wconf 88' lang='lat' dir='ltr'><strong>G.</strong></span> <span class='ocrx_word' id='word_1_143' title='bbox 988 2543 1014 2575; x_wconf 82' lang='lat'>2</span> <span class='ocrx_word' id='word_1_144' title='bbox 1040 2563 1057 2588; x_wconf 96' lang='lat'><strong>,</strong></span> <span class='ocrx_word' id='word_1_145' title='bbox 1099 2523 1194 2593; x_wconf 84' lang='lat' dir='ltr'><strong>qui</strong></span> <span class='ocrx_word' id='word_1_146' title='bbox 1218 2522 1432 2576; x_wconf 86' lang='lat' dir='ltr'><strong>exhibet</strong></span> <span class='ocrx_word' id='word_1_147' title='bbox 1452 2541 1531 2573; x_wconf 87' lang='lat' dir='ltr'><strong>ce-</strong></span> 
     </span>
     <span class='ocr_line' id='line_1_27' title="bbox 503 2603 1523 2674; baseline -0.005 -17"><span class='ocrx_word' id='word_1_148' title='bbox 503 2608 645 2665; x_wconf 76' lang='lat' dir='ltr'><strong>cidit,</strong></span> <span class='ocrx_word' id='word_1_149' title='bbox 681 2604 935 2674; x_wconf 57' lang='lat' dir='ltr'><strong>transfixit</strong></span> <span class='ocrx_word' id='word_1_150' title='bbox 957 2604 1010 2652; x_wconf 70' lang='lat' dir='ltr'><strong>in</strong></span> <span class='ocrx_word' id='word_1_151' title='bbox 1047 2603 1259 2669; x_wconf 69' lang='lat' dir='ltr'><strong>bnagt‘ne</strong></span> <span class='ocrx_word' id='word_1_152' title='bbox 1277 2605 1523 2654; x_wconf 76' lang='lat' dir='ltr'><strong>Leuchon.</strong></span> 
     </span>
     <span class='ocr_line' id='line_1_28' title="bbox 505 2679 1527 2747; baseline -0.002 -13"><span class='ocrx_word' id='word_1_153' title='bbox 505 2681 664 2736; x_wconf 86' lang='lat' dir='ltr'><strong>Unde</strong></span> <span class='ocrx_word' id='word_1_154' title='bbox 675 2679 903 2734; x_wconf 88' lang='lat' dir='ltr'><strong>emendo</strong></span> <span class='ocrx_word' id='word_1_155' title='bbox 921 2686 1108 2747; x_wconf 80' lang='lat' dir='ltr'><strong>:Inque</strong></span> <span class='ocrx_word' id='word_1_156' title='bbox 1121 2683 1304 2732; x_wconf 75' lang='lat' dir='ltr'><strong>hostem</strong></span> <span class='ocrx_word' id='word_1_157' title='bbox 1323 2684 1500 2733; x_wconf 75' lang='lat' dir='ltr'><strong>cecidit</strong></span> <span class='ocrx_word' id='word_1_158' title='bbox 1506 2702 1527 2741; x_wconf 85' lang='lat'><strong>,-</strong></span> 
     </span>
     <span class='ocr_line' id='line_1_29' title="bbox 507 2759 1527 2833; baseline 0 -20"><span class='ocrx_word' id='word_1_159' title='bbox 507 2782 622 2813; x_wconf 83' lang='lat' dir='ltr'><strong>nam</strong></span> <span class='ocrx_word' id='word_1_160' title='bbox 637 2763 762 2833; x_wconf 63' lang='lat' dir='ltr'><strong>ficit</strong></span> <span class='ocrx_word' id='word_1_161' title='bbox 785 2763 838 2810; x_wconf 78' lang='lat' dir='ltr'><strong>in</strong></span> <span class='ocrx_word' id='word_1_162' title='bbox 868 2761 1073 2826; x_wconf 72' lang='lat' dir='ltr'><strong>inguine</strong></span> <span class='ocrx_word' id='word_1_163' title='bbox 1103 2766 1316 2810; x_wconf 79' lang='lat' dir='ltr'><strong>Leucon.</strong></span> <span class='ocrx_word' id='word_1_164' title='bbox 1357 2759 1527 2814; x_wconf 84' lang='lat' dir='ltr'><strong>Possit</strong></span> 
     </span>
     <span class='ocr_line' id='line_1_30' title="bbox 506 2839 1527 2913; baseline -0.003 -19"><span class='ocrx_word' id='word_1_165' title='bbox 506 2841 719 2913; x_wconf 85' lang='lat' dir='ltr'><strong>quidem</strong></span> <span class='ocrx_word' id='word_1_166' title='bbox 739 2851 792 2892; x_wconf 83' lang='lat' dir='ltr'><strong>et</strong></span> <span class='ocrx_word' id='word_1_167' title='bbox 807 2841 1078 2910; x_wconf 62' lang='lat' dir='ltr'><strong>&amp;unffi-rus</strong></span> <span class='ocrx_word' id='word_1_168' title='bbox 1105 2840 1154 2890; x_wconf 72' lang='lat' dir='ltr'><strong>in</strong></span> <span class='ocrx_word' id='word_1_169' title='bbox 1183 2841 1383 2908; x_wconf 70' lang='lat' dir='ltr'><strong>inguine</strong></span> <span class='ocrx_word' id='word_1_170' title='bbox 1403 2839 1527 2911; x_wconf 78' lang='lat' dir='ltr'><strong>legi,</strong></span> 
     </span>
     <span class='ocr_line' id='line_1_31' title="bbox 506 2917 1527 2990; baseline 0.002 -20"><span class='ocrx_word' id='word_1_171' title='bbox 506 2919 598 2974; x_wconf 81' lang='lat' dir='ltr'><strong>sed</strong></span> <span class='ocrx_word' id='word_1_172' title='bbox 617 2917 760 2971; x_wconf 75' lang='lat' dir='ltr'><strong>aliud</strong></span> <span class='ocrx_word' id='word_1_173' title='bbox 777 2917 1116 2990; x_wconf 78' lang='lat' dir='ltr'><strong>participium</strong></span> <span class='ocrx_word' id='word_1_174' title='bbox 1142 2935 1264 2970; x_wconf 87' lang='lat' dir='ltr'><strong>mox</strong></span> <span class='ocrx_word' id='word_1_175' title='bbox 1290 2919 1527 2990; x_wconf 85' lang='lat' dir='ltr'><strong>sequitur</strong></span> 
     </span>
     <span class='ocr_line' id='line_1_32' title="bbox 493 2998 1528 3069; baseline 0.003 -19"><span class='ocrx_word' id='word_1_176' title='bbox 493 3013 768 3066; x_wconf 77' lang='lat' dir='ltr'><strong>prostratus</strong></span> <span class='ocrx_word' id='word_1_177' title='bbox 796 2998 1164 3065; x_wconf 70' lang='lat' dir='ltr'><strong>volucr-esoni,</strong></span> <span class='ocrx_word' id='word_1_178' title='bbox 1191 3009 1350 3069; x_wconf 78' lang='lat' dir='ltr'><strong>atque</strong></span> <span class='ocrx_word' id='word_1_179' title='bbox 1375 3017 1528 3053; x_wconf 79' lang='lat' dir='ltr'><strong>casus</strong></span> 
     </span>
     <span class='ocr_line' id='line_1_33' title="bbox 505 3079 1527 3148; baseline 0.002 -18"><span class='ocrx_word' id='word_1_180' title='bbox 505 3089 726 3148; x_wconf 73' lang='lat' dir='ltr'><strong>quartus</strong></span> <span class='ocrx_word' id='word_1_181' title='bbox 759 3083 972 3136; x_wconf 84' lang='lat' dir='ltr'><strong>Leucon,</strong></span> <span class='ocrx_word' id='word_1_182' title='bbox 1001 3095 1162 3148; x_wconf 84' lang='lat' dir='ltr'><strong>quem</strong></span> <span class='ocrx_word' id='word_1_183' title='bbox 1191 3095 1371 3131; x_wconf 74' lang='lat' dir='ltr'><strong>omnes</strong></span> <span class='ocrx_word' id='word_1_184' title='bbox 1407 3079 1527 3132; x_wconf 82' lang='lat' dir='ltr'><strong>libri</strong></span> 
     </span>
     <span class='ocr_line' id='line_1_34' title="bbox 503 3155 1531 3229; baseline 0.003 -22"><span class='ocrx_word' id='word_1_185' title='bbox 503 3169 712 3208; x_wconf 72' lang='lat' dir='ltr'><strong>servant</strong></span> <span class='ocrx_word' id='word_1_186' title='bbox 729 3193 746 3218; x_wconf 90' lang='lat'>‚</span> <span class='ocrx_word' id='word_1_187' title='bbox 773 3155 994 3208; x_wconf 80' lang='lat' dir='ltr'><strong>verbum</strong></span> <span class='ocrx_word' id='word_1_188' title='bbox 1003 3159 1133 3226; x_wconf 75' lang='lat' dir='ltr'><strong>fite&#39;t</strong></span> <span class='ocrx_word' id='word_1_189' title='bbox 1158 3157 1241 3210; x_wconf 80' lang='lat' dir='ltr'><strong>vel</strong></span> <span class='ocrx_word' id='word_1_190' title='bbox 1275 3163 1531 3229; x_wconf 67' lang='lat' dir='ltr'><strong>transfixit</strong></span> 
     </span>
     <span class='ocr_line' id='line_1_35' title="bbox 503 3231 1529 3312; baseline 0.004 -26"><span class='ocrx_word' id='word_1_191' title='bbox 503 3235 686 3302; x_wconf 78' lang='lat' dir='ltr'><strong>poscit.</strong></span> <span class='ocrx_word' id='word_1_192' title='bbox 728 3235 862 3286; x_wconf 84' lang='lat' dir='ltr'><strong>Nam</strong></span> <span class='ocrx_word' id='word_1_193' title='bbox 885 3231 952 3286; x_wconf 84' lang='lat' dir='ltr'><strong>de</strong></span> <span class='ocrx_word' id='word_1_194' title='bbox 973 3253 1084 3306; x_wconf 86' lang='lat' dir='ltr'><strong>quo</strong></span> <span class='ocrx_word' id='word_1_195' title='bbox 1109 3236 1200 3288; x_wconf 86' lang='lat' dir='ltr'><strong>hic</strong></span> <span class='ocrx_word' id='word_1_196' title='bbox 1225 3255 1398 3289; x_wconf 71' lang='lat' dir='ltr'><strong>sermo</strong></span> <span class='ocrx_word' id='word_1_197' title='bbox 1425 3249 1529 3312; x_wconf 72' lang='lat' dir='ltr'><strong>est,</strong></span> 
     </span>
     <span class='ocr_line' id='line_1_36' title="bbox 503 3311 1529 3384; baseline 0.008 -22"><span class='ocrx_word' id='word_1_198' title='bbox 503 3313 646 3382; x_wconf 80' lang='lat' dir='ltr'><strong>apud</strong></span> <span class='ocrx_word' id='word_1_199' title='bbox 687 3311 975 3364; x_wconf 86' lang='lat' dir='ltr'><strong>Homerum</strong></span> <span class='ocrx_word' id='word_1_200' title='bbox 1017 3315 1120 3376; x_wconf 87' lang='lat' dir='ltr'><strong>IV,</strong></span> <span class='ocrx_word' id='word_1_201' title='bbox 1159 3322 1256 3384; x_wconf 66' lang='lat'><strong>491</strong></span> <span class='ocrx_word' id='word_1_202' title='bbox 1274 3357 1288 3382; x_wconf 90' lang='lat'><em>‚</em></span> <span class='ocrx_word' id='word_1_203' title='bbox 1323 3317 1529 3371; x_wconf 82' lang='lat' dir='ltr'><strong>Leucos</strong></span> 
     </span>
     <span class='ocr_line' id='line_1_37' title="bbox 504 3391 1084 3456; baseline 0.002 -14"><span class='ocrx_word' id='word_1_204' title='bbox 504 3391 718 3456; x_wconf 84' lang='lat' dir='ltr'><strong>dicitur,</strong></span> <span class='ocrx_word' id='word_1_205' title='bbox 739 3409 848 3442; x_wconf 89' lang='lat' dir='ltr'><strong>non</strong></span> <span class='ocrx_word' id='word_1_206' title='bbox 873 3398 1084 3443; x_wconf 83' lang='lat' dir='ltr'><strong>Leucon.</strong></span> 
     </span>
    </p>

    <p class='ocr_par' dir='ltr' id='par_1_8' title="bbox 501 3468 1528 3616">
     <span class='ocr_line' id='line_1_38' title="bbox 573 3468 1528 3539; baseline -0.001 -16"><span class='ocrx_word' id='word_1_207' title='bbox 573 3471 694 3539; x_wconf 83' lang='lat'><strong>370.</strong></span> <span class='ocrx_word' id='word_1_208' title='bbox 713 3468 818 3520; x_wconf 87' lang='lat' dir='ltr'><strong>Pro</strong></span> <span class='ocrx_word' id='word_1_209' title='bbox 845 3473 1065 3521; x_wconf 77' lang='lat' dir='ltr'><strong>Concidit</strong></span> <span class='ocrx_word' id='word_1_210' title='bbox 1085 3469 1305 3524; x_wconf 80' lang='lat' dir='ltr'><strong>Helmst.</strong></span> <span class='ocrx_word' id='word_1_211' title='bbox 1333 3478 1528 3526; x_wconf 71' lang='lat' dir='ltr'><strong>Decidit</strong></span> 
     </span>
     <span class='ocr_line' id='line_1_39' title="bbox 501 3549 700 3616; baseline 0.01 -18"><span class='ocrx_word' id='word_1_212' title='bbox 501 3549 700 3616; x_wconf 69' lang='lat' dir='ltr'><strong>infelix.</strong></span> 
     </span>
    </p>

    <p class='ocr_par' dir='ltr' id='par_1_9' title="bbox 498 3621 1526 4162">
     <span class='ocr_line' id='line_1_40' title="bbox 575 3621 1525 3689; baseline 0.009 -22"><span class='ocrx_word' id='word_1_213' title='bbox 575 3621 640 3689; x_wconf 83' lang='lat'><strong>37</strong></span> <span class='ocrx_word' id='word_1_214' title='bbox 653 3638 694 3672; x_wconf 88' lang='lat'><strong>1.</strong></span> <span class='ocrx_word' id='word_1_215' title='bbox 723 3625 786 3669; x_wconf 81' lang='lat' dir='ltr'><strong>Ec</strong></span> <span class='ocrx_word' id='word_1_216' title='bbox 813 3621 968 3686; x_wconf 76' lang='lat' dir='ltr'><strong>carpit</strong></span> <span class='ocrx_word' id='word_1_217' title='bbox 983 3621 1170 3671; x_wconf 77' lang='lat' dir='ltr'><strong>virides</strong></span> <span class='ocrx_word' id='word_1_218' title='bbox 1193 3625 1525 3676; x_wconf 72' lang='lat' dir='ltr'><strong>moribundus.</strong></span> 
     </span>
     <span class='ocr_line' id='line_1_41' title="bbox 505 3697 1526 3771; baseline 0.006 -21"><span class='ocrx_word' id='word_1_219' title='bbox 505 3698 598 3750; x_wconf 82' lang='lat' dir='ltr'><strong>Hic</strong></span> <span class='ocrx_word' id='word_1_220' title='bbox 637 3697 902 3750; x_wconf 74' lang='lat' dir='ltr'><strong>insolitam</strong></span> <span class='ocrx_word' id='word_1_221' title='bbox 939 3697 1174 3768; x_wconf 79' lang='lat' dir='ltr'><strong>phrasim</strong></span> <span class='ocrx_word' id='word_1_222' title='bbox 1213 3702 1422 3771; x_wconf 81' lang='lat' dir='ltr'><strong>reperio</strong></span> <span class='ocrx_word' id='word_1_223' title='bbox 1459 3701 1526 3756; x_wconf 84' lang='lat' dir='ltr'><strong>de</strong></span> 
     </span>
     <span class='ocr_line' id='line_1_42' title="bbox 500 3776 1526 3852; baseline 0.004 -22"><span class='ocrx_word' id='word_1_224' title='bbox 500 3778 648 3830; x_wconf 73' lang='lat' dir='ltr'><strong>caesis</strong></span> <span class='ocrx_word' id='word_1_225' title='bbox 667 3790 718 3830; x_wconf 90' lang='lat' dir='ltr'><strong>et</strong></span> <span class='ocrx_word' id='word_1_226' title='bbox 741 3776 1066 3830; x_wconf 78' lang='lat' dir='ltr'><strong>moribundis</strong></span> <span class='ocrx_word' id='word_1_227' title='bbox 1103 3777 1154 3830; x_wconf 90' lang='lat' dir='ltr'><strong>in</strong></span> <span class='ocrx_word' id='word_1_228' title='bbox 1180 3793 1371 3832; x_wconf 78' lang='lat' dir='ltr'><strong>terram</strong></span> <span class='ocrx_word' id='word_1_229' title='bbox 1405 3801 1526 3852; x_wconf 82' lang='lat' dir='ltr'><strong>pro·</strong></span> 
     </span>
     <span class='ocr_line' id='line_1_43' title="bbox 500 3856 1525 3918; baseline 0.002 -9"><span class='ocrx_word' id='word_1_230' title='bbox 500 3856 814 3910; x_wconf 68' lang='lat' dir='ltr'><strong>ridentibus.</strong></span> <span class='ocrx_word' id='word_1_231' title='bbox 860 3856 1137 3911; x_wconf 81' lang='lat' dir='ltr'><strong>Homerica</strong></span> <span class='ocrx_word' id='word_1_232' title='bbox 1177 3859 1400 3912; x_wconf 76' lang='lat' dir='ltr'><strong>formula</strong></span> <span class='ocrx_word' id='word_1_233' title='bbox 1447 3877 1525 3918; x_wconf 72' lang='lat' dir='ltr'><strong>est</strong></span> 
     </span>
     <span class='ocr_line' id='line_1_44' title="bbox 499 3933 1521 4006; baseline 0.004 -18"><span class='ocrx_word' id='word_1_234' title='bbox 499 3934 624 4000; x_wconf 65' lang='grc' dir='ltr'><strong>ὀδὰξ</strong></span> <span class='ocrx_word' id='word_1_235' title='bbox 650 3941 768 3990; x_wconf 72' lang='grc' dir='ltr'>ἑλεῖν</span> <span class='ocrx_word' id='word_1_236' title='bbox 805 3933 953 4000; x_wconf 75' lang='grc' dir='ltr'>οὖδας</span> <span class='ocrx_word' id='word_1_237' title='bbox 988 3935 1116 4006; x_wconf 80' lang='lat' dir='ltr'><strong>(vid.</strong></span> <span class='ocrx_word' id='word_1_238' title='bbox 1159 3938 1224 3990; x_wconf 88' lang='lat' dir='ltr'><strong>ll.</strong></span> <span class='ocrx_word' id='word_1_239' title='bbox 1269 3938 1353 4000; x_wconf 90' lang='lat'><strong>11,</strong></span> <span class='ocrx_word' id='word_1_240' title='bbox 1389 3943 1521 4002; x_wconf 68' lang='lat'><strong>6¹83</strong></span> 
     </span>
     <span class='ocr_line' id='line_1_45' title="bbox 503 4013 1523 4088; baseline 0.01 -26"><span class='ocrx_word' id='word_1_241' title='bbox 503 4013 576 4063; x_wconf 81' lang='lat' dir='ltr'><strong>x1</strong></span> <span class='ocrx_word' id='word_1_242' title='bbox 589 4053 606 4079; x_wconf 85' lang='lat'><strong>,</strong></span> <span class='ocrx_word' id='word_1_243' title='bbox 628 4015 956 4084; x_wconf 74' lang='lat' dir='ltr'><strong>748),quam</strong></span> <span class='ocrx_word' id='word_1_244' title='bbox 977 4016 1152 4068; x_wconf 73' lang='lat' dir='ltr'><strong>Latini</strong></span> <span class='ocrx_word' id='word_1_245' title='bbox 1169 4027 1333 4088; x_wconf 77' lang='lat' dir='ltr'><strong>poetae</strong></span> <span class='ocrx_word' id='word_1_246' title='bbox 1353 4055 1368 4080; x_wconf 87' lang='lat'><strong>,</strong></span> <span class='ocrx_word' id='word_1_247' title='bbox 1389 4033 1523 4072; x_wconf 81' lang='lat' dir='ltr'><strong>vete·</strong></span> 
     </span>
     <span class='ocr_line' id='line_1_46' title="bbox 498 4091 1520 4162; baseline 0.01 -21"><span class='ocrx_word' id='word_1_248' title='bbox 498 4109 582 4142; x_wconf 81' lang='lat' dir='ltr'><strong>res</strong></span> <span class='ocrx_word' id='word_1_249' title='bbox 601 4091 813 4161; x_wconf 84' lang='lat' dir='ltr'><strong>quidem</strong></span> <span class='ocrx_word' id='word_1_250' title='bbox 835 4129 850 4154; x_wconf 90' lang='lat'><strong>,</strong></span> <span class='ocrx_word' id='word_1_251' title='bbox 866 4093 937 4147; x_wconf 77' lang='lat' dir='ltr'><strong>ita</strong></span> <span class='ocrx_word' id='word_1_252' title='bbox 957 4093 1244 4162; x_wconf 78' lang='lat' dir='ltr'><strong>imitantur,</strong></span> <span class='ocrx_word' id='word_1_253' title='bbox 1264 4109 1320 4149; x_wconf 92' lang='lat' dir='ltr'><strong>ut</strong></span> <span class='ocrx_word' id='word_1_254' title='bbox 1339 4096 1520 4152; x_wconf 77' lang='lat' dir='ltr'><strong>dicant</strong></span> 
     </span>
    </p>
   </div>
   <div class='ocr_carea' id='block_1_5' title="bbox 1606 1099 2637 4018">
    <p class='ocr_par' dir='ltr' id='par_1_10' title="bbox 1606 1099 2637 2498">
     <span class='ocr_line' id='line_1_47' title="bbox 1606 1099 2637 1166; baseline 0 -15"><span class='ocrx_word' id='word_1_255' title='bbox 1606 1103 1827 1151; x_wconf 83' lang='lat' dir='ltr'><strong>mordere</strong></span> <span class='ocrx_word' id='word_1_256' title='bbox 1847 1109 1899 1150; x_wconf 86' lang='lat' dir='ltr'><strong>et</strong></span> <span class='ocrx_word' id='word_1_257' title='bbox 1920 1101 2156 1148; x_wconf 72' lang='lat' dir='ltr'><strong>neander-e</strong></span> <span class='ocrx_word' id='word_1_258' title='bbox 2180 1100 2401 1156; x_wconf 73' lang='lat' dir='ltr'><strong>humum,</strong></span> <span class='ocrx_word' id='word_1_259' title='bbox 2440 1099 2523 1150; x_wconf 75' lang='lat' dir='ltr'><strong>vel</strong></span> <span class='ocrx_word' id='word_1_260' title='bbox 2544 1121 2637 1166; x_wconf 79' lang='lat' dir='ltr'><strong>pe-</strong></span> 
     </span>
     <span class='ocr_line' id='line_1_48' title="bbox 1606 1181 2632 1245; baseline 0 -15"><span class='ocrx_word' id='word_1_261' title='bbox 1606 1195 1729 1239; x_wconf 79' lang='lat' dir='ltr'><strong>tere,</strong></span> <span class='ocrx_word' id='word_1_262' title='bbox 1766 1181 1997 1245; x_wconf 81' lang='lat' dir='ltr'><strong>adpetere</strong></span> <span class='ocrx_word' id='word_1_263' title='bbox 2036 1194 2129 1228; x_wconf 81' lang='lat' dir='ltr'><strong>ore</strong></span> <span class='ocrx_word' id='word_1_264' title='bbox 2148 1216 2163 1238; x_wconf 94' lang='lat'><strong>,</strong></span> <span class='ocrx_word' id='word_1_265' title='bbox 2204 1195 2399 1238; x_wconf 78' lang='lat' dir='ltr'><strong>morsu,</strong></span> <span class='ocrx_word' id='word_1_266' title='bbox 2432 1193 2632 1231; x_wconf 74' lang='lat' dir='ltr'><strong>ter-mm.</strong></span> 
     </span>
     <span class='ocr_line' id='line_1_49' title="bbox 1610 1255 2635 1328; baseline 0.001 -18"><span class='ocrx_word' id='word_1_267' title='bbox 1610 1260 1759 1328; x_wconf 81' lang='lat' dir='ltr'><strong>Virg.</strong></span> <span class='ocrx_word' id='word_1_268' title='bbox 1770 1259 1889 1310; x_wconf 85' lang='lat' dir='ltr'><strong>AEn.</strong></span> <span class='ocrx_word' id='word_1_269' title='bbox 1904 1257 2005 1318; x_wconf 83' lang='lat' dir='ltr'><strong>xl,</strong></span> <span class='ocrx_word' id='word_1_270' title='bbox 2020 1263 2049 1319; x_wconf 70' lang='grc'><em>4</em></span> <span class='ocrx_word' id='word_1_271' title='bbox 2060 1255 2121 1309; x_wconf 83' lang='lat'><strong>18</strong></span> <span class='ocrx_word' id='word_1_272' title='bbox 2144 1273 2157 1308; x_wconf 89' lang='lat'>:</span> <span class='ocrx_word' id='word_1_273' title='bbox 2178 1282 2203 1302; x_wconf 78' lang='grc' dir='ltr'><strong>-ι</strong></span> <span class='ocrx_word' id='word_1_274' title='bbox 2216 1257 2500 1310; x_wconf 79' lang='lat' dir='ltr'><strong>Procubuit</strong></span> <span class='ocrx_word' id='word_1_275' title='bbox 2518 1279 2635 1312; x_wconf 86' lang='lat' dir='ltr'><strong>mo-</strong></span> 
     </span>
     <span class='ocr_line' id='line_1_50' title="bbox 1606 1335 2636 1392; baseline 0 -2"><span class='ocrx_word' id='word_1_276' title='bbox 1606 1339 1748 1392; x_wconf 81' lang='lat' dir='ltr'><strong>riens</strong></span> <span class='ocrx_word' id='word_1_277' title='bbox 1771 1349 1821 1389; x_wconf 91' lang='lat' dir='ltr'><strong>et</strong></span> <span class='ocrx_word' id='word_1_278' title='bbox 1845 1336 2068 1387; x_wconf 88' lang='lat' dir='ltr'><strong>humum</strong></span> <span class='ocrx_word' id='word_1_279' title='bbox 2094 1335 2253 1388; x_wconf 84' lang='lat' dir='ltr'><strong>semel</strong></span> <span class='ocrx_word' id='word_1_280' title='bbox 2277 1355 2369 1389; x_wconf 90' lang='lat' dir='ltr'><strong>ore</strong></span> <span class='ocrx_word' id='word_1_281' title='bbox 2396 1357 2636 1390; x_wconf 85' lang='lat' dir='ltr'><strong>momor-</strong></span> 
     </span>
     <span class='ocr_line' id='line_1_51' title="bbox 1610 1414 2633 1484; baseline 0.002 -16"><span class='ocrx_word' id='word_1_282' title='bbox 1610 1415 1687 1468; x_wconf 86' lang='lat' dir='ltr'><strong>dit</strong></span> <span class='ocrx_word' id='word_1_283' title='bbox 1704 1441 1726 1462; x_wconf 77' lang='grc' dir='ltr'>ι</span> <span class='ocrx_word' id='word_1_284' title='bbox 1742 1434 1759 1480; x_wconf 85' lang='grc'><strong>;</strong></span> <span class='ocrx_word' id='word_1_285' title='bbox 1790 1427 1843 1468; x_wconf 90' lang='lat' dir='ltr'><strong>et</strong></span> <span class='ocrx_word' id='word_1_286' title='bbox 1880 1414 2005 1468; x_wconf 87' lang='lat' dir='ltr'><strong>ibid.</strong></span> <span class='ocrx_word' id='word_1_287' title='bbox 2030 1434 2103 1467; x_wconf 85' lang='lat' dir='ltr'><strong>vs.</strong></span> <span class='ocrx_word' id='word_1_288' title='bbox 2131 1419 2267 1484; x_wconf 85' lang='lat'>669:</span> <span class='ocrx_word' id='word_1_289' title='bbox 2310 1441 2333 1462; x_wconf 78' lang='grc' dir='ltr'>ι</span> <span class='ocrx_word' id='word_1_290' title='bbox 2356 1432 2633 1470; x_wconf 77' lang='lat' dir='ltr'><strong>cruentam</strong></span> 
     </span>
     <span class='ocr_line' id='line_1_52' title="bbox 1610 1493 2637 1569; baseline 0.005 -23"><span class='ocrx_word' id='word_1_291' title='bbox 1610 1493 1819 1547; x_wconf 77' lang='lat' dir='ltr'><strong>Mandit</strong></span> <span class='ocrx_word' id='word_1_292' title='bbox 1854 1494 2075 1548; x_wconf 84' lang='lat' dir='ltr'><strong>humum</strong></span> <span class='ocrx_word' id='word_1_293' title='bbox 2098 1533 2113 1557; x_wconf 91' lang='lat'><strong><em>‚</em></strong></span> <span class='ocrx_word' id='word_1_294' title='bbox 2152 1497 2489 1569; x_wconf 83' lang='lat' dir='ltr'><strong>moriensque</strong></span> <span class='ocrx_word' id='word_1_295' title='bbox 2534 1519 2637 1551; x_wconf 75' lang='lat' dir='ltr'><strong>suo</strong></span> 
     </span>
     <span class='ocr_line' id='line_1_53' title="bbox 1611 1573 2633 1638; baseline 0.006 -14"><span class='ocrx_word' id='word_1_296' title='bbox 1611 1591 1667 1625; x_wconf 82' lang='lat' dir='ltr'><strong>se</strong></span> <span class='ocrx_word' id='word_1_297' title='bbox 1686 1573 1740 1626; x_wconf 84' lang='lat' dir='ltr'><strong>in</strong></span> <span class='ocrx_word' id='word_1_298' title='bbox 1764 1576 1982 1627; x_wconf 75' lang='lat' dir='ltr'><strong>vulnere</strong></span> <span class='ocrx_word' id='word_1_299' title='bbox 2002 1587 2171 1628; x_wconf 78' lang='lat' dir='ltr'><strong>versat</strong></span> <span class='ocrx_word' id='word_1_300' title='bbox 2196 1601 2237 1626; x_wconf 87' lang='lat'><strong>-.</strong></span> <span class='ocrx_word' id='word_1_301' title='bbox 2259 1576 2345 1627; x_wconf 88' lang='lat' dir='ltr'><strong>Sil.</strong></span> <span class='ocrx_word' id='word_1_302' title='bbox 2370 1577 2491 1629; x_wconf 78' lang='lat' dir='ltr'><strong>Ital.</strong></span> <span class='ocrx_word' id='word_1_303' title='bbox 2516 1578 2598 1630; x_wconf 81' lang='lat' dir='ltr'><strong>IX</strong></span> <span class='ocrx_word' id='word_1_304' title='bbox 2614 1620 2633 1638; x_wconf 86' lang='lat'><strong>,</strong></span> 
     </span>
     <span class='ocr_line' id='line_1_54' title="bbox 1612 1653 2634 1728; baseline 0.006 -24"><span class='ocrx_word' id='word_1_305' title='bbox 1612 1653 1747 1705; x_wconf 83' lang='lat'><strong>383:</strong></span> <span class='ocrx_word' id='word_1_306' title='bbox 1778 1678 1800 1699; x_wconf 74' lang='grc' dir='ltr'>ι</span> <span class='ocrx_word' id='word_1_307' title='bbox 1822 1653 2077 1705; x_wconf 83' lang='lat' dir='ltr'><strong>Volvitur</strong></span> <span class='ocrx_word' id='word_1_308' title='bbox 2116 1653 2206 1706; x_wconf 91' lang='lat' dir='ltr'><strong>ille</strong></span> <span class='ocrx_word' id='word_1_309' title='bbox 2240 1673 2399 1707; x_wconf 79' lang='lat' dir='ltr'><strong>ruens</strong></span> <span class='ocrx_word' id='word_1_310' title='bbox 2418 1697 2434 1720; x_wconf 88' lang='lat'><strong>,</strong></span> <span class='ocrx_word' id='word_1_311' title='bbox 2470 1669 2634 1728; x_wconf 74' lang='lat' dir='ltr'><strong>atque</strong></span> 
     </span>
     <span class='ocr_line' id='line_1_55' title="bbox 1610 1732 2631 1806; baseline 0.004 -23"><span class='ocrx_word' id='word_1_312' title='bbox 1610 1749 1735 1784; x_wconf 71' lang='lat' dir='ltr'><strong>arva</strong></span> <span class='ocrx_word' id='word_1_313' title='bbox 1762 1732 1971 1784; x_wconf 83' lang='lat' dir='ltr'><strong>hostilia</strong></span> <span class='ocrx_word' id='word_1_314' title='bbox 1994 1749 2175 1785; x_wconf 82' lang='lat' dir='ltr'><strong>morsu</strong></span> <span class='ocrx_word' id='word_1_315' title='bbox 2201 1732 2415 1806; x_wconf 81' lang='lat' dir='ltr'><strong>Adpetit</strong></span> <span class='ocrx_word' id='word_1_316' title='bbox 2432 1761 2473 1785; x_wconf 71' lang='lat' dir='ltr'><strong>n.</strong></span> <span class='ocrx_word' id='word_1_317' title='bbox 2491 1736 2599 1788; x_wconf 84' lang='lat' dir='ltr'><strong>Sed</strong></span> <span class='ocrx_word' id='word_1_318' title='bbox 2616 1778 2631 1801; x_wconf 91' lang='lat'><strong>,</strong></span> 
     </span>
     <span class='ocr_line' id='line_1_56' title="bbox 1609 1810 2631 1884; baseline 0.004 -22"><span class='ocrx_word' id='word_1_319' title='bbox 1609 1810 1705 1883; x_wconf 83' lang='lat' dir='ltr'><strong>qui</strong></span> <span class='ocrx_word' id='word_1_320' title='bbox 1726 1830 1826 1884; x_wconf 87' lang='lat' dir='ltr'><strong>pro</strong></span> <span class='ocrx_word' id='word_1_321' title='bbox 1847 1815 2069 1863; x_wconf 75' lang='lat' dir='ltr'><strong>mordet-e</strong></span> <span class='ocrx_word' id='word_1_322' title='bbox 2086 1813 2169 1866; x_wconf 78' lang='lat' dir='ltr'><strong>vel</strong></span> <span class='ocrx_word' id='word_1_323' title='bbox 2186 1817 2420 1864; x_wconf 78' lang='lat' dir='ltr'><strong>mandere</strong></span> <span class='ocrx_word' id='word_1_324' title='bbox 2434 1818 2631 1866; x_wconf 73' lang='lat' dir='ltr'><strong>humum</strong></span> 
     </span>
     <span class='ocr_line' id='line_1_57' title="bbox 1610 1889 2635 1960; baseline 0.003 -18"><span class='ocrx_word' id='word_1_325' title='bbox 1610 1909 1675 1942; x_wconf 91' lang='lat' dir='ltr'><strong>eo</strong></span> <span class='ocrx_word' id='word_1_326' title='bbox 1692 1909 1851 1944; x_wconf 81' lang='lat' dir='ltr'><strong>sensu</strong></span> <span class='ocrx_word' id='word_1_327' title='bbox 1869 1889 2056 1943; x_wconf 77' lang='lat' dir='ltr'><strong>dixerit</strong></span> <span class='ocrx_word' id='word_1_328' title='bbox 2074 1910 2275 1960; x_wconf 74' lang='lat' dir='ltr'><strong>carpere</strong></span> <span class='ocrx_word' id='word_1_329' title='bbox 2289 1895 2510 1945; x_wconf 74' lang='lat' dir='ltr'><strong>dentibus</strong></span> <span class='ocrx_word' id='word_1_330' title='bbox 2526 1899 2635 1947; x_wconf 75' lang='lat' dir='ltr'><strong>leer-</strong></span> 
     </span>
     <span class='ocr_line' id='line_1_58' title="bbox 1610 1969 2636 2046; baseline 0.007 -26"><span class='ocrx_word' id='word_1_331' title='bbox 1610 1973 1722 2030; x_wconf 78' lang='lat' dir='ltr'><strong>bas,</strong></span> <span class='ocrx_word' id='word_1_332' title='bbox 1747 1969 1889 2040; x_wconf 86' lang='lat' dir='ltr'><strong>quod</strong></span> <span class='ocrx_word' id='word_1_333' title='bbox 1911 1969 1979 2024; x_wconf 85' lang='lat' dir='ltr'><strong>de</strong></span> <span class='ocrx_word' id='word_1_334' title='bbox 1996 1969 2258 2041; x_wconf 84' lang='lat' dir='ltr'><strong>pecudum</strong></span> <span class='ocrx_word' id='word_1_335' title='bbox 2281 1983 2433 2043; x_wconf 83' lang='lat' dir='ltr'><strong>pastu</strong></span> <span class='ocrx_word' id='word_1_336' title='bbox 2456 1992 2485 2025; x_wconf 79' lang='lat' dir='ltr'>a</span> <span class='ocrx_word' id='word_1_337' title='bbox 2508 1993 2636 2046; x_wconf 55' lang='grc' dir='ltr'><strong>Ροικ</strong></span> 
     </span>
     <span class='ocr_line' id='line_1_59' title="bbox 1613 2049 2636 2122; baseline 0.005 -22"><span class='ocrx_word' id='word_1_338' title='bbox 1613 2049 1679 2102; x_wconf 73' lang='lat' dir='ltr'><strong>tis</strong></span> <span class='ocrx_word' id='word_1_339' title='bbox 1702 2049 2005 2113; x_wconf 71' lang='lat' dir='ltr'><strong>adhibetur,</strong></span> <span class='ocrx_word' id='word_1_340' title='bbox 2030 2049 2206 2102; x_wconf 76' lang='lat' dir='ltr'><strong>adhuc</strong></span> <span class='ocrx_word' id='word_1_341' title='bbox 2229 2050 2443 2122; x_wconf 88' lang='lat' dir='ltr'><strong>quidem</strong></span> <span class='ocrx_word' id='word_1_342' title='bbox 2466 2055 2636 2105; x_wconf 79' lang='lat' dir='ltr'><strong>nemi·</strong></span> 
     </span>
     <span class='ocr_line' id='line_1_60' title="bbox 1612 2128 2637 2186; baseline 0.004 -4"><span class='ocrx_word' id='word_1_343' title='bbox 1612 2147 1735 2182; x_wconf 87' lang='lat' dir='ltr'><strong>nem</strong></span> <span class='ocrx_word' id='word_1_344' title='bbox 1765 2128 1958 2181; x_wconf 82' lang='lat' dir='ltr'><strong>inveni.</strong></span> <span class='ocrx_word' id='word_1_345' title='bbox 1979 2128 2211 2181; x_wconf 89' lang='lat' dir='ltr'><strong>Similem</strong></span> <span class='ocrx_word' id='word_1_346' title='bbox 2226 2140 2402 2182; x_wconf 75' lang='lat' dir='ltr'><strong>tamen</strong></span> <span class='ocrx_word' id='word_1_347' title='bbox 2416 2150 2637 2186; x_wconf 74' lang='lat' dir='ltr'><strong>versum</strong></span> 
     </span>
     <span class='ocr_line' id='line_1_61' title="bbox 1614 2205 2635 2280; baseline 0.004 -19"><span class='ocrx_word' id='word_1_348' title='bbox 1614 2205 1895 2261; x_wconf 80' lang='lat' dir='ltr'><strong>Diomedes</strong></span> <span class='ocrx_word' id='word_1_349' title='bbox 1912 2207 2205 2260; x_wconf 75' lang='lat' dir='ltr'><strong>Grammnt.</strong></span> <span class='ocrx_word' id='word_1_350' title='bbox 2230 2209 2320 2262; x_wconf 87' lang='lat' dir='ltr'><strong>lib.</strong></span> <span class='ocrx_word' id='word_1_351' title='bbox 2341 2209 2368 2260; x_wconf 92' lang='lat'>1</span> <span class='ocrx_word' id='word_1_352' title='bbox 2386 2247 2401 2273; x_wconf 92' lang='lat'><strong>,</strong></span> <span class='ocrx_word' id='word_1_353' title='bbox 2424 2229 2475 2280; x_wconf 85' lang='lat' dir='ltr'><strong>p.</strong></span> <span class='ocrx_word' id='word_1_354' title='bbox 2502 2213 2635 2276; x_wconf 79' lang='lat'><strong>336,</strong></span> 
     </span>
     <span class='ocr_line' id='line_1_62' title="bbox 1616 2285 2631 2345; baseline 0.006 -6"><span class='ocrx_word' id='word_1_355' title='bbox 1616 2306 1645 2339; x_wconf 86' lang='lat' dir='ltr'><strong>e</strong></span> <span class='ocrx_word' id='word_1_356' title='bbox 1686 2289 1785 2341; x_wconf 92' lang='lat' dir='ltr'><strong>Cn.</strong></span> <span class='ocrx_word' id='word_1_357' title='bbox 1824 2287 1977 2340; x_wconf 77' lang='lat' dir='ltr'><strong>Matii</strong></span> <span class='ocrx_word' id='word_1_358' title='bbox 2021 2287 2120 2340; x_wconf 83' lang='lat' dir='ltr'><strong>XX</strong></span> <span class='ocrx_word' id='word_1_359' title='bbox 2170 2285 2364 2341; x_wconf 80' lang='lat' dir='ltr'><strong>Iliados</strong></span> <span class='ocrx_word' id='word_1_360' title='bbox 2407 2290 2579 2344; x_wconf 84' lang='lat' dir='ltr'><strong>adfert</strong></span> <span class='ocrx_word' id='word_1_361' title='bbox 2616 2309 2631 2345; x_wconf 92' lang='lat'><strong>:</strong></span> 
     </span>
     <span class='ocr_line' id='line_1_63' title="bbox 1616 2366 2635 2425; baseline 0.007 -8"><span class='ocrx_word' id='word_1_362' title='bbox 1616 2390 1639 2412; x_wconf 76' lang='grc' dir='ltr'>ι</span> <span class='ocrx_word' id='word_1_363' title='bbox 1662 2367 1759 2419; x_wconf 91' lang='lat' dir='ltr'><strong>Ille</strong></span> <span class='ocrx_word' id='word_1_364' title='bbox 1802 2366 2006 2419; x_wconf 73' lang='lat' dir='ltr'><strong>hietens</strong></span> <span class='ocrx_word' id='word_1_365' title='bbox 2048 2366 2267 2419; x_wconf 77' lang='lat' dir='ltr'><strong>herbam</strong></span> <span class='ocrx_word' id='word_1_366' title='bbox 2312 2368 2635 2425; x_wconf 89' lang='lat' dir='ltr'><strong>moribundo</strong></span> 
     </span>
     <span class='ocr_line' id='line_1_64' title="bbox 1616 2445 1951 2498; baseline 0 -2"><span class='ocrx_word' id='word_1_367' title='bbox 1616 2445 1783 2498; x_wconf 85' lang='lat' dir='ltr'><strong>tenuit</strong></span> <span class='ocrx_word' id='word_1_368' title='bbox 1802 2451 1897 2496; x_wconf 82' lang='lat' dir='ltr'><strong>ore</strong></span> <span class='ocrx_word' id='word_1_369' title='bbox 1910 2471 1951 2497; x_wconf 70' lang='grc' dir='ltr'><strong>ι.</strong></span> 
     </span>
    </p>

    <p class='ocr_par' dir='ltr' id='par_1_11' title="bbox 1608 2523 2637 4018">
     <span class='ocr_line' id='line_1_65' title="bbox 1687 2523 2631 2595; baseline 0.005 -18"><span class='ocrx_word' id='word_1_370' title='bbox 1687 2525 1820 2595; x_wconf 77' lang='lat'><strong>372,</strong></span> <span class='ocrx_word' id='word_1_371' title='bbox 1850 2523 1971 2594; x_wconf 84' lang='lat'><strong>373.</strong></span> <span class='ocrx_word' id='word_1_372' title='bbox 1996 2527 2216 2592; x_wconf 76' lang='lat' dir='ltr'><strong>Impiger</strong></span> <span class='ocrx_word' id='word_1_373' title='bbox 2233 2529 2449 2580; x_wconf 76' lang='lat' dir='ltr'><strong>Atrides.</strong></span> <span class='ocrx_word' id='word_1_374' title='bbox 2478 2530 2540 2580; x_wconf 92' lang='lat' dir='ltr'><strong>In</strong></span> <span class='ocrx_word' id='word_1_375' title='bbox 2568 2547 2631 2582; x_wconf 77' lang='lat' dir='ltr'><strong>ea</strong></span> 
     </span>
     <span class='ocr_line' id='line_1_66' title="bbox 1614 2603 2634 2674; baseline 0.005 -18"><span class='ocrx_word' id='word_1_376' title='bbox 1614 2604 1837 2656; x_wconf 85' lang='lat' dir='ltr'><strong>lectione</strong></span> <span class='ocrx_word' id='word_1_377' title='bbox 1848 2643 1863 2669; x_wconf 93' lang='lat'><strong>,</strong></span> <span class='ocrx_word' id='word_1_378' title='bbox 1886 2603 2130 2674; x_wconf 75' lang='lat' dir='ltr'><strong>quamvis</strong></span> <span class='ocrx_word' id='word_1_379' title='bbox 2144 2603 2393 2658; x_wconf 87' lang='lat' dir='ltr'><strong>omnibus</strong></span> <span class='ocrx_word' id='word_1_380' title='bbox 2409 2607 2465 2660; x_wconf 88' lang='lat' dir='ltr'><strong>in</strong></span> <span class='ocrx_word' id='word_1_381' title='bbox 2486 2608 2634 2661; x_wconf 82' lang='lat' dir='ltr'><strong>libris</strong></span> 
     </span>
     <span class='ocr_line' id='line_1_67' title="bbox 1613 2682 2634 2755; baseline 0.005 -19"><span class='ocrx_word' id='word_1_382' title='bbox 1613 2695 1817 2755; x_wconf 78' lang='lat' dir='ltr'><strong>recepta</strong></span> <span class='ocrx_word' id='word_1_383' title='bbox 1834 2721 1849 2744; x_wconf 89' lang='lat'><strong>,</strong></span> <span class='ocrx_word' id='word_1_384' title='bbox 1870 2693 1961 2734; x_wconf 75' lang='lat' dir='ltr'><strong>ent</strong></span> <span class='ocrx_word' id='word_1_385' title='bbox 1984 2701 2131 2735; x_wconf 84' lang='lat' dir='ltr'><strong>error</strong></span> <span class='ocrx_word' id='word_1_386' title='bbox 2156 2682 2521 2754; x_wconf 77' lang='lat' dir='ltr'><strong>librariorum,</strong></span> <span class='ocrx_word' id='word_1_387' title='bbox 2542 2701 2634 2741; x_wconf 73' lang='lat' dir='ltr'><strong>aut</strong></span> 
     </span>
     <span class='ocr_line' id='line_1_68' title="bbox 1614 2761 2632 2836; baseline 0.006 -23"><span class='ocrx_word' id='word_1_388' title='bbox 1614 2761 1779 2832; x_wconf 85' lang='lat' dir='ltr'><strong>ipsius</strong></span> <span class='ocrx_word' id='word_1_389' title='bbox 1792 2781 1819 2814; x_wconf 78' lang='lat' dir='ltr'>a</span> <span class='ocrx_word' id='word_1_390' title='bbox 1828 2761 2023 2814; x_wconf 81' lang='lat' dir='ltr'><strong>uctoris</strong></span> <span class='ocrx_word' id='word_1_391' title='bbox 2038 2767 2303 2836; x_wconf 79' lang='grc' dir='ltr'>παρόραμα</span> <span class='ocrx_word' id='word_1_392' title='bbox 2321 2767 2527 2832; x_wconf 81' lang='lat' dir='ltr'><strong>est.Qui</strong></span> <span class='ocrx_word' id='word_1_393' title='bbox 2544 2767 2632 2819; x_wconf 89' lang='lat' dir='ltr'><strong>hic</strong></span> 
     </span>
     <span class='ocr_line' id='line_1_69' title="bbox 1612 2841 2637 2912; baseline 0.008 -19"><span class='ocrx_word' id='word_1_394' title='bbox 1612 2857 1737 2894; x_wconf 70' lang='lat' dir='ltr'><strong>cocu</strong></span> <span class='ocrx_word' id='word_1_395' title='bbox 1758 2841 1949 2903; x_wconf 79' lang='lat' dir='ltr'><strong>amici,</strong></span> <span class='ocrx_word' id='word_1_396' title='bbox 1970 2860 2162 2912; x_wconf 88' lang='lat' dir='ltr'><strong>nempe</strong></span> <span class='ocrx_word' id='word_1_397' title='bbox 2186 2843 2379 2906; x_wconf 85' lang='lat' dir='ltr'><strong>Leuci,</strong></span> <span class='ocrx_word' id='word_1_398' title='bbox 2402 2865 2637 2901; x_wconf 86' lang='lat' dir='ltr'><strong>commo-</strong></span> 
     </span>
     <span class='ocr_line' id='line_1_70' title="bbox 1614 2921 2631 2992; baseline 0.007 -19"><span class='ocrx_word' id='word_1_399' title='bbox 1614 2933 1699 2973; x_wconf 85' lang='lat' dir='ltr'><strong>tus</strong></span> <span class='ocrx_word' id='word_1_400' title='bbox 1741 2921 1960 2984; x_wconf 86' lang='lat' dir='ltr'><strong>dicitur,</strong></span> <span class='ocrx_word' id='word_1_401' title='bbox 1999 2922 2142 2992; x_wconf 76' lang='lat' dir='ltr'><strong>apud</strong></span> <span class='ocrx_word' id='word_1_402' title='bbox 2185 2921 2479 2978; x_wconf 85' lang='lat' dir='ltr'><strong>Homerum</strong></span> <span class='ocrx_word' id='word_1_403' title='bbox 2524 2947 2631 2980; x_wconf 87' lang='lat' dir='ltr'><strong>non</strong></span> 
     </span>
     <span class='ocr_line' id='line_1_71' title="bbox 1614 2997 2633 3082; baseline 0.01 -31"><span class='ocrx_word' id='word_1_404' title='bbox 1614 2999 1822 3052; x_wconf 81' lang='lat' dir='ltr'><strong>Atrides</strong></span> <span class='ocrx_word' id='word_1_405' title='bbox 1833 3035 1853 3082; x_wconf 68' lang='lat'><strong>‚⁹</strong></span> <span class='ocrx_word' id='word_1_406' title='bbox 1868 2997 1960 3052; x_wconf 79' lang='lat' dir='ltr'><strong>sed</strong></span> <span class='ocrx_word' id='word_1_407' title='bbox 1978 3000 2191 3072; x_wconf 78' lang='lat' dir='ltr'><strong>Ulysses</strong></span> <span class='ocrx_word' id='word_1_408' title='bbox 2208 3015 2303 3054; x_wconf 84' lang='lat' dir='ltr'><strong>cst.</strong></span> <span class='ocrx_word' id='word_1_409' title='bbox 2324 3003 2406 3055; x_wconf 88' lang='lat' dir='ltr'><strong>Ibi</strong></span> <span class='ocrx_word' id='word_1_410' title='bbox 2425 3007 2633 3060; x_wconf 83' lang='lat' dir='ltr'><strong>Leucus</strong></span> 
     </span>
     <span class='ocr_line' id='line_1_72' title="bbox 1613 3077 2629 3159; baseline 0.011 -29"><span class='ocrx_word' id='word_1_411' title='bbox 1613 3077 1805 3130; x_wconf 89' lang='lat' dir='ltr'><strong>dicitur</strong></span> <span class='ocrx_word' id='word_1_412' title='bbox 1826 3077 2081 3142; x_wconf 64' lang='grc' dir='ltr'><strong>ΟδὌσσέος</strong></span> <span class='ocrx_word' id='word_1_413' title='bbox 2116 3085 2276 3144; x_wconf 73' lang='grc' dir='ltr'>ἐσθλὸς</span> <span class='ocrx_word' id='word_1_414' title='bbox 2314 3087 2534 3159; x_wconf 67' lang='grc' dir='ltr'><strong>ἱταῖρος,</strong></span> <span class='ocrx_word' id='word_1_415' title='bbox 2564 3089 2629 3141; x_wconf 83' lang='lat' dir='ltr'><strong>ll.</strong></span> 
     </span>
     <span class='ocr_line' id='line_1_73' title="bbox 1608 3157 2633 3231; baseline 0.013 -23"><span class='ocrx_word' id='word_1_416' title='bbox 1608 3157 1711 3222; x_wconf 81' lang='lat' dir='ltr'><strong>IV,</strong></span> <span class='ocrx_word' id='word_1_417' title='bbox 1756 3164 1854 3226; x_wconf 73' lang='lat'><strong>491</strong></span> <span class='ocrx_word' id='word_1_418' title='bbox 1877 3195 1891 3218; x_wconf 93' lang='lat'>‚</span> <span class='ocrx_word' id='word_1_419' title='bbox 1928 3170 2085 3230; x_wconf 78' lang='lat' dir='ltr'><strong>atque</strong></span> <span class='ocrx_word' id='word_1_420' title='bbox 2124 3159 2337 3231; x_wconf 77' lang='lat' dir='ltr'><strong>Ulysses</strong></span> <span class='ocrx_word' id='word_1_421' title='bbox 2374 3165 2447 3215; x_wconf 86' lang='lat' dir='ltr'><strong>ob</strong></span> <span class='ocrx_word' id='word_1_422' title='bbox 2486 3165 2633 3220; x_wconf 85' lang='lat' dir='ltr'><strong>hunc</strong></span> 
     </span>
     <span class='ocr_line' id='line_1_74' title="bbox 1618 3236 2633 3305; baseline 0.01 -17"><span class='ocrx_word' id='word_1_423' title='bbox 1618 3236 1949 3288; x_wconf 83' lang='lat' dir='ltr'><strong>interfectum</strong></span> <span class='ocrx_word' id='word_1_424' title='bbox 1974 3237 2127 3290; x_wconf 75' lang='lat' dir='ltr'><strong>valde</strong></span> <span class='ocrx_word' id='word_1_425' title='bbox 2152 3239 2343 3305; x_wconf 84' lang='lat' dir='ltr'><strong>iratus,</strong></span> <span class='ocrx_word' id='word_1_426' title='bbox 2372 3241 2427 3294; x_wconf 87' lang='lat' dir='ltr'><strong>in</strong></span> <span class='ocrx_word' id='word_1_427' title='bbox 2464 3245 2633 3298; x_wconf 78' lang='lat' dir='ltr'><strong>aciem</strong></span> 
     </span>
     <span class='ocr_line' id='line_1_75' title="bbox 1616 3314 2636 3385; baseline 0.011 -19"><span class='ocrx_word' id='word_1_428' title='bbox 1616 3314 1930 3385; x_wconf 78' lang='lat' dir='ltr'><strong>processisse</strong></span> <span class='ocrx_word' id='word_1_429' title='bbox 1942 3353 1957 3378; x_wconf 86' lang='lat'>‚</span> <span class='ocrx_word' id='word_1_430' title='bbox 1977 3329 2029 3366; x_wconf 92' lang='lat' dir='ltr'><strong>et</strong></span> <span class='ocrx_word' id='word_1_431' title='bbox 2046 3323 2403 3380; x_wconf 69' lang='lat' dir='ltr'><strong>mmmmm,</strong></span> <span class='ocrx_word' id='word_1_432' title='bbox 2424 3321 2522 3374; x_wconf 81' lang='lat' dir='ltr'><strong>sihi</strong></span> <span class='ocrx_word' id='word_1_433' title='bbox 2540 3325 2636 3376; x_wconf 89' lang='lat' dir='ltr'><strong>ob-</strong></span> 
     </span>
     <span class='ocr_line' id='line_1_76' title="bbox 1613 3392 2635 3463; baseline 0.012 -19"><span class='ocrx_word' id='word_1_434' title='bbox 1613 3392 1754 3444; x_wconf 78' lang='lat' dir='ltr'><strong>vium</strong></span> <span class='ocrx_word' id='word_1_435' title='bbox 1771 3431 1785 3456; x_wconf 91' lang='lat'><strong>,</strong></span> <span class='ocrx_word' id='word_1_436' title='bbox 1813 3395 2141 3463; x_wconf 72' lang='lat' dir='ltr'><strong>percussisse.</strong></span> <span class='ocrx_word' id='word_1_437' title='bbox 2162 3395 2308 3450; x_wconf 84' lang='lat' dir='ltr'><strong>-Hinc</strong></span> <span class='ocrx_word' id='word_1_438' title='bbox 2332 3398 2399 3451; x_wconf 83' lang='lat' dir='ltr'><strong>cl.</strong></span> <span class='ocrx_word' id='word_1_439' title='bbox 2430 3401 2635 3456; x_wconf 79' lang='lat' dir='ltr'><strong>Bouda-</strong></span> 
     </span>
     <span class='ocr_line' id='line_1_77' title="bbox 1616 3471 2633 3546; baseline 0.013 -23"><span class='ocrx_word' id='word_1_440' title='bbox 1616 3471 1751 3525; x_wconf 84' lang='lat' dir='ltr'><strong>mius</strong></span> <span class='ocrx_word' id='word_1_441' title='bbox 1782 3472 1814 3524; x_wconf 91' lang='lat' dir='ltr'><strong>l.</strong></span> <span class='ocrx_word' id='word_1_442' title='bbox 1843 3491 1886 3524; x_wconf 91' lang='lat' dir='ltr'><strong>c.</strong></span> <span class='ocrx_word' id='word_1_443' title='bbox 1914 3491 1971 3544; x_wconf 89' lang='lat' dir='ltr'><strong>p.</strong></span> <span class='ocrx_word' id='word_1_444' title='bbox 2008 3473 2102 3526; x_wconf 85' lang='lat'><strong>155</strong></span> <span class='ocrx_word' id='word_1_445' title='bbox 2130 3487 2273 3528; x_wconf 87' lang='lat' dir='ltr'><strong>recte</strong></span> <span class='ocrx_word' id='word_1_446' title='bbox 2298 3491 2503 3546; x_wconf 85' lang='lat' dir='ltr'><strong>censet,</strong></span> <span class='ocrx_word' id='word_1_447' title='bbox 2530 3484 2633 3536; x_wconf 87' lang='lat' dir='ltr'><strong>boc</strong></span> 
     </span>
     <span class='ocr_line' id='line_1_78' title="bbox 1616 3548 2633 3631; baseline 0.014 -31"><span class='ocrx_word' id='word_1_448' title='bbox 1616 3548 1787 3603; x_wconf 83' lang='lat' dir='ltr'><strong>aliove</strong></span> <span class='ocrx_word' id='word_1_449' title='bbox 1822 3552 1979 3604; x_wconf 84' lang='lat' dir='ltr'><strong>simili</strong></span> <span class='ocrx_word' id='word_1_450' title='bbox 2014 3553 2175 3606; x_wconf 88' lang='lat' dir='ltr'><strong>modo</strong></span> <span class='ocrx_word' id='word_1_451' title='bbox 2206 3574 2412 3608; x_wconf 73' lang='lat' dir='ltr'><strong>versum</strong></span> <span class='ocrx_word' id='word_1_452' title='bbox 2448 3559 2633 3631; x_wconf 83' lang='lat' dir='ltr'><strong>legen·</strong></span> 
     </span>
     <span class='ocr_line' id='line_1_79' title="bbox 1616 3627 2635 3692; baseline 0.012 -12"><span class='ocrx_word' id='word_1_453' title='bbox 1616 3627 1743 3682; x_wconf 83' lang='lat' dir='ltr'><strong>dum</strong></span> <span class='ocrx_word' id='word_1_454' title='bbox 1764 3647 1902 3682; x_wconf 82' lang='lat' dir='ltr'><strong>esse:</strong></span> <span class='ocrx_word' id='word_1_455' title='bbox 1918 3633 2045 3682; x_wconf 75' lang='lat' dir='ltr'><strong>Hinc</strong></span> <span class='ocrx_word' id='word_1_456' title='bbox 2062 3639 2351 3686; x_wconf 75' lang='lat' dir='ltr'><strong>Laertiades</strong></span> <span class='ocrx_word' id='word_1_457' title='bbox 2368 3657 2487 3688; x_wconf 78' lang='lat' dir='ltr'><strong>casu</strong></span> <span class='ocrx_word' id='word_1_458' title='bbox 2507 3661 2635 3692; x_wconf 84' lang='lat' dir='ltr'><strong>com-</strong></span> 
     </span>
     <span class='ocr_line' id='line_1_80' title="bbox 1614 3713 2633 3782; baseline 0.013 -25"><span class='ocrx_word' id='word_1_459' title='bbox 1614 3723 1769 3760; x_wconf 76' lang='lat' dir='ltr'><strong>motus</strong></span> <span class='ocrx_word' id='word_1_460' title='bbox 1802 3713 1953 3761; x_wconf 74' lang='lat' dir='ltr'><strong>amici</strong></span> <span class='ocrx_word' id='word_1_461' title='bbox 1978 3715 2311 3765; x_wconf 78' lang='lat' dir='ltr'><strong>Democoonta</strong></span> <span class='ocrx_word' id='word_1_462' title='bbox 2336 3721 2469 3782; x_wconf 75' lang='lat' dir='ltr'><strong>petit.</strong></span> <span class='ocrx_word' id='word_1_463' title='bbox 2496 3719 2633 3772; x_wconf 82' lang='lat' dir='ltr'><strong>vnl-</strong></span> 
     </span>
     <span class='ocr_line' id='line_1_81' title="bbox 1612 3787 2635 3868; baseline 0.016 -31"><span class='ocrx_word' id='word_1_464' title='bbox 1612 3788 1721 3856; x_wconf 80' lang='lat' dir='ltr'><strong>gati</strong></span> <span class='ocrx_word' id='word_1_465' title='bbox 1742 3787 1935 3843; x_wconf 81' lang='lat' dir='ltr'><strong>habent</strong></span> <span class='ocrx_word' id='word_1_466' title='bbox 1956 3798 2351 3862; x_wconf 73' lang='lat' dir='ltr'><strong>Demophoonta,</strong></span> <span class='ocrx_word' id='word_1_467' title='bbox 2373 3798 2519 3868; x_wconf 87' lang='lat' dir='ltr'><strong>quod</strong></span> <span class='ocrx_word' id='word_1_468' title='bbox 2541 3819 2635 3852; x_wconf 88' lang='lat' dir='ltr'><strong>no-</strong></span> 
     </span>
     <span class='ocr_line' id='line_1_82' title="bbox 1614 3866 2631 3932; baseline 0.014 -15"><span class='ocrx_word' id='word_1_469' title='bbox 1614 3866 1717 3918; x_wconf 84' lang='lat' dir='ltr'><strong>tius</strong></span> <span class='ocrx_word' id='word_1_470' title='bbox 1756 3867 1893 3922; x_wconf 88' lang='lat' dir='ltr'><strong>inter</strong></span> <span class='ocrx_word' id='word_1_471' title='bbox 1928 3871 2114 3926; x_wconf 81' lang='lat' dir='ltr'><strong>heroas</strong></span> <span class='ocrx_word' id='word_1_472' title='bbox 2152 3893 2347 3928; x_wconf 88' lang='lat' dir='ltr'><strong>nomen</strong></span> <span class='ocrx_word' id='word_1_473' title='bbox 2386 3891 2465 3929; x_wconf 85' lang='lat' dir='ltr'><strong>est</strong></span> <span class='ocrx_word' id='word_1_474' title='bbox 2486 3895 2500 3928; x_wconf 75' lang='grc' dir='ltr'><em>τ</em></span> <span class='ocrx_word' id='word_1_475' title='bbox 2538 3879 2631 3932; x_wconf 77' lang='lat' dir='ltr'><strong>ced</strong></span> 
     </span>
     <span class='ocr_line' id='line_1_83' title="bbox 1613 3951 2633 4018; baseline 0.017 -24"><span class='ocrx_word' id='word_1_476' title='bbox 1613 3961 1739 3997; x_wconf 83' lang='lat' dir='ltr'><strong>vero</strong></span> <span class='ocrx_word' id='word_1_477' title='bbox 1778 3951 1995 4018; x_wconf 84' lang='lat' dir='ltr'><strong>propius</strong></span> <span class='ocrx_word' id='word_1_478' title='bbox 2033 3958 2345 4004; x_wconf 81' lang='lat' dir='ltr'><strong>Demononta</strong></span> <span class='ocrx_word' id='word_1_479' title='bbox 2386 3955 2452 4008; x_wconf 89' lang='lat' dir='ltr'><strong>G.</strong></span> <span class='ocrx_word' id='word_1_480' title='bbox 2486 3977 2533 4010; x_wconf 71' lang='grc' dir='ltr'><strong>ει.</strong></span> <span class='ocrx_word' id='word_1_481' title='bbox 2560 3987 2633 3998; x_wconf 91' lang='grc'><strong>-</strong></span> 
     </span>
    </p>
   </div>
   <div class='ocr_carea' id='block_1_6' title="bbox 1610 4029 2629 4177">
    <p class='ocr_par' dir='ltr' id='par_1_12' title="bbox 1610 4029 2629 4177">
     <span class='ocr_line' id='line_1_84' title="bbox 1617 4029 2629 4106; baseline 0.015 -33"><span class='ocrx_word' id='word_1_482' title='bbox 1617 4029 1827 4093; x_wconf 76' lang='lat' dir='ltr'><strong>Telaque</strong></span> <span class='ocrx_word' id='word_1_483' title='bbox 1854 4032 2055 4090; x_wconf 77' lang='lat' dir='ltr'><strong>trabali,</strong></span> <span class='ocrx_word' id='word_1_484' title='bbox 2094 4031 2128 4082; x_wconf 95' lang='lat' dir='ltr'><strong>i.</strong></span> <span class='ocrx_word' id='word_1_485' title='bbox 2158 4051 2203 4084; x_wconf 92' lang='lat' dir='ltr'><strong>e.</strong></span> <span class='ocrx_word' id='word_1_486' title='bbox 2236 4031 2383 4086; x_wconf 75' lang='lat' dir='ltr'><strong>hasta</strong></span> <span class='ocrx_word' id='word_1_487' title='bbox 2422 4052 2629 4106; x_wconf 71' lang='lat' dir='ltr'><strong>magna.</strong></span> 
     </span>
     <span class='ocr_line' id='line_1_85' title="bbox 1610 4102 2203 4177; baseline 0.019 -25"><span class='ocrx_word' id='word_1_488' title='bbox 1610 4102 1763 4173; x_wconf 81' lang='lat' dir='ltr'><strong>Virg.</strong></span> <span class='ocrx_word' id='word_1_489' title='bbox 1784 4109 1907 4158; x_wconf 82' lang='lat' dir='ltr'><strong>AEn.</strong></span> <span class='ocrx_word' id='word_1_490' title='bbox 1926 4108 2028 4159; x_wconf 75' lang='lat' dir='ltr'><strong>xli</strong></span> <span class='ocrx_word' id='word_1_491' title='bbox 2044 4149 2059 4174; x_wconf 91' lang='lat'><strong>,</strong></span> <span class='ocrx_word' id='word_1_492' title='bbox 2088 4119 2203 4177; x_wconf 75' lang='lat'><strong>²94·</strong></span> 
     </span>
    </p>
   </div>
  </div>
 </body>
</html>
