2975 4684
785 313 1049 384 TEST.
1100 313 1233 382 DE
1290 312 1601 384 CORN.
1655 312 2076 382 SEVERO.
2415 337 2489 407 7¹

572 542 683 606 lv.
730 541 1037 624 Qmuwn..
1078 541 1313 606 Insnr.
1362 540 1572 605 Onu.
1617 562 1746 604 un.
1779 540 1878 622 X,
1917 562 2059 605 car.
2096 564 2152 621 1,
2195 539 2300 626 89.

452 717 800 782 Cornelius
850 733 1072 782 autem
1131 715 1405 782 Severus
1431 762 1451 798 ,
1511 715 1762 780 etiamsi
1811 712 2206 779 versificator
2223 761 2243 797 ,
2307 737 2500 803 quam

364 837 596 915 poeta,
626 823 879 906 melior,
917 823 974 888 si
1004 838 1223 888 tamen
1240 870 1259 905 ,
1295 837 1372 887 ut
1400 836 1501 886 est
1527 820 1777 886 dictum
1797 868 1816 904 ,
1845 819 1928 886 ad
1959 821 2284 909 exemplar
2309 821 2505 910 primi

368 930 517 994 libri
543 931 795 996 bellum
823 930 1115 996 Siculum
1140 929 1618 1019 perscripsisset
1632 976 1650 1011 ‚
1686 927 2045 993 vindicaret
2074 927 2197 992 sibi
2225 927 2369 1008 jure
2401 949 2505 992 se-

366 1035 663 1101 cundum
686 1036 934 1102 locum.
970 1035 1098 1101 Sed
1135 1058 1287 1101 eum
1319 1034 1761 1100 consummari
1795 1057 1972 1100 mors
1999 1034 2342 1100 immatura
2368 1055 2504 1097 non

366 1167 549 1231 passa
590 1160 727 1210 est:
772 1143 1045 1235 puerilia
1088 1159 1307 1208 tamen
1346 1143 1485 1224 ejus
1517 1166 1714 1232 opera
1743 1159 1810 1208 et
1839 1141 2184 1208 maximam
2215 1139 2505 1204 indolem

366 1249 759 1334 ostendunt,
800 1267 869 1318 et
906 1249 1353 1316 admirabilem
1367 1298 1388 1333 ‚
1447 1251 1773 1340 praecipue
1814 1249 1882 1314 in
1926 1264 2110 1314 aetate
2151 1247 2258 1312 illa
2276 1295 2296 1330 ,
2344 1245 2505 1312 recti

364 1359 619 1445 generis
645 1358 1068 1424 voluntatem.

612 1577 690 1642 V.
724 1576 925 1642 Plu-n.
966 1579 1275 1642 Canen-us
1294 1625 1315 1657 ‚
1363 1598 1449 1639 nn
1484 1575 1719 1640 Pon-ns
1763 1577 1922 1639 Lu.
1961 1596 2099 1639 cu.
2135 1597 2260 1638 xm.

452 1757 658 1821 Corn.
686 1757 959 1823 Severus
995 1757 1169 1823 inter
1196 1774 1421 1849 poetas
1452 1757 1672 1848 epicos
1705 1759 1947 1823 relatus
1975 1773 2075 1824 est
2102 1757 2187 1822 ab
2219 1759 2504 1848 antiquis

360 1845 761 1928 auctoribus.
795 1864 1071 1954 Ingenio
1115 1865 1246 1929 fuit
1286 1887 1525 1956 magno
1542 1913 1562 1949 ,
1591 1879 1657 1930 et
1694 1863 1766 1928 in
1805 1863 2166 1930 scribendis
2211 1865 2504 1931 versibus

360 1969 553 2034 facili.
582 1970 857 2034 Constat
885 1969 1189 2036 eumdem
1230 1970 1349 2037 diu
1394 1971 1597 2036 fuisse
1621 1987 1948 2036 versatum
1988 1971 2058 2034 in
2092 1970 2356 2062 agendis
2387 1971 2504 2037 de-

359 2074 885 2157 clamationibus,
914 2099 1045 2164 qua
1070 2077 1140 2140 in
1165 2099 1235 2141 re
1256 2077 1597 2166 ingenium
1618 2099 1813 2141 suum
1840 2091 2038 2165 atque
2064 2077 2500 2142 eruditionem

362 2179 642 2244 maxime
670 2178 987 2268 probavit.
1004 2227 1021 2244 .
1047 2228 1067 2245 .
1093 2228 1110 2245 .
1135 2228 1153 2244 .
1204 2183 1263 2246 A
1288 2181 1492 2245 Fabio
1523 2181 1930 2264 Quintiliano
1959 2179 2048 2244 ita
2080 2181 2502 2247 commenda-

361 2301 490 2366 tur,
517 2300 597 2349 ut
626 2283 1044 2371 versificator,
1072 2309 1270 2375 quam
1309 2303 1502 2376 poeta
1541 2287 1771 2352 melior
1804 2286 2066 2352 habitus
2103 2289 2205 2353 sit.
2234 2287 2504 2377 Scripsit

362 2389 535 2456 inter
562 2391 687 2456 alia
717 2391 925 2456 multa
955 2413 1126 2482 opus
1159 2389 1241 2457 de
1285 2390 1456 2457 bello
1492 2391 1740 2475 Siculo,
1783 2391 1964 2482 quod
1998 2393 2082 2458 ab
2121 2416 2202 2459 eo
2241 2394 2505 2460 absolu·

359 2512 503 2560 tum
531 2519 670 2561 non
701 2513 803 2562 est
840 2513 1111 2587 propter
1146 2497 1605 2586 importunum
1643 2497 1918 2564 obitum.
1934 2547 1952 2564 .
1979 2547 1996 2566 .
2022 2547 2039 2565 .
2067 2548 2084 2565 .
2115 2501 2506 2566 Afferuntur

357 2624 585 2667 versus
613 2605 812 2669 Corn.
848 2603 1067 2668 Severi
1108 2625 1146 2668 a
1192 2603 1430 2668 nostris
1462 2603 1944 2687 Grammaticis,
1978 2628 2056 2670 ex
2089 2587 2328 2694 quibus
2365 2603 2502 2670 col-

358 2711 469 2800 ligi
510 2725 764 2800 potest,
808 2725 1129 2798 quantum
1168 2711 1540 2800 praestiterit
1578 2711 1841 2801 ingenio
1891 2728 1959 2776 et
2009 2710 2323 2777 doctrina.
2340 2760 2357 2777 .
2385 2759 2402 2778 .
2428 2760 2444 2776 .
2474 2761 2490 2777 .

360 2817 465 2883 Ab
492 2819 745 2895 Annaeo
778 2816 1023 2883 Seneca
1058 2839 1452 2908 magnopere
1497 2815 2030 2883 commendatum
2067 2841 2326 2884 carmen
2370 2835 2502 2901 est,
2585 2821 2592 2828 ’

361 2923 429 2987 in
487 2947 623 3016 quo
679 2923 1009 3014 eleganter
1062 2921 1325 2990 deflevit
1375 2922 1715 2988 interitum
1768 2923 1864 2988 M.
1901 2923 2117 2990 Tullii.
2135 2971 2151 2987 .
2177 2971 2194 2988 .
2223 2972 2240 2988 .
2267 2970 2284 2989 .
2321 2922 2502 2988 Idem

360 3031 699 3096 Cornelius
735 3053 1001 3096 carmen
1032 3029 1190 3096 fecit
1219 3030 1301 3095 de
1324 3029 1524 3096 AEtna
1555 3047 1782 3096 monte
1803 3079 1822 3112 ,
1856 3030 1926 3094 in
1957 3052 2092 3118 quo
2125 3053 2259 3096 non
2287 3031 2506 3121 vulga-

360 3159 498 3202 rem
537 3135 797 3202 laudem
826 3151 1273 3224 consequutus
1302 3152 1402 3200 est
1418 3185 1437 3219 ,
1484 3158 1699 3225 quum·
1725 3137 1832 3200 alii
1861 3157 2126 3225 quoque
2161 3137 2231 3202 in
2276 3137 2503 3204 eadem

360 3243 626 3324 materia
652 3265 723 3308 se
750 3242 1192 3323 exercuerint,
1216 3257 1293 3306 ut
1319 3241 1712 3332 P.Virgilius
1752 3257 1822 3310 et
1854 3241 2146 3308 Ovidius.

384 3425 495 3492 Vl.
523 3428 663 3492 Lu..
691 3411 899 3492 Gaze..
930 3425 1313 3506 Grnnmns,
1349 3427 1622 3489 H1s‘ron.
1655 3425 1849 3490 Pom.
1878 3449 2052 3518 nur..
2077 3425 2195 3508 IV,
2235 3449 2290 3489 r.
2325 3424 2470 3490 233.

444 3609 793 3676 Cornelius
816 3608 1089 3674 Severus
1117 3623 1309 3698 poem
1332 3607 1459 3673 fuit
1478 3623 1547 3672 et
1571 3606 1965 3673 declamator
1994 3607 2311 3698 egregius.
2337 3609 2505 3674 Scri-

360 3718 485 3806 psit
530 3717 781 3781 bellum
825 3713 1150 3797 Siculum,
1196 3713 1377 3802 quod
1426 3712 1884 3803 imperfectum
1926 3714 2222 3802 reliquit,
2263 3715 2506 3803 impor-

360 3839 517 3888 tuna
546 3837 759 3888 morte
792 3821 1208 3911 interceptus.
1255 3821 1320 3884 Si
1365 3819 1542 3885 enim
1564 3867 1582 3903 ,
1631 3837 1708 3884 ut
1742 3822 1832 3886 ait
1873 3819 2148 3902 Fabius,
2192 3819 2504 3910 perficere

357 3929 712 4018 potuisset,
742 3927 977 3993 merito
1012 3928 1133 3992 sibi
1162 3924 1525 3992 secundum
1561 3927 1780 3992 locum
1811 3924 2219 3991 vindicasset.
2249 3928 2505 3993 Dicitur

364 4035 631 4126 insuper
653 4031 737 4099 de
756 4033 954 4100 AEtna
980 4049 1205 4099 monte
1227 4055 1487 4098 carmen
1516 4032 1962 4122 composuisse
1978 4081 2000 4115 ,
2021 4030 2200 4098 unde
2225 4034 2468 4098 factum
2489 4077 2507 4113 ,
