2975 4684
436 351 590 436 ,64
702 350 1098 420 TESTIM.
1152 348 1737 419 AUCTORUM
1803 348 1931 417 AC
1995 347 2409 415 JUDICIA

494 481 923 570 disceptatum
962 494 1207 570 arguat.
1243 478 1411 542 Sane
1442 498 1703 541 carmen
1736 491 1836 540 est
1869 476 2278 541 luculentum
2313 492 2380 539 et
2411 474 2626 539 erudi-

494 605 673 670 tum3
725 585 905 676 quod
962 585 1079 674 qui
1130 587 1338 674 leget,
1395 585 1664 648 fortasse
1715 582 1890 648 notis
1937 583 2096 648 meis
2152 583 2252 647 uti
2313 597 2381 645 et
2420 581 2627 661 juvari

492 695 753 781 poterit.

793 871 947 935 XII.-
995 872 1207 950 Imm,
1250 872 1613 934 Anvansan.
1649 889 1780 932 un.
1809 867 2055 948 XLIX,
2091 889 2234 930 cn».
2269 865 2332 930 6.

580 1057 750 1120 Male
806 1055 1281 1120 consuluerunt
1332 1052 1653 1134 judicium
1723 1075 1918 1116 suum
1984 1050 2225 1116 summi
2285 1049 2631 1138 scriptores

494 1180 731 1227 uostrae
758 1162 989 1242 aetatiS,
1023 1161 1137 1248 qui
1164 1183 1399 1248 poema
1434 1159 1516 1224 de
1549 1159 1748 1224 AEtna
1781 1175 2005 1223 monte
2027 1207 2046 1240 ,
2086 1155 2268 1246 quod
2303 1179 2456 1220 cum
2483 1155 2632 1221 Vir-

495 1270 650 1359 gilio
700 1267 805 1332 edi
856 1267 1196 1332 consuevit
1216 1315 1233 1348 ,
1286 1268 1479 1344 Corn.
1533 1266 1770 1330 Severo
1819 1264 2182 1329 adscribere
2234 1263 2630 1329 voluerunt:

494 1376 661 1439 male
699 1374 891 1438 etiam
934 1373 1097 1456 n05,'
1127 1374 1241 1461 qui
1283 1373 1343 1436 ei
1387 1373 1556 1437 aetati
1600 1388 1818 1435 tamen
1859 1369 2032 1434 idem
2077 1369 2228 1433 alibi
2278 1367 2635 1432 vindicavi-

496 1503 663 1565 muS,
698 1503 907 1570 quum
934 1496 1315 1568 argumenta
1344 1502 1474 1542 non
1513 1479 1642 1542 sint
1668 1477 1898 1560 futilia,
1930 1499 2072 1566 quae
2101 1475 2540 1540 Christianum
2574 1473 2634 1537 ei

494 1587 737 1675 scripto
782 1601 1116 1651 auctorem
1154 1586 1355 1651 velint
1399 1602 1680 1649 statuere
1701 1633 1720 1666 ‚
1748 1607 1893 1672 quae
1936 1582 2087 1647 alibi
2114 1579 2561 1670 producentur
2597 1602 2634 1642 a

497 1692 711 1757 nobis.

530 1905 711 1970 XIII.
736 1905 983 1968 But-ru.
1012 1927 1099 1968 AD
1126 1904 1373 1970 Caum.
1398 1906 1624 1968 Inru..
1655 1925 1738 1967 nn
1767 1926 1887 1967 rus
1911 1923 2296 1982 rammam,
2319 1923 2375 1964 Ρ.
2404 1903 2592 1978 1044.

586 2101 830 2168 Alludit
874 2103 1147 2190 scriptor
1189 2102 1400 2166 AEtnae
1420 2151 1437 2183 ,
1472 2105 1588 2191 qui
1635 2103 1836 2191 sty10‚
1873 2101 2170 2190 ingenio,
2208 2099 2633 2186 doctrinaque

496 2232 631 2272 non
668 2209 1023 2288 Severum,
1046 2209 1182 2272 non
1201 2209 1544 2298 Virgilium
1567 2256 1586 2290 ,
1619 2206 1734 2272 sed
1769 2231 1978 2273 unum
2017 2207 2318 2271 omnium
2354 2205 2630 2270 maxime

494 2315 694 2402 spirat
724 2313 1086 2378 Manilium.

542 2529 719 2593 XIV.
752 2530 957 2611 Imm,
986 2551 1054 2592 m
1088 2530 1530 2593 commun.
1561 2551 1649 2592 An
1679 2527 1830 2592 Par.
1857 2527 2042 2592 Sur.
2071 2527 2248 2592 δην.
2277 2528 2308 2590 Ι
2326 2575 2342 2608 ,
2377 2525 2450 2608 6,
2481 2528 2587 2603 41.

587 2740 848 2805 Poetice
880 2757 946 2804 et
989 2740 1315 2831 eleganter
1356 2741 1531 2806 idem
1565 2741 1796 2806 extulit
1825 2757 2052 2804 auctor
2077 2739 2323 2824 AEtnae‚
2365 2739 2634 2803 minime

498 2865 630 2912 tam
653 2863 945 2913 vetustus
968 2862 1217 2929 auctor,
1244 2870 1440 2935 quam
1476 2863 1744 2911 censent
1769 2846 2010 2911 summi
2035 2846 2269 2910 harum
2304 2846 2633 2910 literarum

501 2954 645 3036 viri,
676 2976 1003 3043 quemque
1040 2975 1175 3017 non
1201 2955 1385 3017 vanis
1412 2952 1802 3032 conjecturis
1835 2953 2063 3034 ducor,
2089 2968 2166 3016 ut
2192 2951 2632 3017 Christianum

496 3063 693 3126 fuisse
726 3061 1017 3142 credam3
1045 3084 1252 3149 quum
1285 3060 1612 3126 Bacchum
1645 3083 1766 3125 suo
1801 3059 1968 3149 pede
2001 3059 2258 3124 fluxisse
2288 3057 2472 3123 dicit:
2497 3060 2634 3123 Au·

494 3156 604 3231 νέα
654 3169 854 3232 securi
894 3169 1032 3256 quis
1085 3169 1276 3230 nescit
1322 3165 1562 3230 saecula
1597 3167 1833 3251 Regis?
1855 3181 1980 3231 etc.
2030 3166 2126 3229 Ita
2170 3163 2439 3255 legenda
2475 3181 2634 3230 sunt

496 3275 634 3339 haec
667 3273 827 3337 boni
864 3289 928 3336 et
964 3296 1100 3337 non
1127 3271 1331 3336 inflati
1362 3287 1570 3361 poetae
1595 3272 1824 3354 verba,
1853 3295 1988 3335 non
2020 3287 2236 3336 autem
2271 3272 2403 3335 ullo
2431 3271 2630 3336 modo

498 3380 782 3445 Cornelii
814 3381 1070 3461 Severi,
1092 3395 1168 3443 ut
1197 3403 1275 3444 ex
1306 3380 1566 3444 Senecae
1596 3380 1742 3444 loco
1776 3402 2003 3467 parum
2039 3396 2229 3444 caute
2257 3378 2633 3467 pronuntia-

494 3489 587 3553 vit
611 3487 929 3576 Iosephus
958 3487 1255 3576 Scaliger.
1280 3486 1458 3551 Nihil
1483 3487 1657 3550 enim
1682 3486 2054 3551 dissimilius
2071 3536 2088 3569 ,
2107 3504 2238 3551 tam
2262 3484 2345 3551 ad
2367 3485 2590 3575 poesin
2611 3498 2648 3568 ,'

492 3617 689 3683 quam
720 3592 803 3658 ad
834 3593 1299 3681 eloquentiam.
1531 3603 1546 3612 '

794 3795 938 3860 XV.
976 3797 1149 3859 Imm
1182 3818 1271 3859 An
1302 3797 1712 3862 Srnsl'msn.
1745 3799 1844 3878 X,
1871 3821 1999 3864 mn.
2030 3799 2126 3882 X,
2156 3820 2307 3885 911.

583 3984 827 4045 Auctor
856 3981 1070 4046 AEtnae
1105 3983 1373 4047 minime
1409 3985 1703 4075 gentium
1735 3987 1838 4049 vel
1864 3986 2207 4074 Virgilius,
2232 3987 2333 4050 vel
2367 3987 2626 4051 Cornel.

492 4085 765 4152 Severus
786 4135 804 4168 ,
843 4086 1137 4176 adeoque
1182 4105 1257 4154 ut
1297 4111 1531 4177 parum
1575 4091 1778 4174 absit,
1807 4092 1966 4179 quin
1999 4092 2402 4158 Christianus
2431 4091 2629 4156 fuisse
