<?xml version="1.0" encoding="UTF-8"?>
<!DOCTYPE html PUBLIC "-//W3C//DTD XHTML 1.0 Transitional//EN"
    "http://www.w3.org/TR/xhtml1/DTD/xhtml1-transitional.dtd">
<html xmlns="http://www.w3.org/1999/xhtml" xml:lang="en" lang="en">
 <head>
  <title>
</title>
<meta http-equiv="Content-Type" content="text/html;charset=utf-8" />
  <meta name='ocr-system' content='tesseract 3.04.00' />
  <meta name='ocr-capabilities' content='ocr_page ocr_carea ocr_par ocr_line ocrx_word'/>
</head>
<body>
  <div class='ocr_page' id='page_1' title='image "./poetaelatinimin00unkngoog_0330.png"; bbox 0 0 2975 4684; ppageno 0'>
   <div class='ocr_carea' id='block_1_1' title="bbox 843 401 2001 478">
    <p class='ocr_par' dir='ltr' id='par_1_1' title="bbox 843 401 2001 478">
     <span class='ocr_line' id='line_1_1' title="bbox 843 401 2001 478; baseline 0.005 -8"><span class='ocrx_word' id='word_1_1' title='bbox 843 401 1212 470; x_wconf 92' lang='lat' dir='ltr'>VOTUM</span> <span class='ocrx_word' id='word_1_2' title='bbox 1277 402 1416 471; x_wconf 89' lang='lat' dir='ltr'>AD</span> <span class='ocrx_word' id='word_1_3' title='bbox 1473 406 2001 478; x_wconf 86' lang='lat' dir='ltr'>OCEANUM.</span> 
     </span>
    </p>
   </div>
   <div class='ocr_carea' id='block_1_2' title="bbox 438 521 2485 1722">
    <p class='ocr_par' dir='ltr' id='par_1_2' title="bbox 449 521 2193 729">
     <span class='ocr_line' id='line_1_2' title="bbox 452 521 2193 624; baseline 0.006 -32"><span class='ocrx_word' id='word_1_4' title='bbox 452 525 547 592; x_wconf 88' lang='lat' dir='ltr'>Te</span> <span class='ocrx_word' id='word_1_5' title='bbox 579 537 844 621; x_wconf 83' lang='lat' dir='ltr'>potant</span> <span class='ocrx_word' id='word_1_6' title='bbox 877 521 1126 610; x_wconf 77' lang='lat' dir='ltr'>nubeS‚</span> <span class='ocrx_word' id='word_1_7' title='bbox 1155 538 1235 594; x_wconf 88' lang='lat' dir='ltr'>ut</span> <span class='ocrx_word' id='word_1_8' title='bbox 1265 523 1549 596; x_wconf 83' lang='lat' dir='ltr'><strong>reddant</strong></span> <span class='ocrx_word' id='word_1_9' title='bbox 1579 527 1884 624; x_wconf 84' lang='lat' dir='ltr'>frugibus</span> <span class='ocrx_word' id='word_1_10' title='bbox 1912 533 2193 622; x_wconf 80' lang='lat' dir='ltr'>imbres3</span> 
     </span>
     <span class='ocr_line' id='line_1_3' title="bbox 449 633 1808 729; baseline 0.004 -26"><span class='ocrx_word' id='word_1_11' title='bbox 449 635 854 729; x_wconf 85' lang='lat' dir='ltr'>Cyaneoque</span> <span class='ocrx_word' id='word_1_12' title='bbox 891 634 1043 704; x_wconf 89' lang='lat' dir='ltr'>sinu</span> <span class='ocrx_word' id='word_1_13' title='bbox 1084 633 1226 704; x_wconf 80' lang='lat' dir='ltr'>caeli</span> <span class='ocrx_word' id='word_1_14' title='bbox 1270 649 1346 703; x_wconf 90' lang='lat' dir='ltr'>tu</span> <span class='ocrx_word' id='word_1_15' title='bbox 1379 635 1621 711; x_wconf 83' lang='lat' dir='ltr'>diceris</span> <span class='ocrx_word' id='word_1_16' title='bbox 1658 664 1808 708; x_wconf 86' lang='lat' dir='ltr'>oras</span> 
     </span>
    </p>

    <p class='ocr_par' dir='ltr' id='par_1_3' title="bbox 449 744 2112 845">
     <span class='ocr_line' id='line_1_4' title="bbox 449 744 2112 845; baseline 0.005 -32"><span class='ocrx_word' id='word_1_17' title='bbox 449 744 760 813; x_wconf 84' lang='lat' dir='ltr'>Partibus</span> <span class='ocrx_word' id='word_1_18' title='bbox 791 758 858 815; x_wconf 89' lang='lat' dir='ltr'>et</span> <span class='ocrx_word' id='word_1_19' title='bbox 892 745 1152 814; x_wconf 88' lang='lat' dir='ltr'>cunctis</span> <span class='ocrx_word' id='word_1_20' title='bbox 1183 751 1535 816; x_wconf 83' lang='lat' dir='ltr'>immenso</span> <span class='ocrx_word' id='word_1_21' title='bbox 1568 749 1838 845; x_wconf 84' lang='lat' dir='ltr'>cingere</span> <span class='ocrx_word' id='word_1_22' title='bbox 1870 775 2069 822; x_wconf 81' lang='lat' dir='ltr'>nexu.</span> <span class='ocrx_word' id='word_1_23' title='bbox 2104 785 2112 790; x_wconf 91' lang='lat'>·</span> 
     </span>
    </p>

    <p class='ocr_par' dir='ltr' id='par_1_4' title="bbox 449 852 2147 1170">
     <span class='ocr_line' id='line_1_5' title="bbox 451 852 2011 954; baseline 0.006 -33"><span class='ocrx_word' id='word_1_24' title='bbox 451 855 556 922; x_wconf 92' lang='lat' dir='ltr'>Tu</span> <span class='ocrx_word' id='word_1_25' title='bbox 588 852 790 923; x_wconf 80' lang='lat' dir='ltr'>fessos</span> <span class='ocrx_word' id='word_1_26' title='bbox 824 854 1062 924; x_wconf 86' lang='lat' dir='ltr'>Phoebi</span> <span class='ocrx_word' id='word_1_27' title='bbox 1096 853 1316 924; x_wconf 87' lang='lat' dir='ltr'>reficis</span> <span class='ocrx_word' id='word_1_28' title='bbox 1344 858 1400 925; x_wconf 87' lang='lat' dir='ltr'>si</span> <span class='ocrx_word' id='word_1_29' title='bbox 1443 860 1711 954; x_wconf 81' lang='lat' dir='ltr'><strong>gurgite</strong></span> <span class='ocrx_word' id='word_1_30' title='bbox 1746 885 2011 949; x_wconf 64' lang='grc' dir='ltr'>ουτως,</span> 
     </span>
     <span class='ocr_line' id='line_1_6' title="bbox 449 963 2067 1060; baseline 0.005 -26"><span class='ocrx_word' id='word_1_31' title='bbox 449 963 938 1060; x_wconf 84' lang='lat' dir='ltr'>Exhaustisque</span> <span class='ocrx_word' id='word_1_32' title='bbox 975 965 1084 1035; x_wconf 86' lang='lat' dir='ltr'>die</span> <span class='ocrx_word' id='word_1_33' title='bbox 1113 965 1318 1036; x_wconf 79' lang='lat' dir='ltr'>radiis</span> <span class='ocrx_word' id='word_1_34' title='bbox 1345 965 1661 1038; x_wconf 87' lang='lat' dir='ltr'>alimenta</span> <span class='ocrx_word' id='word_1_35' title='bbox 1696 971 2067 1060; x_wconf 87' lang='lat' dir='ltr'>ministras,</span> 
     </span>
     <span class='ocr_line' id='line_1_7' title="bbox 451 1074 2147 1170; baseline 0.006 -28"><span class='ocrx_word' id='word_1_36' title='bbox 451 1074 790 1144; x_wconf 81' lang='lat' dir='ltr'><strong>Gentibus</strong></span> <span class='ocrx_word' id='word_1_37' title='bbox 824 1090 902 1144; x_wconf 90' lang='lat' dir='ltr'>ut</span> <span class='ocrx_word' id='word_1_38' title='bbox 931 1075 1188 1144; x_wconf 84' lang='lat' dir='ltr'>clarum</span> <span class='ocrx_word' id='word_1_39' title='bbox 1222 1075 1468 1146; x_wconf 83' lang='lat' dir='ltr'>referat</span> <span class='ocrx_word' id='word_1_40' title='bbox 1500 1077 1615 1148; x_wconf 88' lang='lat' dir='ltr'>lux</span> <span class='ocrx_word' id='word_1_41' title='bbox 1650 1104 1853 1150; x_wconf 84' lang='lat' dir='ltr'>aurea</span> <span class='ocrx_word' id='word_1_42' title='bbox 1885 1081 2147 1170; x_wconf 80' lang='lat' dir='ltr'>Solem3</span> 
     </span>
    </p>

    <p class='ocr_par' dir='ltr' id='par_1_5' title="bbox 438 1185 2485 1722">
     <span class='ocr_line' id='line_1_8' title="bbox 451 1185 2341 1288; baseline 0.006 -34"><span class='ocrx_word' id='word_1_43' title='bbox 451 1185 522 1254; x_wconf 88' lang='lat' dir='ltr'>Si</span> <span class='ocrx_word' id='word_1_44' title='bbox 554 1210 772 1276; x_wconf 84' lang='lat' dir='ltr'>mare,</span> <span class='ocrx_word' id='word_1_45' title='bbox 803 1188 858 1254; x_wconf 90' lang='lat' dir='ltr'>si</span> <span class='ocrx_word' id='word_1_46' title='bbox 903 1201 1148 1274; x_wconf 71' lang='lat' dir='ltr'>terrae,</span> <span class='ocrx_word' id='word_1_47' title='bbox 1179 1185 1446 1275; x_wconf 85' lang='lat' dir='ltr'>caelum,</span> <span class='ocrx_word' id='word_1_48' title='bbox 1483 1189 1949 1286; x_wconf 89' lang='lat' dir='ltr'>mundumque</span> <span class='ocrx_word' id='word_1_49' title='bbox 1977 1195 2341 1288; x_wconf 83' lang='lat' dir='ltr'>gubernas,</span> 
     </span>
     <span class='ocr_line' id='line_1_9' title="bbox 447 1297 2324 1395; baseline 0.006 -31"><span class='ocrx_word' id='word_1_50' title='bbox 447 1297 564 1364; x_wconf 89' lang='lat' dir='ltr'>Me</span> <span class='ocrx_word' id='word_1_51' title='bbox 595 1320 863 1390; x_wconf 90' lang='lat' dir='ltr'>quoque</span> <span class='ocrx_word' id='word_1_52' title='bbox 905 1313 1304 1366; x_wconf 86' lang='lat' dir='ltr'>cunctorum</span> <span class='ocrx_word' id='word_1_53' title='bbox 1337 1313 1629 1391; x_wconf 83' lang='lat' dir='ltr'>partem,</span> <span class='ocrx_word' id='word_1_54' title='bbox 1665 1302 2099 1388; x_wconf 71' lang='lat' dir='ltr'>venerabiliS,</span> <span class='ocrx_word' id='word_1_55' title='bbox 2128 1306 2324 1395; x_wconf 85' lang='lat' dir='ltr'>audi,</span> 
     </span>
     <span class='ocr_line' id='line_1_10' title="bbox 445 1388 2363 1508; baseline 0.007 -34"><span class='ocrx_word' id='word_1_56' title='bbox 445 1403 643 1474; x_wconf 85' lang='lat' dir='ltr'>Alme</span> <span class='ocrx_word' id='word_1_57' title='bbox 678 1431 918 1501; x_wconf 86' lang='lat' dir='ltr'>parens</span> <span class='ocrx_word' id='word_1_58' title='bbox 957 1432 1219 1494; x_wconf 89' lang='lat' dir='ltr'>rerum,</span> <span class='ocrx_word' id='word_1_59' title='bbox 1248 1388 1528 1503; x_wconf 76' lang='lat' dir='ltr'>su&#39;pplex</span> <span class='ocrx_word' id='word_1_60' title='bbox 1559 1436 1833 1506; x_wconf 81' lang='lat' dir='ltr'>precor:</span> <span class='ocrx_word' id='word_1_61' title='bbox 1864 1437 2027 1508; x_wconf 87' lang='lat' dir='ltr'>ergo</span> <span class='ocrx_word' id='word_1_62' title='bbox 2068 1418 2363 1487; x_wconf 85' lang='lat' dir='ltr'>carinam</span> 
     </span>
     <span class='ocr_line' id='line_1_11' title="bbox 445 1521 2485 1623; baseline 0.006 -35"><span class='ocrx_word' id='word_1_63' title='bbox 445 1522 815 1592; x_wconf 79' lang='lat' dir='ltr'>Conserves</span> <span class='ocrx_word' id='word_1_64' title='bbox 834 1574 853 1611; x_wconf 89' lang='lat'>‚</span> <span class='ocrx_word' id='word_1_65' title='bbox 895 1521 1304 1617; x_wconf 88' lang='lat' dir='ltr'>ubicumque</span> <span class='ocrx_word' id='word_1_66' title='bbox 1341 1537 1462 1592; x_wconf 91' lang='lat' dir='ltr'>tuo</span> <span class='ocrx_word' id='word_1_67' title='bbox 1503 1529 1919 1596; x_wconf 83' lang='lat' dir='ltr'>committere</span> <span class='ocrx_word' id='word_1_68' title='bbox 1952 1545 2165 1623; x_wconf 88' lang='lat' dir='ltr'>ponto</span> <span class='ocrx_word' id='word_1_69' title='bbox 2440 1559 2485 1601; x_wconf 67' lang='grc' dir='ltr'>ιε»</span> 
     </span>
     <span class='ocr_line' id='line_1_12' title="bbox 438 1633 2340 1722; baseline 0.007 -22"><span class='ocrx_word' id='word_1_70' title='bbox 438 1633 634 1701; x_wconf 88' lang='lat' dir='ltr'>Hane</span> <span class='ocrx_word' id='word_1_71' title='bbox 667 1633 960 1703; x_wconf 86' lang='lat' dir='ltr'>animam</span> <span class='ocrx_word' id='word_1_72' title='bbox 979 1685 1000 1720; x_wconf 87' lang='lat'><strong>,</strong></span> <span class='ocrx_word' id='word_1_73' title='bbox 1037 1634 1323 1702; x_wconf 87' lang='lat' dir='ltr'>transire</span> <span class='ocrx_word' id='word_1_74' title='bbox 1329 1634 1653 1722; x_wconf 82' lang='lat' dir='ltr'>fretum,</span> <span class='ocrx_word' id='word_1_75' title='bbox 1696 1637 2067 1710; x_wconf 87' lang='lat' dir='ltr'>discurrere</span> <span class='ocrx_word' id='word_1_76' title='bbox 2106 1665 2340 1713; x_wconf 89' lang='lat' dir='ltr'>cursus</span> 
     </span>
    </p>
   </div>
   <div class='ocr_carea' id='block_1_3' title="bbox 2347 413 2477 486">
    <p class='ocr_par' dir='ltr' id='par_1_6' title="bbox 2347 413 2477 486">
     <span class='ocr_line' id='line_1_13' title="bbox 2347 413 2477 486; baseline 0.015 -2"><span class='ocrx_word' id='word_1_77' title='bbox 2347 413 2477 486; x_wconf 82' lang='lat'>321</span> 
     </span>
    </p>
   </div>
   <div class='ocr_carea' id='block_1_4' title="bbox 334 1845 2485 2494">
    <p class='ocr_par' dir='ltr' id='par_1_7' title="bbox 335 1845 2485 2176">
     <span class='ocr_line' id='line_1_14' title="bbox 341 1845 2485 1940; baseline 0.006 -43"><span class='ocrx_word' id='word_1_78' title='bbox 341 1845 522 1900; x_wconf 80' lang='lat' dir='ltr'>omnia</span> <span class='ocrx_word' id='word_1_79' title='bbox 559 1861 626 1898; x_wconf 71' lang='lat' dir='ltr'>ex</span> <span class='ocrx_word' id='word_1_80' title='bbox 665 1863 732 1900; x_wconf 85' lang='lat' dir='ltr'>eo</span> <span class='ocrx_word' id='word_1_81' title='bbox 767 1847 1038 1912; x_wconf 81' lang='lat' dir='ltr'>oriantur,</span> <span class='ocrx_word' id='word_1_82' title='bbox 1080 1845 1242 1918; x_wconf 84' lang='lat' dir='ltr'>idque</span> <span class='ocrx_word' id='word_1_83' title='bbox 1277 1845 1377 1898; x_wconf 79' lang='lat' dir='ltr'>ba·</span> <span class='ocrx_word' id='word_1_84' title='bbox 1459 1858 1579 1925; x_wconf 60' lang='lat'><em>3220,</em></span> <span class='ocrx_word' id='word_1_85' title='bbox 1618 1857 1723 1912; x_wconf 68' lang='lat' dir='ltr'>sed</span> <span class='ocrx_word' id='word_1_86' title='bbox 1757 1860 2093 1915; x_wconf 64' lang='lat' dir='ltr'>retinendum</span> <span class='ocrx_word' id='word_1_87' title='bbox 2124 1867 2171 1914; x_wconf 67' lang='grc' dir='ltr'>,η’</span> <span class='ocrx_word' id='word_1_88' title='bbox 2186 1865 2385 1934; x_wconf 56' lang='grc' dir='ltr'>ειη-εις,</span> <span class='ocrx_word' id='word_1_89' title='bbox 2402 1871 2485 1940; x_wconf 71' lang='lat' dir='ltr'>ju.</span> 
     </span>
     <span class='ocr_line' id='line_1_15' title="bbox 338 1925 2480 2010; baseline 0.01 -31"><span class='ocrx_word' id='word_1_90' title='bbox 338 1927 470 1980; x_wconf 84' lang='lat' dir='ltr'>bent</span> <span class='ocrx_word' id='word_1_91' title='bbox 493 1927 564 1980; x_wconf 76' lang='lat' dir='ltr'>ab</span> <span class='ocrx_word' id='word_1_92' title='bbox 579 1926 947 2010; x_wconf 50' lang='lat' dir='ltr'>Horum-oqui</span> <span class='ocrx_word' id='word_1_93' title='bbox 969 1929 1036 1981; x_wconf 88' lang='lat'>11.</span> <span class='ocrx_word' id='word_1_94' title='bbox 1057 1927 1208 1994; x_wconf 80' lang='lat' dir='ltr'>XXI,</span> <span class='ocrx_word' id='word_1_95' title='bbox 1231 1925 1370 1994; x_wconf 79' lang='lat'>195:</span> <span class='ocrx_word' id='word_1_96' title='bbox 1461 1936 1591 1990; x_wconf 85' lang='lat' dir='ltr'>bent</span> <span class='ocrx_word' id='word_1_97' title='bbox 1614 1940 1885 2010; x_wconf 81' lang='lat' dir='ltr'>sequentia</span> <span class='ocrx_word' id='word_1_98' title='bbox 1903 1977 1920 2004; x_wconf 88' lang='lat'>,</span> <span class='ocrx_word' id='word_1_99' title='bbox 1958 1943 2006 1991; x_wconf 79' lang='lat' dir='ltr'>si</span> <span class='ocrx_word' id='word_1_100' title='bbox 2037 1961 2201 2003; x_wconf 76' lang='lat' dir='ltr'>mare,</span> <span class='ocrx_word' id='word_1_101' title='bbox 2231 1947 2279 1994; x_wconf 74' lang='lat' dir='ltr'>si</span> <span class='ocrx_word' id='word_1_102' title='bbox 2307 1960 2480 2006; x_wconf 74' lang='lat' dir='ltr'>ten-as.</span> 
     </span>
     <span class='ocr_line' id='line_1_16' title="bbox 339 1993 2477 2090; baseline 0.008 -28"><span class='ocrx_word' id='word_1_103' title='bbox 339 2011 474 2080; x_wconf 69' lang='grc' dir='ltr'><strong>μέγα.</strong></span> <span class='ocrx_word' id='word_1_104' title='bbox 523 2011 688 2071; x_wconf 69' lang='grc' dir='ltr'><strong>σθένος</strong></span> <span class='ocrx_word' id='word_1_105' title='bbox 740 2013 980 2063; x_wconf 73' lang='grc' dir='ltr'><strong>Ωκεανοῖο</strong></span> <span class='ocrx_word' id='word_1_106' title='bbox 998 2048 1016 2074; x_wconf 84' lang='grc'><em>,</em></span> <span class='ocrx_word' id='word_1_107' title='bbox 1053 1993 1122 2074; x_wconf 61' lang='grc' dir='ltr'>ἑξ</span> <span class='ocrx_word' id='word_1_108' title='bbox 1172 2002 1222 2062; x_wconf 76' lang='grc' dir='ltr'>οὗ</span> <span class='ocrx_word' id='word_1_109' title='bbox 1273 2025 1366 2079; x_wconf 73' lang='grc' dir='ltr'>περ</span> <span class='ocrx_word' id='word_1_110' title='bbox 1459 2015 1713 2070; x_wconf 84' lang='lat' dir='ltr'>Similiter</span> <span class='ocrx_word' id='word_1_111' title='bbox 1732 2017 1959 2071; x_wconf 78' lang='lat' dir='ltr'>Ovidius</span> <span class='ocrx_word' id='word_1_112' title='bbox 1978 2059 1995 2084; x_wconf 91' lang='lat'><strong>,</strong></span> <span class='ocrx_word' id='word_1_113' title='bbox 2035 2019 2161 2074; x_wconf 79' lang='lat' dir='ltr'>Met.</span> <span class='ocrx_word' id='word_1_114' title='bbox 2194 2022 2293 2090; x_wconf 86' lang='lat' dir='ltr'>IV,</span> <span class='ocrx_word' id='word_1_115' title='bbox 2334 2026 2436 2079; x_wconf 75' lang='lat'>632</span> <span class='ocrx_word' id='word_1_116' title='bbox 2460 2043 2477 2081; x_wconf 72' lang='grc' dir='ltr'><strong><em>τ</em></strong></span> 
     </span>
     <span class='ocr_line' id='line_1_17' title="bbox 335 2089 2478 2176; baseline 0.007 -34"><span class='ocrx_word' id='word_1_117' title='bbox 335 2089 526 2152; x_wconf 71' lang='grc' dir='ltr'>πάντες</span> <span class='ocrx_word' id='word_1_118' title='bbox 553 2089 805 2162; x_wconf 74' lang='grc' dir='ltr'>ποταμοὶ,</span> <span class='ocrx_word' id='word_1_119' title='bbox 831 2091 915 2144; x_wconf 77' lang='grc' dir='ltr'>καὶ</span> <span class='ocrx_word' id='word_1_120' title='bbox 941 2092 1090 2143; x_wconf 77' lang='grc' dir='ltr'>πᾶσα</span> <span class='ocrx_word' id='word_1_121' title='bbox 1117 2089 1363 2142; x_wconf 69' lang='grc' dir='ltr'>θάλασσα.</span> <span class='ocrx_word' id='word_1_122' title='bbox 1457 2121 1484 2142; x_wconf 63' lang='grc' dir='ltr'><strong><em>α</em></strong></span> <span class='ocrx_word' id='word_1_123' title='bbox 1504 2107 1729 2168; x_wconf 82' lang='lat' dir='ltr'>pontus,</span> <span class='ocrx_word' id='word_1_124' title='bbox 1744 2097 1839 2170; x_wconf 83' lang='lat' dir='ltr'>qui</span> <span class='ocrx_word' id='word_1_125' title='bbox 1864 2097 1997 2153; x_wconf 80' lang='lat' dir='ltr'>Solis</span> <span class='ocrx_word' id='word_1_126' title='bbox 2018 2100 2223 2154; x_wconf 83' lang='lat' dir='ltr'>anhelis</span> <span class='ocrx_word' id='word_1_127' title='bbox 2242 2105 2478 2176; x_wconf 75' lang='lat' dir='ltr'>AEquora</span> 
     </span>
    </p>

    <p class='ocr_par' dir='ltr' id='par_1_8' title="bbox 334 2166 2475 2494">
     <span class='ocr_line' id='line_1_18' title="bbox 410 2166 2475 2253; baseline 0.009 -35"><span class='ocrx_word' id='word_1_128' title='bbox 410 2169 465 2220; x_wconf 87' lang='lat'>6.</span> <span class='ocrx_word' id='word_1_129' title='bbox 503 2171 570 2219; x_wconf 77' lang='lat' dir='ltr'>Te</span> <span class='ocrx_word' id='word_1_130' title='bbox 587 2181 770 2236; x_wconf 76' lang='lat' dir='ltr'>potant</span> <span class='ocrx_word' id='word_1_131' title='bbox 795 2171 962 2220; x_wconf 78' lang='lat' dir='ltr'>nubes.</span> <span class='ocrx_word' id='word_1_132' title='bbox 989 2166 1076 2222; x_wconf 80' lang='lat' dir='ltr'>sic</span> <span class='ocrx_word' id='word_1_133' title='bbox 1105 2167 1370 2239; x_wconf 60' lang='lat' dir='ltr'>explicate</span> <span class='ocrx_word' id='word_1_134' title='bbox 1455 2175 1637 2228; x_wconf 88' lang='lat' dir='ltr'>subdit</span> <span class='ocrx_word' id='word_1_135' title='bbox 1654 2177 1805 2248; x_wconf 83' lang='lat' dir='ltr'>equis</span> <span class='ocrx_word' id='word_1_136' title='bbox 1826 2189 1879 2230; x_wconf 88' lang='lat' dir='ltr'>et</span> <span class='ocrx_word' id='word_1_137' title='bbox 1899 2178 2062 2232; x_wconf 83' lang='lat' dir='ltr'>fessos</span> <span class='ocrx_word' id='word_1_138' title='bbox 2079 2180 2275 2253; x_wconf 84' lang='lat' dir='ltr'>excipit</span> <span class='ocrx_word' id='word_1_139' title='bbox 2294 2201 2421 2238; x_wconf 83' lang='lat' dir='ltr'>axes</span> <span class='ocrx_word' id='word_1_140' title='bbox 2432 2211 2475 2240; x_wconf 69' lang='lat' dir='ltr'>n.</span> 
     </span>
     <span class='ocr_line' id='line_1_19' title="bbox 335 2243 2474 2333; baseline 0.011 -37"><span class='ocrx_word' id='word_1_141' title='bbox 335 2243 482 2298; x_wconf 80' lang='lat' dir='ltr'>malo</span> <span class='ocrx_word' id='word_1_142' title='bbox 505 2245 877 2333; x_wconf 61' lang='lat' dir='ltr'>‹to-inpendium</span> <span class='ocrx_word' id='word_1_143' title='bbox 901 2246 1176 2319; x_wconf 68' lang='lat' dir='ltr'>scripture</span> <span class='ocrx_word' id='word_1_144' title='bbox 1193 2247 1249 2299; x_wconf 80' lang='lat' dir='ltr'>in</span> <span class='ocrx_word' id='word_1_145' title='bbox 1275 2263 1364 2298; x_wconf 75' lang='lat'>00·</span> <span class='ocrx_word' id='word_1_146' title='bbox 1524 2273 1603 2310; x_wconf 77' lang='grc' dir='ltr'>πο.</span> <span class='ocrx_word' id='word_1_147' title='bbox 1617 2259 1870 2309; x_wconf 78' lang='lat' dir='ltr'>Alimenta</span> <span class='ocrx_word' id='word_1_148' title='bbox 1885 2261 2153 2312; x_wconf 71' lang='lat' dir='ltr'>ntinistms.</span> <span class='ocrx_word' id='word_1_149' title='bbox 2176 2261 2474 2318; x_wconf 77' lang='lat' dir='ltr'>Credebant</span> 
     </span>
     <span class='ocr_line' id='line_1_20' title="bbox 334 2334 2469 2410; baseline 0.003 -21"><span class='ocrx_word' id='word_1_150' title='bbox 334 2335 456 2389; x_wconf 88' lang='lat' dir='ltr'>dice</span> <span class='ocrx_word' id='word_1_151' title='bbox 479 2341 704 2406; x_wconf 80' lang='lat' dir='ltr'>Tepeant,</span> <span class='ocrx_word' id='word_1_152' title='bbox 723 2355 884 2410; x_wconf 81' lang='lat' dir='ltr'>quam</span> <span class='ocrx_word' id='word_1_153' title='bbox 905 2378 922 2403; x_wconf 91' lang='lat'><strong>,</strong></span> <span class='ocrx_word' id='word_1_154' title='bbox 941 2334 1214 2408; x_wconf 87' lang='lat' dir='ltr'>quomodo</span> <span class='ocrx_word' id='word_1_155' title='bbox 1232 2336 1362 2390; x_wconf 86' lang='lat' dir='ltr'>Bur·</span> <span class='ocrx_word' id='word_1_156' title='bbox 1447 2337 1649 2389; x_wconf 74' lang='lat' dir='ltr'>veteres</span> <span class='ocrx_word' id='word_1_157' title='bbox 1670 2335 1884 2410; x_wconf 75' lang='lat' dir='ltr'>physici</span> <span class='ocrx_word' id='word_1_158' title='bbox 1901 2337 2023 2390; x_wconf 84' lang='lat' dir='ltr'>solis</span> <span class='ocrx_word' id='word_1_159' title='bbox 2050 2349 2208 2410; x_wconf 79' lang='lat' dir='ltr'>atque</span> <span class='ocrx_word' id='word_1_160' title='bbox 2234 2339 2469 2396; x_wconf 81' lang='lat' dir='ltr'>siderum</span> 
     </span>
     <span class='ocr_line' id='line_1_21' title="bbox 335 2414 2471 2494; baseline 0.003 -26"><span class='ocrx_word' id='word_1_161' title='bbox 335 2435 564 2469; x_wconf 83' lang='lat' dir='ltr'>mannus</span> <span class='ocrx_word' id='word_1_162' title='bbox 590 2415 785 2482; x_wconf 79' lang='lat' dir='ltr'>voluit,</span> <span class='ocrx_word' id='word_1_163' title='bbox 816 2421 884 2468; x_wconf 81' lang='lat' dir='ltr'>Te</span> <span class='ocrx_word' id='word_1_164' title='bbox 911 2431 1190 2484; x_wconf 64' lang='lat' dir='ltr'>penetrant.</span> <span class='ocrx_word' id='word_1_165' title='bbox 1237 2415 1359 2470; x_wconf 81' lang='lat' dir='ltr'>Non</span> <span class='ocrx_word' id='word_1_166' title='bbox 1448 2414 1595 2486; x_wconf 84' lang='lat' dir='ltr'>ignes</span> <span class='ocrx_word' id='word_1_167' title='bbox 1616 2415 1769 2488; x_wconf 88' lang='lat' dir='ltr'>aquis</span> <span class='ocrx_word' id='word_1_168' title='bbox 1795 2427 1847 2468; x_wconf 93' lang='lat' dir='ltr'>et</span> <span class='ocrx_word' id='word_1_169' title='bbox 1866 2415 2183 2471; x_wconf 73' lang='lat' dir='ltr'>humoribus</span> <span class='ocrx_word' id='word_1_170' title='bbox 2201 2431 2354 2474; x_wconf 72' lang='lat' dir='ltr'>terrie</span> <span class='ocrx_word' id='word_1_171' title='bbox 2374 2441 2471 2494; x_wconf 79' lang='lat' dir='ltr'>pa·</span> 
     </span>
    </p>
   </div>
   <div class='ocr_carea' id='block_1_5' title="bbox 333 2495 1356 2647">
    <p class='ocr_par' dir='ltr' id='par_1_9' title="bbox 333 2495 1356 2647">
     <span class='ocr_line' id='line_1_22' title="bbox 337 2495 1356 2572; baseline -0.002 -23"><span class='ocrx_word' id='word_1_172' title='bbox 337 2495 478 2550; x_wconf 84' lang='lat' dir='ltr'>enim</span> <span class='ocrx_word' id='word_1_173' title='bbox 515 2507 798 2572; x_wconf 82' lang='lat' dir='ltr'>penetrant</span> <span class='ocrx_word' id='word_1_174' title='bbox 833 2497 1003 2549; x_wconf 88' lang='lat' dir='ltr'>nubes</span> <span class='ocrx_word' id='word_1_175' title='bbox 1039 2497 1316 2550; x_wconf 82' lang='lat' dir='ltr'>Oceanum</span> <span class='ocrx_word' id='word_1_176' title='bbox 1340 2535 1356 2564; x_wconf 89' lang='lat'>‚</span> 
     </span>
     <span class='ocr_line' id='line_1_23' title="bbox 333 2574 1355 2647; baseline 0.001 -19"><span class='ocrx_word' id='word_1_177' title='bbox 333 2574 428 2628; x_wconf 87' lang='lat' dir='ltr'>sed</span> <span class='ocrx_word' id='word_1_178' title='bbox 445 2575 626 2630; x_wconf 84' lang='lat' dir='ltr'>bibere</span> <span class='ocrx_word' id='word_1_179' title='bbox 635 2575 720 2629; x_wconf 76' lang='lat' dir='ltr'>vel</span> <span class='ocrx_word' id='word_1_180' title='bbox 743 2589 924 2647; x_wconf 77' lang='lat' dir='ltr'>potare</span> <span class='ocrx_word' id='word_1_181' title='bbox 940 2575 1211 2642; x_wconf 86' lang='lat' dir='ltr'>dicuntur,</span> <span class='ocrx_word' id='word_1_182' title='bbox 1227 2575 1282 2628; x_wconf 83' lang='lat' dir='ltr'>h.</span> <span class='ocrx_word' id='word_1_183' title='bbox 1306 2593 1355 2629; x_wconf 88' lang='lat' dir='ltr'>e.</span> 
     </span>
    </p>
   </div>
   <div class='ocr_carea' id='block_1_6' title="bbox 331 2653 1362 2726">
    <p class='ocr_par' dir='ltr' id='par_1_10' title="bbox 331 2653 1362 2726">
     <span class='ocr_line' id='line_1_24' title="bbox 331 2653 1362 2726; baseline 0 -18"><span class='ocrx_word' id='word_1_184' title='bbox 331 2655 550 2708; x_wconf 79' lang='lat' dir='ltr'>haurire</span> <span class='ocrx_word' id='word_1_185' title='bbox 593 2665 643 2708; x_wconf 87' lang='lat' dir='ltr'>et</span> <span class='ocrx_word' id='word_1_186' title='bbox 690 2654 955 2708; x_wconf 78' lang='lat' dir='ltr'>attrahere</span> <span class='ocrx_word' id='word_1_187' title='bbox 1001 2653 1127 2706; x_wconf 89' lang='lat' dir='ltr'>inde</span> <span class='ocrx_word' id='word_1_188' title='bbox 1169 2672 1362 2726; x_wconf 76' lang='lat' dir='ltr'>aquas,</span> 
     </span>
    </p>
   </div>
   <div class='ocr_carea' id='block_1_7' title="bbox 309 2733 1354 4233">
    <p class='ocr_par' dir='ltr' id='par_1_11' title="bbox 322 2733 1354 3360">
     <span class='ocr_line' id='line_1_25' title="bbox 331 2733 1354 2805; baseline -0.003 -18"><span class='ocrx_word' id='word_1_189' title='bbox 331 2747 387 2788; x_wconf 90' lang='lat' dir='ltr'>et</span> <span class='ocrx_word' id='word_1_190' title='bbox 411 2735 466 2788; x_wconf 88' lang='lat' dir='ltr'>in</span> <span class='ocrx_word' id='word_1_191' title='bbox 493 2734 690 2788; x_wconf 77' lang='lat' dir='ltr'>imbres</span> <span class='ocrx_word' id='word_1_192' title='bbox 711 2745 931 2789; x_wconf 74' lang='lat' dir='ltr'>vertere.</span> <span class='ocrx_word' id='word_1_193' title='bbox 950 2733 1140 2804; x_wconf 75' lang='lat' dir='ltr'>virgil.</span> <span class='ocrx_word' id='word_1_194' title='bbox 1163 2733 1354 2805; x_wconf 82' lang='lat' dir='ltr'>Georg.</span> 
     </span>
     <span class='ocr_line' id='line_1_26' title="bbox 331 2811 1350 2883; baseline 0 -18"><span class='ocrx_word' id='word_1_195' title='bbox 331 2813 394 2880; x_wconf 90' lang='lat'>1,</span> <span class='ocrx_word' id='word_1_196' title='bbox 433 2815 566 2867; x_wconf 81' lang='lat'><strong>380:</strong></span> <span class='ocrx_word' id='word_1_197' title='bbox 602 2825 690 2866; x_wconf 77' lang='lat' dir='ltr'>«et</span> <span class='ocrx_word' id='word_1_198' title='bbox 725 2811 858 2866; x_wconf 82' lang='lat' dir='ltr'>bibit</span> <span class='ocrx_word' id='word_1_199' title='bbox 895 2813 1078 2883; x_wconf 81' lang='lat' dir='ltr'>ingens</span> <span class='ocrx_word' id='word_1_200' title='bbox 1112 2813 1350 2878; x_wconf 73' lang='lat' dir='ltr'>Arcus-3</span> 
     </span>
     <span class='ocr_line' id='line_1_27' title="bbox 329 2891 1352 2964; baseline -0.002 -18"><span class='ocrx_word' id='word_1_201' title='bbox 329 2891 476 2964; x_wconf 85' lang='lat' dir='ltr'>quod</span> <span class='ocrx_word' id='word_1_202' title='bbox 495 2891 653 2946; x_wconf 83' lang='lat' dir='ltr'>latius</span> <span class='ocrx_word' id='word_1_203' title='bbox 673 2891 888 2964; x_wconf 83' lang='lat' dir='ltr'>exponit</span> <span class='ocrx_word' id='word_1_204' title='bbox 906 2893 1111 2957; x_wconf 71' lang='lat' dir='ltr'>Lucan:</span> <span class='ocrx_word' id='word_1_205' title='bbox 1131 2891 1233 2955; x_wconf 85' lang='lat' dir='ltr'>IV,</span> <span class='ocrx_word' id='word_1_206' title='bbox 1253 2909 1352 2961; x_wconf 88' lang='lat'>79:</span> 
     </span>
     <span class='ocr_line' id='line_1_28' title="bbox 325 2970 1352 3046; baseline -0.001 -21"><span class='ocrx_word' id='word_1_207' title='bbox 325 2999 353 3018; x_wconf 71' lang='lat' dir='ltr'>u</span> <span class='ocrx_word' id='word_1_208' title='bbox 370 2971 510 3028; x_wconf 83' lang='lat' dir='ltr'>Hinc</span> <span class='ocrx_word' id='word_1_209' title='bbox 527 2972 838 3046; x_wconf 80' lang='lat' dir='ltr'>imperfecto</span> <span class='ocrx_word' id='word_1_210' title='bbox 852 2970 1219 3043; x_wconf 81' lang='lat' dir='ltr'>complectitur</span> <span class='ocrx_word' id='word_1_211' title='bbox 1230 2989 1352 3024; x_wconf 85' lang='lat' dir='ltr'>aera</span> 
     </span>
     <span class='ocr_line' id='line_1_29' title="bbox 323 3049 1351 3125; baseline -0.002 -20"><span class='ocrx_word' id='word_1_212' title='bbox 323 3071 465 3125; x_wconf 79' lang='lat' dir='ltr'>gyro</span> <span class='ocrx_word' id='word_1_213' title='bbox 496 3053 688 3119; x_wconf 80' lang='lat' dir='ltr'>Arcus,</span> <span class='ocrx_word' id='word_1_214' title='bbox 713 3052 800 3105; x_wconf 83' lang='lat' dir='ltr'>vix</span> <span class='ocrx_word' id='word_1_215' title='bbox 833 3051 946 3104; x_wconf 85' lang='lat' dir='ltr'>ulla</span> <span class='ocrx_word' id='word_1_216' title='bbox 967 3051 1202 3103; x_wconf 75' lang='lat' dir='ltr'>variatus</span> <span class='ocrx_word' id='word_1_217' title='bbox 1233 3049 1351 3103; x_wconf 88' lang='lat' dir='ltr'>luce</span> 
     </span>
     <span class='ocr_line' id='line_1_30' title="bbox 325 3129 1350 3202; baseline -0.002 -18"><span class='ocrx_word' id='word_1_218' title='bbox 325 3131 560 3184; x_wconf 86' lang='lat' dir='ltr'>colorem</span> <span class='ocrx_word' id='word_1_219' title='bbox 576 3169 593 3194; x_wconf 91' lang='lat'><strong>,</strong></span> <span class='ocrx_word' id='word_1_220' title='bbox 627 3132 1010 3202; x_wconf 79' lang='lat' dir='ltr'>Oceanumque</span> <span class='ocrx_word' id='word_1_221' title='bbox 1057 3129 1219 3189; x_wconf 85' lang='lat' dir='ltr'>bibit,</span> <span class='ocrx_word' id='word_1_222' title='bbox 1261 3149 1350 3183; x_wconf 88' lang='lat' dir='ltr'>ra·-</span> 
     </span>
     <span class='ocr_line' id='line_1_31' title="bbox 322 3209 1346 3284; baseline -0.004 -20"><span class='ocrx_word' id='word_1_223' title='bbox 322 3223 552 3284; x_wconf 78' lang='lat' dir='ltr'>ptosque</span> <span class='ocrx_word' id='word_1_224' title='bbox 591 3209 659 3264; x_wconf 85' lang='lat' dir='ltr'>ad</span> <span class='ocrx_word' id='word_1_225' title='bbox 686 3210 868 3263; x_wconf 84' lang='lat' dir='ltr'>nubila</span> <span class='ocrx_word' id='word_1_226' title='bbox 901 3209 1346 3269; x_wconf 80' lang='lat' dir='ltr'>fluctus-Pertulit,</span> 
     </span>
     <span class='ocr_line' id='line_1_32' title="bbox 323 3287 1344 3360; baseline -0.002 -17"><span class='ocrx_word' id='word_1_227' title='bbox 323 3301 378 3343; x_wconf 86' lang='lat' dir='ltr'>et</span> <span class='ocrx_word' id='word_1_228' title='bbox 403 3291 535 3343; x_wconf 74' lang='lat' dir='ltr'>caelo</span> <span class='ocrx_word' id='word_1_229' title='bbox 559 3289 824 3344; x_wconf 72' lang='lat' dir='ltr'>diffusum-</span> <span class='ocrx_word' id='word_1_230' title='bbox 839 3287 1074 3342; x_wconf 86' lang='lat' dir='ltr'>reddidit</span> <span class='ocrx_word' id='word_1_231' title='bbox 1103 3306 1284 3360; x_wconf 72' lang='lat' dir='ltr'>aequor</span> <span class='ocrx_word' id='word_1_232' title='bbox 1300 3315 1344 3341; x_wconf 78' lang='grc' dir='ltr'>ι».</span> 
     </span>
    </p>

    <p class='ocr_par' dir='ltr' id='par_1_12' title="bbox 321 3369 1351 3517">
     <span class='ocr_line' id='line_1_33' title="bbox 396 3369 1351 3440; baseline -0.001 -19"><span class='ocrx_word' id='word_1_233' title='bbox 396 3387 450 3440; x_wconf 90' lang='lat'>7.</span> <span class='ocrx_word' id='word_1_234' title='bbox 481 3373 797 3438; x_wconf 47' lang='lat' dir='ltr'>(Jamque,</span> <span class='ocrx_word' id='word_1_235' title='bbox 821 3369 1060 3422; x_wconf 76' lang='lat' dir='ltr'>caeruleo.</span> <span class='ocrx_word' id='word_1_236' title='bbox 1101 3369 1166 3419; x_wconf 89' lang='lat' dir='ltr'>In</span> <span class='ocrx_word' id='word_1_237' title='bbox 1195 3369 1351 3421; x_wconf 85' lang='lat' dir='ltr'>Cato-</span> 
     </span>
     <span class='ocr_line' id='line_1_34' title="bbox 321 3449 1181 3517; baseline -0.002 -14"><span class='ocrx_word' id='word_1_238' title='bbox 321 3450 406 3503; x_wconf 82' lang='lat' dir='ltr'>nis</span> <span class='ocrx_word' id='word_1_239' title='bbox 434 3449 546 3502; x_wconf 81' lang='lat' dir='ltr'>nir.</span> <span class='ocrx_word' id='word_1_240' title='bbox 567 3467 616 3503; x_wconf 82' lang='lat' dir='ltr'>v.</span> <span class='ocrx_word' id='word_1_241' title='bbox 645 3461 710 3510; x_wconf 74' lang='grc' dir='ltr'>4ο</span> <span class='ocrx_word' id='word_1_242' title='bbox 727 3491 742 3517; x_wconf 92' lang='grc'><em>,</em></span> <span class='ocrx_word' id='word_1_243' title='bbox 769 3469 983 3515; x_wconf 66' lang='lat' dir='ltr'>cyaneus</span> <span class='ocrx_word' id='word_1_244' title='bbox 1010 3451 1181 3501; x_wconf 78' lang='lat' dir='ltr'>oeeleer.</span> 
     </span>
    </p>

    <p class='ocr_par' dir='ltr' id='par_1_13' title="bbox 309 3527 1346 3919">
     <span class='ocr_line' id='line_1_35' title="bbox 396 3527 1346 3599; baseline -0.002 -18"><span class='ocrx_word' id='word_1_245' title='bbox 396 3535 451 3581; x_wconf 84' lang='lat'>8.</span> <span class='ocrx_word' id='word_1_246' title='bbox 473 3535 716 3580; x_wconf 81' lang='lat' dir='ltr'>Immenso</span> <span class='ocrx_word' id='word_1_247' title='bbox 737 3531 951 3598; x_wconf 70' lang='lat' dir='ltr'>cingere.</span> <span class='ocrx_word' id='word_1_248' title='bbox 979 3527 1058 3580; x_wconf 85' lang='lat' dir='ltr'>Ita</span> <span class='ocrx_word' id='word_1_249' title='bbox 1081 3528 1198 3599; x_wconf 87' lang='lat' dir='ltr'>lego</span> <span class='ocrx_word' id='word_1_250' title='bbox 1223 3545 1346 3580; x_wconf 87' lang='lat' dir='ltr'>cum</span> 
     </span>
     <span class='ocr_line' id='line_1_36' title="bbox 319 3607 1343 3680; baseline 0 -22"><span class='ocrx_word' id='word_1_251' title='bbox 319 3607 663 3674; x_wconf 68' lang='lat' dir='ltr'>Bur-manno,</span> <span class='ocrx_word' id='word_1_252' title='bbox 684 3607 832 3680; x_wconf 89' lang='lat' dir='ltr'>quod</span> <span class='ocrx_word' id='word_1_253' title='bbox 861 3607 916 3660; x_wconf 87' lang='lat' dir='ltr'>in</span> <span class='ocrx_word' id='word_1_254' title='bbox 945 3607 1140 3678; x_wconf 80' lang='lat' dir='ltr'>scripto</span> <span class='ocrx_word' id='word_1_255' title='bbox 1165 3617 1267 3672; x_wconf 76' lang='lat' dir='ltr'>est,</span> <span class='ocrx_word' id='word_1_256' title='bbox 1292 3609 1343 3658; x_wconf 79' lang='lat' dir='ltr'>in</span> 
     </span>
     <span class='ocr_line' id='line_1_37' title="bbox 317 3685 1345 3760; baseline 0 -22"><span class='ocrx_word' id='word_1_257' title='bbox 317 3707 459 3748; x_wconf 76' lang='lat' dir='ltr'>msa,</span> <span class='ocrx_word' id='word_1_258' title='bbox 483 3705 807 3760; x_wconf 83' lang='lat' dir='ltr'>quamquam</span> <span class='ocrx_word' id='word_1_259' title='bbox 827 3685 933 3740; x_wconf 84' lang='lat' dir='ltr'>hoc</span> <span class='ocrx_word' id='word_1_260' title='bbox 957 3685 1203 3740; x_wconf 86' lang='lat' dir='ltr'>nondum</span> <span class='ocrx_word' id='word_1_261' title='bbox 1221 3687 1345 3738; x_wconf 81' lang='lat' dir='ltr'>satis</span> 
     </span>
     <span class='ocr_line' id='line_1_38' title="bbox 317 3763 1344 3838; baseline 0.001 -22"><span class='ocrx_word' id='word_1_262' title='bbox 317 3767 522 3838; x_wconf 84' lang='lat' dir='ltr'>placet,</span> <span class='ocrx_word' id='word_1_263' title='bbox 548 3779 600 3820; x_wconf 89' lang='lat' dir='ltr'>et</span> <span class='ocrx_word' id='word_1_264' title='bbox 628 3785 810 3821; x_wconf 82' lang='lat' dir='ltr'>versus</span> <span class='ocrx_word' id='word_1_265' title='bbox 836 3765 1013 3821; x_wconf 83' lang='lat' dir='ltr'>adhuc</span> <span class='ocrx_word' id='word_1_266' title='bbox 1045 3765 1101 3818; x_wconf 89' lang='lat' dir='ltr'>in</span> <span class='ocrx_word' id='word_1_267' title='bbox 1145 3763 1344 3819; x_wconf 88' lang='lat' dir='ltr'>mendo</span> 
     </span>
     <span class='ocr_line' id='line_1_39' title="bbox 309 3846 743 3919; baseline 0.005 -20"><span class='ocrx_word' id='word_1_268' title='bbox 309 3848 493 3919; x_wconf 82' lang='lat' dir='ltr'>jacere</span> <span class='ocrx_word' id='word_1_269' title='bbox 516 3846 743 3901; x_wconf 78' lang='lat' dir='ltr'>videtur.</span> 
     </span>
    </p>

    <p class='ocr_par' dir='ltr' id='par_1_14' title="bbox 311 3927 1340 4233">
     <span class='ocr_line' id='line_1_40' title="bbox 391 3927 1338 3998; baseline 0.001 -22"><span class='ocrx_word' id='word_1_270' title='bbox 391 3929 520 3992; x_wconf 80' lang='lat' dir='ltr'>9.Tu</span> <span class='ocrx_word' id='word_1_271' title='bbox 527 3927 700 3996; x_wconf 81' lang='lat' dir='ltr'>fessos</span> <span class='ocrx_word' id='word_1_272' title='bbox 715 3928 879 3978; x_wconf 67' lang='lat' dir='ltr'>Pkaebi</span> <span class='ocrx_word' id='word_1_273' title='bbox 892 3927 1048 3998; x_wconf 74' lang='lat' dir='ltr'>reficis</span> <span class='ocrx_word' id='word_1_274' title='bbox 1068 3928 1114 3974; x_wconf 79' lang='lat' dir='ltr'>si</span> <span class='ocrx_word' id='word_1_275' title='bbox 1129 3927 1338 3993; x_wconf 73' lang='lat' dir='ltr'>gurgite.</span> 
     </span>
     <span class='ocr_line' id='line_1_41' title="bbox 315 3996 1340 4072; baseline 0 -16"><span class='ocrx_word' id='word_1_276' title='bbox 315 4005 382 4057; x_wconf 90' lang='lat' dir='ltr'>In</span> <span class='ocrx_word' id='word_1_277' title='bbox 407 4003 594 4058; x_wconf 86' lang='lat' dir='ltr'>codice</span> <span class='ocrx_word' id='word_1_278' title='bbox 620 3996 672 4058; x_wconf 85' lang='lat' dir='ltr'>S.</span> <span class='ocrx_word' id='word_1_279' title='bbox 697 4003 952 4059; x_wconf 82' lang='lat' dir='ltr'>Germani</span> <span class='ocrx_word' id='word_1_280' title='bbox 980 4015 1093 4057; x_wconf 85' lang='lat' dir='ltr'>erat</span> <span class='ocrx_word' id='word_1_281' title='bbox 1117 4007 1182 4054; x_wconf 86' lang='lat' dir='ltr'>Tu</span> <span class='ocrx_word' id='word_1_282' title='bbox 1194 4004 1340 4072; x_wconf 80' lang='lat' dir='ltr'>sesso</span> 
     </span>
     <span class='ocr_line' id='line_1_42' title="bbox 327 4083 1340 4158; baseline -0.001 -24"><span class='ocrx_word' id='word_1_283' title='bbox 327 4122 339 4134; x_wconf 93' lang='lat'><strong>.</strong></span> <span class='ocrx_word' id='word_1_284' title='bbox 359 4125 370 4136; x_wconf 90' lang='lat'>.</span> <span class='ocrx_word' id='word_1_285' title='bbox 385 4087 454 4136; x_wconf 74' lang='lat' dir='ltr'>,si</span> <span class='ocrx_word' id='word_1_286' title='bbox 471 4103 623 4153; x_wconf 76' lang='lat' dir='ltr'>gurg.</span> <span class='ocrx_word' id='word_1_287' title='bbox 641 4103 742 4155; x_wconf 86' lang='lat' dir='ltr'>pro</span> <span class='ocrx_word' id='word_1_288' title='bbox 768 4103 880 4158; x_wconf 84' lang='lat' dir='ltr'>quo</span> <span class='ocrx_word' id='word_1_289' title='bbox 898 4083 1143 4136; x_wconf 75' lang='lat' dir='ltr'>Heinsius</span> <span class='ocrx_word' id='word_1_290' title='bbox 1165 4101 1340 4134; x_wconf 89' lang='lat' dir='ltr'>emen-</span> 
     </span>
     <span class='ocr_line' id='line_1_43' title="bbox 311 4161 1336 4233; baseline -0.004 -18"><span class='ocrx_word' id='word_1_291' title='bbox 311 4161 462 4216; x_wconf 79' lang='lat' dir='ltr'>davit</span> <span class='ocrx_word' id='word_1_292' title='bbox 493 4167 564 4214; x_wconf 82' lang='lat' dir='ltr'>Ta</span> <span class='ocrx_word' id='word_1_293' title='bbox 575 4165 746 4229; x_wconf 68' lang='lat' dir='ltr'>sessos</span> <span class='ocrx_word' id='word_1_294' title='bbox 773 4167 938 4216; x_wconf 73' lang='lat' dir='ltr'>Phoebi</span> <span class='ocrx_word' id='word_1_295' title='bbox 961 4166 1118 4233; x_wconf 76' lang='lat' dir='ltr'>reficis</span> <span class='ocrx_word' id='word_1_296' title='bbox 1143 4165 1191 4214; x_wconf 81' lang='lat' dir='ltr'>in</span> <span class='ocrx_word' id='word_1_297' title='bbox 1219 4177 1336 4230; x_wconf 69' lang='lat' dir='ltr'>gur-</span> 
     </span>
    </p>
   </div>
   <div class='ocr_carea' id='block_1_8' title="bbox 565 4259 832 4362">
    <p class='ocr_par' dir='ltr' id='par_1_15' title="bbox 565 4259 832 4362">
     <span class='ocr_line' id='line_1_44' title="bbox 565 4259 832 4362; baseline 0.004 -42"><span class='ocrx_word' id='word_1_298' title='bbox 565 4259 705 4321; x_wconf 83' lang='lat' dir='ltr'>m.</span> <span class='ocrx_word' id='word_1_299' title='bbox 809 4339 832 4362; x_wconf 71' lang='lat'>.,</span> 
     </span>
    </p>
   </div>
   <div class='ocr_carea' id='block_1_9' title="bbox 1428 2493 2471 4228">
    <p class='ocr_par' dir='ltr' id='par_1_16' title="bbox 1437 2493 2471 3103">
     <span class='ocr_line' id='line_1_45' title="bbox 1447 2493 2471 2573; baseline 0.007 -27"><span class='ocrx_word' id='word_1_300' title='bbox 1447 2495 1554 2560; x_wconf 89' lang='lat' dir='ltr'>sci,</span> <span class='ocrx_word' id='word_1_301' title='bbox 1588 2493 1754 2566; x_wconf 86' lang='lat' dir='ltr'>idque</span> <span class='ocrx_word' id='word_1_302' title='bbox 1790 2494 2031 2568; x_wconf 76' lang='lat' dir='ltr'>inprimis</span> <span class='ocrx_word' id='word_1_303' title='bbox 2067 2497 2322 2568; x_wconf 82' lang='lat' dir='ltr'>adoptant</span> <span class='ocrx_word' id='word_1_304' title='bbox 2346 2519 2471 2573; x_wconf 86' lang='lat' dir='ltr'>poe-</span> 
     </span>
     <span class='ocr_line' id='line_1_46' title="bbox 1450 2575 2468 2651; baseline 0.007 -25"><span class='ocrx_word' id='word_1_305' title='bbox 1450 2581 1530 2627; x_wconf 77' lang='lat' dir='ltr'>tae.</span> <span class='ocrx_word' id='word_1_306' title='bbox 1549 2575 1831 2641; x_wconf 82' lang='lat' dir='ltr'>Lucanus,</span> <span class='ocrx_word' id='word_1_307' title='bbox 1854 2575 1882 2627; x_wconf 92' lang='lat'>1</span> <span class='ocrx_word' id='word_1_308' title='bbox 1896 2615 1911 2641; x_wconf 91' lang='lat'>‚</span> <span class='ocrx_word' id='word_1_309' title='bbox 1933 2575 2034 2638; x_wconf 75' lang='lat'>415</span> <span class='ocrx_word' id='word_1_310' title='bbox 2055 2593 2071 2628; x_wconf 72' lang='grc' dir='ltr'><strong><em>ε</em></strong></span> <span class='ocrx_word' id='word_1_311' title='bbox 2105 2601 2132 2621; x_wconf 71' lang='grc' dir='ltr'><strong>α</strong></span> <span class='ocrx_word' id='word_1_312' title='bbox 2152 2577 2468 2651; x_wconf 80' lang='lat' dir='ltr'>Flammiger</span> 
     </span>
     <span class='ocr_line' id='line_1_47' title="bbox 1449 2651 2468 2729; baseline 0.01 -25"><span class='ocrx_word' id='word_1_313' title='bbox 1449 2671 1519 2705; x_wconf 88' lang='lat' dir='ltr'>an</span> <span class='ocrx_word' id='word_1_314' title='bbox 1544 2651 1703 2706; x_wconf 88' lang='lat' dir='ltr'>Titan</span> <span class='ocrx_word' id='word_1_315' title='bbox 1723 2693 1737 2718; x_wconf 91' lang='lat'><strong>,</strong></span> <span class='ocrx_word' id='word_1_316' title='bbox 1760 2666 1821 2707; x_wconf 88' lang='lat' dir='ltr'>ut</span> <span class='ocrx_word' id='word_1_317' title='bbox 1841 2655 2035 2708; x_wconf 79' lang='lat' dir='ltr'>alentes</span> <span class='ocrx_word' id='word_1_318' title='bbox 2051 2655 2263 2711; x_wconf 82' lang='lat' dir='ltr'>hauriat</span> <span class='ocrx_word' id='word_1_319' title='bbox 2280 2660 2468 2729; x_wconf 85' lang='lat' dir='ltr'>undas,</span> 
     </span>
     <span class='ocr_line' id='line_1_48' title="bbox 1441 2731 2459 2804; baseline 0.007 -18"><span class='ocrx_word' id='word_1_320' title='bbox 1441 2731 1627 2804; x_wconf 84' lang='lat' dir='ltr'>Erigat</span> <span class='ocrx_word' id='word_1_321' title='bbox 1646 2733 1917 2786; x_wconf 81' lang='lat' dir='ltr'>Oceanum</span> <span class='ocrx_word' id='word_1_322' title='bbox 1936 2759 1979 2786; x_wconf 74' lang='lat' dir='ltr'>n.</span> <span class='ocrx_word' id='word_1_323' title='bbox 2001 2733 2151 2804; x_wconf 74' lang='lat' dir='ltr'>idem</span> <span class='ocrx_word' id='word_1_324' title='bbox 2167 2777 2182 2802; x_wconf 92' lang='lat'>,</span> <span class='ocrx_word' id='word_1_325' title='bbox 2214 2735 2267 2789; x_wconf 82' lang='grc' dir='ltr'>Χ</span> <span class='ocrx_word' id='word_1_326' title='bbox 2282 2777 2298 2804; x_wconf 90' lang='grc'><strong>,</strong></span> <span class='ocrx_word' id='word_1_327' title='bbox 2322 2739 2422 2792; x_wconf 77' lang='lat'>258</span> <span class='ocrx_word' id='word_1_328' title='bbox 2444 2759 2459 2794; x_wconf 73' lang='grc' dir='ltr'><strong>ε</strong></span> 
     </span>
     <span class='ocr_line' id='line_1_49' title="bbox 1441 2811 2464 2890; baseline 0.005 -24"><span class='ocrx_word' id='word_1_329' title='bbox 1441 2811 1553 2866; x_wconf 84' lang='lat' dir='ltr'>Nec</span> <span class='ocrx_word' id='word_1_330' title='bbox 1571 2829 1682 2864; x_wconf 86' lang='lat' dir='ltr'>non</span> <span class='ocrx_word' id='word_1_331' title='bbox 1702 2813 1918 2865; x_wconf 84' lang='lat' dir='ltr'>Oceano</span> <span class='ocrx_word' id='word_1_332' title='bbox 1935 2813 2081 2884; x_wconf 78' lang='lat' dir='ltr'>pasci</span> <span class='ocrx_word' id='word_1_333' title='bbox 2103 2813 2464 2890; x_wconf 77' lang='lat' dir='ltr'>Phoebumque</span> 
     </span>
     <span class='ocr_line' id='line_1_50' title="bbox 1440 2891 2461 2964; baseline 0.007 -21"><span class='ocrx_word' id='word_1_334' title='bbox 1440 2891 1732 2964; x_wconf 86' lang='lat' dir='ltr'>polumque</span> <span class='ocrx_word' id='word_1_335' title='bbox 1754 2891 2064 2945; x_wconf 76' lang='lat' dir='ltr'>Credimus:</span> <span class='ocrx_word' id='word_1_336' title='bbox 2096 2893 2273 2961; x_wconf 87' lang='lat' dir='ltr'>hunc,</span> <span class='ocrx_word' id='word_1_337' title='bbox 2299 2897 2461 2950; x_wconf 87' lang='lat' dir='ltr'>calidi</span> 
     </span>
     <span class='ocr_line' id='line_1_51' title="bbox 1439 2970 2459 3042; baseline 0.006 -19"><span class='ocrx_word' id='word_1_338' title='bbox 1439 2971 1613 3042; x_wconf 87' lang='lat' dir='ltr'>tetigit</span> <span class='ocrx_word' id='word_1_339' title='bbox 1660 2988 1827 3042; x_wconf 86' lang='lat' dir='ltr'>quum</span> <span class='ocrx_word' id='word_1_340' title='bbox 1862 2970 2079 3025; x_wconf 80' lang='lat' dir='ltr'>brachia</span> <span class='ocrx_word' id='word_1_341' title='bbox 2122 2973 2341 3042; x_wconf 82' lang='lat' dir='ltr'>Cancri,</span> <span class='ocrx_word' id='word_1_342' title='bbox 2368 2976 2459 3029; x_wconf 86' lang='lat' dir='ltr'>Sol</span> 
     </span>
     <span class='ocr_line' id='line_1_52' title="bbox 1437 3050 1637 3103; baseline 0 -1"><span class='ocrx_word' id='word_1_343' title='bbox 1437 3067 1497 3103; x_wconf 77' lang='lat' dir='ltr'>ra</span> <span class='ocrx_word' id='word_1_344' title='bbox 1536 3050 1637 3102; x_wconf 73' lang='lat' dir='ltr'>itn.</span> 
     </span>
    </p>

    <p class='ocr_par' dir='ltr' id='par_1_17' title="bbox 1433 3068 2463 3750">
     <span class='ocr_line' id='line_1_53' title="bbox 1500 3068 2463 3200; baseline 0.003 -17"><span class='ocrx_word' id='word_1_345' title='bbox 1500 3068 1602 3183; x_wconf 78' lang='lat' dir='ltr'>p15.</span> <span class='ocrx_word' id='word_1_346' title='bbox 1648 3132 1941 3181; x_wconf 74' lang='lat' dir='ltr'>committere</span> <span class='ocrx_word' id='word_1_347' title='bbox 1970 3143 2123 3200; x_wconf 79' lang='lat' dir='ltr'>ponto</span> <span class='ocrx_word' id='word_1_348' title='bbox 2164 3135 2311 3184; x_wconf 77' lang='lat' dir='ltr'>Hanc</span> <span class='ocrx_word' id='word_1_349' title='bbox 2350 3137 2463 3186; x_wconf 79' lang='lat' dir='ltr'>ani·</span> 
     </span>
     <span class='ocr_line' id='line_1_54' title="bbox 1435 3207 2459 3281; baseline 0.006 -21"><span class='ocrx_word' id='word_1_350' title='bbox 1435 3227 1585 3261; x_wconf 82' lang='lat' dir='ltr'>mam.</span> <span class='ocrx_word' id='word_1_351' title='bbox 1623 3207 1843 3261; x_wconf 77' lang='lat' dir='ltr'>Phrasin</span> <span class='ocrx_word' id='word_1_352' title='bbox 1891 3227 1954 3262; x_wconf 87' lang='lat' dir='ltr'>ex</span> <span class='ocrx_word' id='word_1_353' title='bbox 2004 3210 2143 3262; x_wconf 80' lang='lat' dir='ltr'>notis</span> <span class='ocrx_word' id='word_1_354' title='bbox 2184 3215 2459 3281; x_wconf 79' lang='lat' dir='ltr'>poetarum</span> 
     </span>
     <span class='ocr_line' id='line_1_55' title="bbox 1435 3287 2455 3359; baseline 0.008 -20"><span class='ocrx_word' id='word_1_355' title='bbox 1435 3287 1567 3342; x_wconf 85' lang='lat' dir='ltr'>locis</span> <span class='ocrx_word' id='word_1_356' title='bbox 1591 3287 1761 3359; x_wconf 87' lang='lat' dir='ltr'>petiit.</span> <span class='ocrx_word' id='word_1_357' title='bbox 1788 3287 1971 3340; x_wconf 85' lang='lat' dir='ltr'>Horat.</span> <span class='ocrx_word' id='word_1_358' title='bbox 1994 3289 2170 3341; x_wconf 82' lang='lat' dir='ltr'>Carm.</span> <span class='ocrx_word' id='word_1_359' title='bbox 2192 3291 2251 3356; x_wconf 92' lang='lat'>1,</span> <span class='ocrx_word' id='word_1_360' title='bbox 2280 3293 2329 3358; x_wconf 86' lang='lat'>3,</span> <span class='ocrx_word' id='word_1_361' title='bbox 2357 3311 2417 3346; x_wconf 85' lang='lat'>11</span> <span class='ocrx_word' id='word_1_362' title='bbox 2439 3311 2455 3346; x_wconf 78' lang='grc' dir='ltr'><strong>ε</strong></span> 
     </span>
     <span class='ocr_line' id='line_1_56' title="bbox 1435 3367 2461 3444; baseline 0.009 -29"><span class='ocrx_word' id='word_1_363' title='bbox 1435 3393 1462 3413; x_wconf 70' lang='grc' dir='ltr'><strong>α</strong></span> <span class='ocrx_word' id='word_1_364' title='bbox 1483 3367 1591 3434; x_wconf 89' lang='lat' dir='ltr'>Qui</span> <span class='ocrx_word' id='word_1_365' title='bbox 1616 3367 1858 3438; x_wconf 79' lang='lat' dir='ltr'>fragilem</span> <span class='ocrx_word' id='word_1_366' title='bbox 1893 3368 2029 3420; x_wconf 83' lang='lat' dir='ltr'>truci</span> <span class='ocrx_word' id='word_1_367' title='bbox 2058 3368 2336 3423; x_wconf 87' lang='lat' dir='ltr'>Commisit</span> <span class='ocrx_word' id='word_1_368' title='bbox 2370 3391 2461 3444; x_wconf 88' lang='lat' dir='ltr'>pe·</span> 
     </span>
     <span class='ocr_line' id='line_1_57' title="bbox 1437 3447 2451 3522; baseline 0.007 -24"><span class='ocrx_word' id='word_1_369' title='bbox 1437 3447 1559 3517; x_wconf 83' lang='lat' dir='ltr'>lago</span> <span class='ocrx_word' id='word_1_370' title='bbox 1603 3458 1767 3498; x_wconf 83' lang='lat' dir='ltr'>ratem</span> <span class='ocrx_word' id='word_1_371' title='bbox 1792 3471 1833 3498; x_wconf 74' lang='lat' dir='ltr'>n.</span> <span class='ocrx_word' id='word_1_372' title='bbox 1884 3447 2127 3500; x_wconf 83' lang='lat' dir='ltr'>Juvenal.</span> <span class='ocrx_word' id='word_1_373' title='bbox 2164 3448 2302 3515; x_wconf 80' lang='grc' dir='ltr'>ΧΠ,</span> <span class='ocrx_word' id='word_1_374' title='bbox 2348 3453 2415 3522; x_wconf 88' lang='lat'>57</span> <span class='ocrx_word' id='word_1_375' title='bbox 2438 3471 2451 3504; x_wconf 92' lang='lat'>:</span> 
     </span>
     <span class='ocr_line' id='line_1_58' title="bbox 1437 3525 2453 3582; baseline 0.01 -9"><span class='ocrx_word' id='word_1_376' title='bbox 1437 3551 1460 3573; x_wconf 74' lang='grc' dir='ltr'>ι</span> <span class='ocrx_word' id='word_1_377' title='bbox 1483 3526 1512 3578; x_wconf 93' lang='lat'>1</span> <span class='ocrx_word' id='word_1_378' title='bbox 1550 3544 1695 3578; x_wconf 88' lang='lat' dir='ltr'>nunc</span> <span class='ocrx_word' id='word_1_379' title='bbox 1735 3535 1787 3578; x_wconf 85' lang='lat' dir='ltr'>et</span> <span class='ocrx_word' id='word_1_380' title='bbox 1822 3525 1991 3578; x_wconf 77' lang='lat' dir='ltr'>ventis</span> <span class='ocrx_word' id='word_1_381' title='bbox 2034 3527 2269 3580; x_wconf 82' lang='lat' dir='ltr'>animam</span> <span class='ocrx_word' id='word_1_382' title='bbox 2312 3547 2453 3582; x_wconf 87' lang='lat' dir='ltr'>com-</span> 
     </span>
     <span class='ocr_line' id='line_1_59' title="bbox 1433 3603 2451 3680; baseline -0.006 -22"><span class='ocrx_word' id='word_1_383' title='bbox 1433 3607 1613 3672; x_wconf 86' lang='lat' dir='ltr'>mitte,</span> <span class='ocrx_word' id='word_1_384' title='bbox 1641 3603 1821 3656; x_wconf 78' lang='lat' dir='ltr'>dolato</span> <span class='ocrx_word' id='word_1_385' title='bbox 1846 3604 2087 3657; x_wconf 82' lang='lat' dir='ltr'>Confisus</span> <span class='ocrx_word' id='word_1_386' title='bbox 2114 3605 2286 3677; x_wconf 82' lang='lat' dir='ltr'>ligno,</span> <span class='ocrx_word' id='word_1_387' title='bbox 2312 3606 2451 3680; x_wconf 78' lang='lat' dir='ltr'>digi-</span> 
     </span>
     <span class='ocr_line' id='line_1_60' title="bbox 1433 3686 2323 3750; baseline -0.001 -11"><span class='ocrx_word' id='word_1_388' title='bbox 1433 3686 1501 3739; x_wconf 84' lang='lat' dir='ltr'>tis</span> <span class='ocrx_word' id='word_1_389' title='bbox 1528 3705 1557 3738; x_wconf 91' lang='lat' dir='ltr'>a</span> <span class='ocrx_word' id='word_1_390' title='bbox 1580 3695 1751 3737; x_wconf 82' lang='lat' dir='ltr'>morte</span> <span class='ocrx_word' id='word_1_391' title='bbox 1772 3693 2003 3736; x_wconf 85' lang='lat' dir='ltr'>remotus</span> <span class='ocrx_word' id='word_1_392' title='bbox 2030 3689 2269 3750; x_wconf 80' lang='lat' dir='ltr'>Quatuor</span> <span class='ocrx_word' id='word_1_393' title='bbox 2284 3713 2323 3738; x_wconf 72' lang='lat' dir='ltr'>n.</span> 
     </span>
    </p>

    <p class='ocr_par' dir='ltr' id='par_1_18' title="bbox 1428 3763 2455 4228">
     <span class='ocr_line' id='line_1_61' title="bbox 1511 3763 2453 3831; baseline 0.002 -15"><span class='ocrx_word' id='word_1_394' title='bbox 1511 3769 1589 3818; x_wconf 88' lang='lat'>16.</span> <span class='ocrx_word' id='word_1_395' title='bbox 1616 3767 1843 3816; x_wconf 82' lang='lat' dir='ltr'>Transire</span> <span class='ocrx_word' id='word_1_396' title='bbox 1844 3765 2046 3831; x_wconf 80' lang='lat' dir='ltr'>fretum.</span> <span class='ocrx_word' id='word_1_397' title='bbox 2065 3763 2171 3829; x_wconf 83' lang='lat' dir='ltr'>Sic,</span> <span class='ocrx_word' id='word_1_398' title='bbox 2190 3783 2310 3818; x_wconf 87' lang='lat' dir='ltr'>cum</span> <span class='ocrx_word' id='word_1_399' title='bbox 2330 3767 2453 3818; x_wconf 86' lang='lat' dir='ltr'>Bur·</span> 
     </span>
     <span class='ocr_line' id='line_1_62' title="bbox 1431 3842 2455 3914; baseline 0 -17"><span class='ocrx_word' id='word_1_400' title='bbox 1431 3863 1657 3911; x_wconf 82' lang='lat' dir='ltr'>manno,</span> <span class='ocrx_word' id='word_1_401' title='bbox 1680 3842 1894 3914; x_wconf 87' lang='lat' dir='ltr'>reposui</span> <span class='ocrx_word' id='word_1_402' title='bbox 1932 3861 1993 3894; x_wconf 84' lang='lat' dir='ltr'>ex</span> <span class='ocrx_word' id='word_1_403' title='bbox 2032 3842 2229 3914; x_wconf 85' lang='lat' dir='ltr'>scripto</span> <span class='ocrx_word' id='word_1_404' title='bbox 2257 3844 2455 3898; x_wconf 84' lang='lat' dir='ltr'>codicis</span> 
     </span>
     <span class='ocr_line' id='line_1_63' title="bbox 1429 3921 2453 3994; baseline 0.003 -19"><span class='ocrx_word' id='word_1_405' title='bbox 1429 3927 1636 3976; x_wconf 80' lang='lat' dir='ltr'>transire</span> <span class='ocrx_word' id='word_1_406' title='bbox 1638 3925 1833 3992; x_wconf 77' lang='lat' dir='ltr'>ser-ece.-</span> <span class='ocrx_word' id='word_1_407' title='bbox 1854 3939 1885 3973; x_wconf 90' lang='lat' dir='ltr'>e</span> <span class='ocrx_word' id='word_1_408' title='bbox 1912 3921 2103 3992; x_wconf 85' lang='lat' dir='ltr'>quibus</span> <span class='ocrx_word' id='word_1_409' title='bbox 2122 3922 2352 3994; x_wconf 76' lang='lat' dir='ltr'>vestigiis</span> <span class='ocrx_word' id='word_1_410' title='bbox 2371 3935 2453 3978; x_wconf 81' lang='lat' dir='ltr'>ta-</span> 
     </span>
     <span class='ocr_line' id='line_1_64' title="bbox 1428 3999 2450 4072; baseline 0.001 -17"><span class='ocrx_word' id='word_1_411' title='bbox 1428 4021 1553 4055; x_wconf 88' lang='lat' dir='ltr'>men</span> <span class='ocrx_word' id='word_1_412' title='bbox 1581 4001 1759 4054; x_wconf 81' lang='lat' dir='ltr'>adhuc</span> <span class='ocrx_word' id='word_1_413' title='bbox 1788 3999 1980 4072; x_wconf 82' lang='lat' dir='ltr'>copula</span> <span class='ocrx_word' id='word_1_414' title='bbox 2006 3999 2283 4054; x_wconf 79' lang='lat' dir='ltr'>excitanda</span> <span class='ocrx_word' id='word_1_415' title='bbox 2304 4002 2450 4056; x_wconf 78' lang='lat' dir='ltr'>vide-</span> 
     </span>
     <span class='ocr_line' id='line_1_65' title="bbox 1430 4081 2453 4153; baseline -0.002 -18"><span class='ocrx_word' id='word_1_416' title='bbox 1430 4095 1537 4146; x_wconf 87' lang='lat' dir='ltr'>tur,</span> <span class='ocrx_word' id='word_1_417' title='bbox 1544 4081 1757 4149; x_wconf 75' lang='lat' dir='ltr'>fretum,</span> <span class='ocrx_word' id='word_1_418' title='bbox 1795 4097 1841 4131; x_wconf 77' lang='lat' dir='ltr'>et</span> <span class='ocrx_word' id='word_1_419' title='bbox 1864 4083 2146 4130; x_wconf 75' lang='lat' dir='ltr'>discurrere.</span> <span class='ocrx_word' id='word_1_420' title='bbox 2178 4081 2453 4153; x_wconf 79' lang='lat' dir='ltr'>Cori-igere</span> 
     </span>
     <span class='ocr_line' id='line_1_66' title="bbox 1429 4159 2455 4228; baseline 0 -16"><span class='ocrx_word' id='word_1_421' title='bbox 1429 4161 1677 4213; x_wconf 79' lang='lat' dir='ltr'>auderem</span> <span class='ocrx_word' id='word_1_422' title='bbox 1701 4163 1967 4212; x_wconf 74' lang='lat' dir='ltr'>discurrere</span> <span class='ocrx_word' id='word_1_423' title='bbox 1988 4177 2174 4220; x_wconf 79' lang='lat' dir='ltr'>cursus,</span> <span class='ocrx_word' id='word_1_424' title='bbox 2196 4159 2297 4212; x_wconf 72' lang='lat' dir='ltr'>nisi</span> <span class='ocrx_word' id='word_1_425' title='bbox 2307 4165 2455 4228; x_wconf 75' lang='lat' dir='ltr'>jussa</span> 
     </span>
    </p>
   </div>
   <div class='ocr_carea' id='block_1_10' title="bbox 2032 4273 2111 4317">
    <p class='ocr_par' dir='ltr' id='par_1_19' title="bbox 2032 4273 2111 4317">
     <span class='ocr_line' id='line_1_67' title="bbox 2032 4273 2111 4317; baseline -0.013 0"><span class='ocrx_word' id='word_1_426' title='bbox 2032 4273 2111 4317; x_wconf 82' lang='lat'>21</span> 
     </span>
    </p>
   </div>
  </div>
 </body>
</html>
