2975 4684
488 306 630 378 618
685 308 1206 377 -EXCURSUS
1264 312 1366 379 111
1427 313 1550 380 AD
1609 312 1832 379 EPlT.
1886 309 2161 377 ILIAD.
2215 309 2443 379 ΗΟΜ.

487 444 601 493 aut
631 429 847 491 minus
881 446 1254 493 excusatum
1287 430 1765 519 relinquamus,
1796 430 1983 494 aliam
2016 430 2331 494 rationem
2355 479 2373 512 ,
2412 454 2611 517 quam

487 532 812 595 Homerus
839 544 902 593 et
915 529 1121 613 Mam,
1137 532 1207 594 in
1235 530 1535 621 fingenda
1558 533 1679 596 hac
1702 532 1980 620 imagine
2006 548 2345 618 sequutuS,
2373 548 2440 596 et
2460 556 2615 597 con·

489 631 659 694 sulto
673 630 946 695 Martem
967 654 1114 697 cum
1137 632 1351 697 Parcis
1365 683 1386 717 ,
1405 657 1539 698 non
1558 683 1577 717 ,
1596 650 1671 699 ut
1692 634 1831 715 isti,
1855 656 2005 697 cum
2026 632 2359 697 Discordia
2378 681 2395 715 ‚
2424 634 2613 713 Fato,

487 732 660 796 Diris
696 734 1108 815 conjunxisse
1139 734 1418 800 videtur.
1454 736 1607 799 Haec
1639 735 1909 799 numina
1937 734 2257 798 bellorum
2290 736 2358 797 in
2386 736 2613 823 primis

487 833 755 898 comites
782 835 1218 925 proesidesque
1247 853 1436 919 sunt,
1468 854 1536 901 et
1565 838 1647 901 ab
1675 836 1961 901 Homero
1975 836 2377 925 Virgilioque
2400 838 2613 899 nomi·

489 950 749 1018 uantur,
781 938 1092 1025 quoniam
1122 938 1170 1002 ii
1203 940 1404 1002 solam
1437 937 1759 1002 bellorum
1790 937 2213 1003 calamitatem
2240 937 2476 1001 volunt
2498 936 2615 1000 de-

487 1037 789 1131 scribere.
823 1048 929 1119 Κὴρ
971 1038 1053 1103 ab
1099 1040 1388 1103 Homero
1421 1039 1614 1103 toties
1658 1054 2075 1126 usurpatum3
2116 1037 2231 1101 ubi
2264 1034 2347 1099 de
2377 1036 2613 1125 proeliis

488 1138 799 1227 loquitur,
842 1140 1148 1228 primario
1185 1141 1394 1205 fatum
1425 1140 1770 1205 homiuum
1814 1140 1883 1203 in
1920 1139 2093 1203 bello
2124 1155 2613 1226 peremptorum

488 1238 791 1325 denotat3
837 1256 902 1304 et
920 1242 1224 1331 Virgilius
1238 1291 1256 1324 ,
1297 1242 1412 1307 ubi
1445 1244 1647 1307 tristes
1687 1264 1774 1305 ex
1814 1242 2045 1305 oethere
2074 1241 2265 1304 Dis-as
2303 1240 2449 1303 loco
2492 1238 2611 1302 ad-

487 1340 688 1405 ducto
712 1357 932 1423 vocat,
961 1342 1177 1423 judice
1217 1344 1302 1407 ill.
1332 1344 1591 1432 Heynio
1628 1342 1711 1407 ad
1730 1342 1953 1432 virgil.
1979 1342 2023 1405 l.
2048 1364 2103 1405 c.
2137 1355 2305 1421 Κῆρας
2342 1340 2611 1404 Hesiodi
2674 1390 2685 1399 .

485 1464 566 1507 eo
603 1442 880 1508 nomine'
898 1443 1195 1509 reddidit.
1230 1443 1477 1526 Parcae,
1512 1468 1671 1534 quas
1709 1444 2075 1509 Homerista
2106 1458 2329 1507 noster
2360 1442 2467 1506 hic
2496 1440 2611 1506 ad-

484 1542 722 1607 ducere
743 1544 977 1626 voluit,
1011 1561 1286 1609 mortem
1313 1546 1668 1611 naturalem
1690 1545 2037 1613 hominum
2058 1560 2125 1609 et
2152 1544 2453 1632 quaelibet
2482 1546 2613 1607 fata

489 1643 726 1709 habere
773 1644 840 1707 in
894 1661 1208 1733 potestate
1253 1646 1583 1713 dicuntur.
1632 1649 1761 1714 Has
1796 1647 1905 1711 ille
1950 1647 2247 1735 adjungit
2278 1646 2503 1727 Marti,
2536 1662 2613 1710 ut

487 1744 824 1835 geminum
854 1748 1080 1811 mortis
1107 1770 1312 1837 genus
1328 1795 1347 1830 ,
1376 1772 1511 1837 quo
1542 1750 1753 1838 perire
1789 1749 2087 1814 homines
2124 1748 2373 1812 soleant
2390 1796 2407 1829 ,
2448 1748 2610 1811 alte·-

487 1868 636 1909 rum
663 1846 825 1913 illud
855 1848 1213 1914 violentum
1239 1867 1306 1913 et
1335 1844 1795 1939 praematuru'm
1830 1851 1897 1913 in
1929 1850 2099 1914 bello
2118 1897 2135 1932 ,
2182 1850 2457 1913 alterum
2492 1871 2611 1911 na-

488 1948 720 2031 turale,
759 1948 940 2037 quod
969 1972 1092 2014 suo
1137 1952 1374 2039 cuique
1424 1952 1555 2015 fato
1592 1952 1838 2033 evenit,
1876 1948 2225 2039 significet‘J:
2273 1948 2615 2037 quomodo

487 2050 823 2130 conjunxit
854 2051 1154 2134 Ovidius,
1182 2052 1374 2118 Trist.
1400 2054 1515 2118 lib.
1547 2053 1612 2134 1,
1651 2075 1719 2133 2,
1756 2051 1835 2117 53
1866 2074 1882 2114 τ

765 2208 858 2261 Est
873 2208 1099 2281 aliquid,
1117 2211 1292 2263 fatove
1314 2228 1410 2263 suo
1436 2210 1643 2262 ferrove
1666 2206 1940 2261 cadentem

835 2294 896 2345 In
923 2292 1088 2346 solida
1115 2294 1346 2347 moriens
1370 2310 1565 2365 ponere
1592 2308 1788 2363 corpus
1812 2290 1996 2343 humo.

487 2456 637 2520 Non
674 2457 875 2546 igitur
917 2457 1101 2521 Diras
1137 2474 1204 2522 et
1235 2455 1640 2522 Discordiam
1680 2472 1746 2520 et
1790 2456 2021 2520 Fatum
2070 2454 2341 2519 comites
2372 2450 2611 2517 addere

485 2557 676 2621 Marti
710 2558 945 2640 voluit,
981 2556 1159 2645 quod
1193 2558 1539 2646 singularia
1586 2556 1737 2621 belli
1781 2556 2067 2644 pericula
2104 2569 2170 2618 et
2202 2554 2329 2617 fata
2364 2552 2609 2616 descri-

487 2658 639 2724 bere
675 2659 960 2741 nolebat,
999 2657 1110 2723 sed
1135 2658 1330 2723 finem
1353 2657 1739 2723 adumbrare
1757 2705 1776 2738 ‚
1802 2680 1998 2745 quem
2028 2656 2155 2720 vita
2188 2676 2462 2743 quaeque
2487 2654 2611 2719 ho-

488 2761 740 2825 minum
777 2778 843 2825 et
875 2784 1077 2851 genus
1118 2760 1494 2825 universum
1524 2760 1810 2825 haberet.
1838 2760 2190 2847 Postquam
2218 2757 2418 2845 igitur
2438 2758 2610 2820 varia

483 2864 628 2927 vitae
653 2862 962 2954 degendae
997 2886 1268 2953 genera,
1303 2878 1374 2926 ut
1409 2862 1647 2925 civium
1682 2862 1748 2924 iu
1784 2859 2055 2924 urbibus
2088 2858 2439 2924 viventium
2459 2907 2476 2940 ,
2510 2858 2607 2921 vi-

487 2987 708 3029 rorum
756 2981 822 3028 et
853 2964 1234 3047 mulierum,
1277 2988 1334 3029 v.
1374 2964 1507 3028 882·
1535 2986 1714 3052 seqq.
1754 2986 1902 3027 rura
1940 2961 2325 3043 colentium,
2360 2982 2608 3024 messo-

485 3088 630 3128 rum
649 3112 668 3145 ,
693 3066 1047 3129 vinitorum
1063 3116 1082 3149 ,
1100 3082 1430 3153 pastorum
1451 3088 1509 3129 v.
1534 3064 1661 3150 890
1687 3086 1866 3154 seqq.
1889 3064 2287 3127 enumeravit
2304 3112 2321 3144 ,
2350 3062 2608 3142 subjicit

486 3165 768 3252 denique
804 3168 1078 3231 Martem
1112 3168 1281 3231 inter
1311 3189 1422 3231 eos
1455 3164 1743 3231 medium
1776 3188 1927 3229 cum
1974 3165 2185 3229 Parcis
2228 3180 2433 3245 stare,
2478 3164 2609 3228 hoc

486 3281 615 3348 est,
649 3266 750 3330 his
801 3268 1106 3332 omnibus
1141 3266 1401 3333 tandem
1455 3283 1729 3331 mortem
1775 3267 1876 3330 vel
1911 3265 2080 3330 bello
2098 3316 2115 3343 ,
2162 3266 2263 3330 vel
2310 3266 2443 3329 fato
2481 3265 2607 3330 alio

488 3367 920 3456 oppetendam
937 3370 1307 3454 imminere5
1325 3369 1709 3459 videturque
1723 3368 1800 3433 ad
1807 3392 1885 3433 eo
1905 3384 2054 3432 ante
2071 3370 2294 3433 oculos
2308 3366 2611 3433 habuisse

487 3492 708 3535 versus
721 3470 991 3559 Virgilii,
1008 3472 1246 3559 quibus
1264 3473 1407 3535 vitae
1423 3472 1724 3535 humanae
1744 3471 1869 3535 fata
1884 3470 2355 3559 complectitur,
2368 3468 2605 3558 Georg.

488 3572 596 3637 lib.
629 3573 761 3656 111,
791 3574 913 3639 66:

766 3722 980 3795 Optima
1005 3742 1225 3795 quaque
1250 3722 1360 3776 dies
1389 3722 1591 3777 miseris
1620 3721 1924 3777 mortalibus
1952 3724 2044 3775 aevi

767 3806 940 3859 Prima
966 3806 1134 3878 fugit:
1160 3808 1386 3861 subeunt
1407 3807 1607 3869 morbi,
1637 3807 1903 3879 tristisque
1926 3820 2161 3861 senectus
2177 3848 2194 3871 ,

770 3890 834 3941 Et
859 3891 1029 3957 labor,
1057 3902 1105 3943 et
1133 3888 1277 3944 durae
1301 3890 1438 3961 rapit
1462 3890 1792 3944 inclementia
1820 3889 2012 3942 mortis.
