2975 4684
457 327 548 346 m
558 291 1843 346 fflffmm

1377 567 1795 713 XIII(

1107 862 1961 992 LICENTII

1273 1126 1775 1206 CARMEN

1476 1330 1578 1378 AD

762 1508 1440 1580 AUGUSTINUM
1506 1507 2300 1577 PRAECEPTOREM.

1023 1736 2027 1774 ψ

1253 1944 1689 2013 PRAEFATI
1706 1947 1793 2014 Ο.

355 2155 376 2176 '
461 2120 771 2224 Cusum
807 2154 942 2233 jam
973 2153 1428 2243 proponimus,
1471 2154 1658 2234 cujus
1690 2167 1921 2228 auctor
1957 2168 2140 2218 aetate
2172 2175 2289 2218 sua
2324 2151 2595 2217 laudem

460 2275 668 2347 poetae
713 2280 896 2346 paene
933 2256 1202 2345 perfecti
1235 2257 1416 2339 tulit,
1461 2257 1778 2345 quodque
1814 2257 2031 2345 ipsum
2060 2257 2315 2347 egregia
2345 2258 2601 2346 ingenii

460 2363 901 2451 doctrinaeque
931 2363 1180 2425 lumina
1227 2362 1444 2445 habet,
1489 2362 1605 2428 sed
1637 2364 1872 2451 partim
1904 2363 2249 2429 audaciore
2280 2387 2410 2428 usu
2444 2387 2595 2428 ver-

457 2469 696 2534 borum
715 2517 736 2552 ,p
766 2457 1000 2556 partim
1019 2469 1370 2552 inveterata
1389 2467 1720 2556 scripturae
1754 2470 2173 2558 corruptione
2190 2485 2323 2548 tam
2350 2469 2597 2535 obscu-

459 2598 608 2641 rum
645 2590 713 2640 et
747 2573 1162 2662 inquinatum
1205 2590 1333 2652 est,
1367 2590 1444 2638 ut
1462 2621 1480 2653 ,
1518 2575 1638 2662 qui
1679 2597 1859 2640 nunc
1892 2575 2085 2664 primi
2132 2575 2215 2640 ad
2248 2575 2415 2640 illud
2444 2577 2598 2640 illu·-

458 2678 798 2744 strandum
833 2678 1279 2770 aggredimur,
1309 2679 1417 2743 vix
1465 2679 1842 2762 credamus,
1872 2703 2055 2768 pares
2085 2705 2207 2746 nos
2236 2683 2295 2762 ei
2325 2683 2596 2772 negotio

459 2787 724 2853 futuros
751 2808 909 2862 esse.
935 2784 1201 2874 Legitur
1230 2784 1394 2849 illud
1421 2785 1719 2875 epistolae,
1738 2785 2091 2877 Augustini,
2112 2787 2195 2852 ad
2225 2788 2595 2864 Licentium

459 2895 778 2959 insertum
795 2943 814 2976 ,
849 2915 992 2982 quoe
1017 2893 1086 2955 in
1110 2892 1373 2981 vulgato
1403 2892 1837 2981 Epistularum
1861 2895 1997 2974 ejus
2024 2893 2260 2969 ordine
2274 2895 2599 2963 tricesima

461 3023 636 3066 nona
680 3017 811 3082 est,
845 2998 959 3064 sed
988 2998 1290 3063 vicesima
1321 3015 1499 3062 sexta
1525 2999 1593 3062 in
1617 3015 1797 3064 tomo
1825 3001 1888 3064 ΙΙ
1908 3021 2091 3064 novae
2117 2999 2428 3080 editionis,
2446 3025 2599 3090 ope-

459 3131 611 3172 rum
631 3108 904 3196 August.
946 3128 1090 3194 quae
1121 3127 1277 3172 cura
1296 3103 1869 3170 Benedictinorum
1908 3129 1944 3170 e
1978 3107 2597 3197 congreg.S.Mauri

457 3211 846 3302 prodierunt
879 3211 1282 3299 Antwerpiae,
1319 3233 1421 3274 an.
1457 3211 1695 3275 MDCC
1714 3258 1733 3292 ,
1778 3211 1997 3276 in·fol.
2034 3211 2262 3294 Quum
2298 3228 2428 3276 tam
2462 3214 2597 3276 fre·

462 3330 736 3404 quentes
781 3304 1098 3380 editiones
1131 3317 1428 3390 omnium
1463 3339 1737 3406 operum
1754 3365 1773 3394 ‚
1822 3333 1887 3382 et
1918 3316 2240 3407 sigillatim
2270 3319 2611 3406 Epistolaq

459 3445 608 3488 rum
645 3420 1032 3511 Augustini,
1068 3421 1251 3486 factae
1287 3423 1454 3505 sint,
1490 3445 1751 3498 carmen
1784 3429 2011 3512 tamen
2035 3423 2307 3515 Liqentii
2347 3425 2595 3492 nullam

461 3551 500 3592 a
527 3542 626 3592 tot
651 3524 1010 3592 editoribus
1043 3548 1267 3591 curam
1285 3576 1305 3611 ‚
1332 3550 1477 3616 quae
1500 3529 1715 3594 lucem
1743 3545 1941 3617 atque
1965 3529 2284 3600 medelam
2306 3513 2611 3622 afferret,=

461 3650 800 3723 expertum
833 3643 968 3714 est,
1006 3634 1370 3722 mansitque
1405 3634 1568 3699 illud
1596 3637 1667 3698 in
1703 3635 2013 3708 omnibus
2028 3686 2047 3720 ,
2084 3636 2278 3712 etiam
2313 3637 2599 3730 norissi-

461 3739 606 3822 mis‚
622 3737 1090 3829 exemplaribus
1109 3760 1315 3826 quum
1337 3739 1631 3828 plurimis
1646 3741 1935 3806 obsitum
1958 3739 2234 3828 mendis,
2250 3757 2393 3806 tum
2408 3743 2599 3810 omni

464 3869 588 3935 ope
619 3844 1166 3934 interpretationis
1201 3842 1588 3910 destitutum
1606 3894 1625 3929 ‚
1658 3863 1736 3911 ut
1762 3845 2069 3912 affirmari
2104 3847 2359 3938 possit,
2380 3847 2595 3920 nemi-

464 3973 616 4015 nem
665 3950 990 4016 editorum
1035 3950 1419 4017 intellexisse
1434 3999 1454 4034 ,
1488 3952 1671 4040 quod
1697 3951 1935 4018 ederet.
1972 3955 2128 4036 Quo
2162 3953 2369 4033 major
2402 3953 2595 4018 nobis

467 4055 676 4120 danda
704 4071 801 4121 est
835 4079 1062 4145 opera,
1095 4073 1172 4123 ut
1188 4107 1206 4136 ,
1242 4057 1424 4146 quod
1456 4058 1673 4124 adhuc
1702 4060 2071 4150 neglectum
2100 4059 2265 4133 adeo
2298 4075 2373 4146 et3
2394 4058 2619 4140 desti-h
