2975 4684
689 371 823 440 AD
886 371 1220 440 sALEu
1282 349 1559 441 BAssl
1623 373 2074 444 CARMEN.
2308 397 2443 468 277

601 493 780 546 Pulvis
794 533 812 562 ,
833 492 904 548 ad
924 495 1234 548 Ambracias
1253 513 1509 550 conversa
1529 496 1795 570 gymnade
1818 496 2031 551 frondes
2044 536 2060 560 ,

601 579 677 630 Tr
685 597 780 631 nus
801 577 997 650 gentile
1017 579 1208 633 fretum
1239 578 1430 651 placidi
1450 579 1701 633 facundia
1720 580 1855 642 Polli

601 661 800 714 Detulit
824 701 840 722 ‚
878 673 983 720 etc.

321 781 520 868 Pigra
548 783 719 868 quies
741 780 940 846 stadii
957 797 1023 846 et
1046 781 1296 848 sedatus
1302 785 1455 873 jam
1472 783 1685 871 pulvis
1720 783 2083 874 significant
2118 783 2292 848 haud
2320 783 2440 848 du-

319 881 454 958 bie,
487 881 776 947 clausum
803 882 936 963 jam
965 883 1244 948 stadium
1281 899 1350 948 et
1377 883 1557 950 finita
1602 883 1987 949 athletarum
2020 885 2369 950 certamina
2400 909 2435 948 a

321 981 591 1070 Papinio
643 983 930 1050 indioeri.
985 984 1114 1051 Sed
1149 985 1484 1051 finitorum
1526 1009 1755 1051 eorum
1788 1009 2078 1052 caussam
2112 985 2349 1051 addere
2379 988 2447 1049 in

322 1082 534 1147 verbis
573 1085 994 1172 sequentibus
1023 1084 1303 1170 videtur,
1325 1087 1421 1152 ad
1427 1089 1799 1152 Ambracias
1826 1111 2119 1152 conversa
2138 1087 2459 1176 gymnade
2505 1113 2514 1139 ι

293 1183 612 1274 fivndes,
649 1209 804 1274 quae
847 1210 1001 1252 sane
1051 1187 1325 1253 obscura
1363 1206 1479 1256 est.
1535 1189 1891 1273 Domitius,
1924 1191 2035 1276 qui
2088 1189 2265 1254 solus
2318 1190 2452 1253 sere

322 1287 459 1352 baec
509 1287 704 1352 verba
756 1289 1004 1379 attigit,
1037 1289 1255 1378 inepta
1289 1290 1857 1378 interpretatione,
1912 1311 2109 1377 quam
2142 1291 2278 1378 ipse
2312 1311 2448 1353 non

321 1387 647 1478 intelligo,
683 1387 845 1452 nihil
877 1388 1112 1473 efficit,
1149 1389 1230 1454 de
1265 1391 1603 1454 Ambracia
1638 1392 1948 1478 loquens,
1987 1390 2053 1454 in
2097 1413 2225 1478 qua
2256 1391 2452 1454 Sellas

322 1487 594 1574 patriam
625 1487 927 1553 habuerit
953 1506 1136 1578 pater
1161 1490 1367 1556 Statii.
1403 1491 1703 1574 Barthius
1735 1492 2117 1555 Ambracias
2132 1489 2413 1579 frondes
2429 1540 2451 1572 ,

319 1587 362 1649 i.
381 1609 438 1651 e.
462 1588 710 1652 laureas
734 1589 973 1654 rectius
998 1591 1460 1679 interpretatur
1473 1592 1764 1660 Actiacos
1788 1590 1979 1658 ludos
1996 1641 2015 1674 ,
2044 1607 2195 1679 post
2209 1592 2453 1656 victum

321 1711 400 1752 eo
443 1689 590 1754 loc-o
622 1690 712 1754 Μ.
747 1691 1106 1756 Antonium
1152 1692 1235 1756 ab
1273 1697 1573 1782 Augusto
1613 1692 1965 1757 institutos.
1998 1691 2145 1756 vid.
2188 1691 2456 1758 Sueton.

323 1793 486 1880 Aug.
521 1813 658 1878 ουρ.
694 1791 796 1857 ι8.
847 1792 987 1857 Hos
1027 1793 1226 1881 igitur
1270 1791 1460 1858 ludos
1510 1793 1809 1881 Nicopoli
1859 1790 1941 1856 ad
1980 1793 2237 1858 Actium
2286 1795 2455 1857 cele-

321 1892 538 1956 bratos
577 1915 866 1958 mussam
911 1893 1130 1988 fuisse·
1149 1893 1370 1983 prodit
1405 1891 1573 1958 finiti
1609 1895 1708 1956 vel
1747 1893 1979 1958 sublati
2021 1894 2247 1981 agonis
2284 1893 2345 1957 N
2348 1917 2453 1960 ea-

321 1991 585 2080 politani
605 2041 624 2074 ,
657 1995 810 2082 quia
827 2017 1136 2082 gymnas,
1171 1995 1212 2059 i.
1237 2018 1294 2060 e.
1317 1996 1659 2085 gymnicus
1686 2017 1855 2083 agon
1873 2043 1889 2068 ‚
1921 1995 2023 2058 vel
2046 1994 2233 2058 turba
2260 1995 2459 2060 athle-

322 2111 533 2158 tarum
549 2142 567 2176 ,
603 2111 744 2160 tum
773 2118 1062 2160 conversa
1089 2093 1288 2162 fuerit
1317 2095 1402 2162 ad
1428 2095 2081 2184 Ambraczzzsstundes
2095 2144 2117 2176 ,
2158 2097 2456 2161 Actiacos

323 2194 513 2259 ludos
548 2195 990 2261 celebrandos.
1025 2196 1236 2276 Hujus
1281 2197 1687 2285 pronuntiati
1720 2195 1963 2284 duplex
1994 2197 2159 2260 ratio
2203 2212 2268 2260 et
2305 2219 2455 2261 sen-

323 2297 518 2362 tentia
573 2297 789 2361 afferri
839 2314 1083 2386 potest:
1108 2298 1210 2362 vel
1253 2297 1661 2361 imminutam
1700 2312 1842 2361 tum
1893 2296 2092 2360 fuisse
2138 2296 2446 2363 ludorum

322 2397 899 2485 Neapolitanorum
919 2398 1352 2462 celebritatem
1370 2448 1389 2481 ‚
1403 2419 1646 2486 eosque
1666 2398 1857 2462 citius
1872 2396 2193 2463 finiendos
2210 2447 2229 2481 ,
2244 2421 2451 2486 quum

324 2499 672 2585 praevalens
700 2499 1108 2564 Actiacorum
1141 2495 1307 2564 tama
1337 2500 1607 2564 athletas
1637 2524 1773 2564 non
1804 2500 2021 2564 minus
2039 2548 2057 2582 ,
2093 2523 2288 2588 quam
2320 2523 2458 2590 spe·

325 2614 598 2664 ctatores
633 2598 1020 2682 abduceret3
1053 2602 1152 2664 vel
1187 2601 1481 2666 Actiacos
1512 2600 1702 2667 ludos
1736 2603 1823 2667 ita
1852 2602 2164 2690 subsequi
2197 2603 2257 2667 N
2260 2625 2455 2691 eapo-

321 2701 554 2765 litanos
574 2749 591 2782 ,
628 2717 702 2765 ut
744 2701 844 2765 his
893 2702 998 2765 vix
1051 2700 1252 2766 finitis
1303 2701 1515 2766 studia
1568 2703 1911 2767 hominum
1968 2702 2050 2767 ad
2101 2703 2453 2768 certamina

323 2803 580 2867 Actiaca
633 2800 896 2866 visenda
947 2817 1012 2866 et
1043 2802 1428 2868 celebranda
1475 2819 1958 2868 convertantur.
2020 2806 2237 2890 Atque
2288 2803 2454 2882 haec,

320 2925 516 2990 quam
553 2904 876 2992 posterius
908 2905 1134 2991 posui,
1162 2903 1483 2968 sententia
1514 2903 1583 2966 in
1621 2926 1689 2967 se
1720 2904 1852 2966 veri
1886 2901 2243 2966 admodum
2280 2901 2456 2964 simi·

321 3003 428 3086 lis,
461 3021 528 3068 et
557 3004 639 3069 ab
663 3004 947 3069 Adriano
976 3004 1326 3086 Turnebo,
1345 3003 1609 3070 Advers.
1648 3004 1759 3069 lib.
1790 3005 1887 3068 xl
1906 3051 1925 3086 ‚
1968 3026 2107 3092 cap.
2152 3003 2229 3068 15
2250 3052 2267 3085 ,
2298 3025 2453 3091 pro-

234 3108 246 3119 “
320 3105 468 3169 bata
502 3121 634 3186 cst,
671 3106 786 3193 qui
819 3127 900 3170 eo
943 3127 1154 3186 anno,
1187 3127 1324 3192 quo
1356 3105 1496 3169 haec
1532 3105 1788 3194 scripsit
1832 3105 2109 3186 Statius,
2147 3103 2455 3168 accidisse

322 3204 480 3270 dicit
494 3254 511 3281 ‚
535 3223 610 3270 ut
626 3206 869 3270 Actiaci
899 3203 1038 3269 ludi
1058 3207 1517 3294 Neapolitanos
1535 3222 1983 3295 sequerentur.
2006 3204 2215 3292 quue
2238 3206 2453 3293 ipsum

320 3329 400 3372 ex
430 3309 586 3372 anni
613 3323 942 3395 tempore,
974 3330 1108 3396 quo
1140 3306 1404 3395 utrique
1437 3307 1739 3371 celebrati
1771 3307 2115 3387 videntur,
2151 3305 2335 3372 facile
2360 3322 2457 3371 est

321 3408 640 3498 colligere.
664 3408 1014 3473 Suetonius
1042 3409 1410 3498 Augustum
1433 3407 1922 3496 quinquennale
1950 3423 2274 3473 certamen
2297 3407 2361 3472 N
2364 3431 2460 3472 ea-

311 3503 454 3596 'poli
485 3511 708 3598 paucis
730 3526 880 3574 ante
903 3527 1180 3575 mortem
1203 3509 1436 3576 diebus
1461 3525 1897 3599 perspectasse
1918 3524 2135 3574 narrat
2150 3557 2167 3584 ‚
2186 3532 2323 3597 cap.
2346 3511 2454 3594 98.

322 3611 382 3674 Is
399 3633 558 3676 vero
577 3610 852 3676 decessit
876 3611 1031 3674 xlv
1057 3612 1188 3675 Cal.
1217 3610 1579 3701 Septembr.
1602 3626 1767 3674 teste
1784 3607 2130 3688 Suetonio,
2149 3630 2288 3694 cap.
2311 3628 2454 3670 roo.

320 3711 491 3776 Hinc
522 3734 746 3776 mense
769 3714 1064 3802 Augusto
1101 3711 1170 3776 id
1199 3727 1527 3777 certamen
1564 3711 1668 3799 agi
1700 3710 2002 3788 solitum,
2040 3707 2453 3770 manifestum

321 3829 452 3893 est,
489 3812 688 3901 idque
705 3814 920 3903 ipsum
941 3814 1180 3878 mensis
1199 3814 1450 3895 honor,
1487 3829 1563 3876 ut
1588 3809 1961 3890 credamus,
1994 3806 2250 3888 suadet,
2278 3804 2457 3894 quod

321 3913 386 3976 in
425 3936 494 3978 se
523 3913 857 4002 probabile
889 3931 1012 3996 est,
1033 3913 1222 3977 ludos
1251 3915 1487 3978 honori
1514 3913 1793 4004 Augusti
1810 3911 2157 3976 ’institutos
2192 3925 2258 3972 et
2280 3923 2456 3972 actos

321 4037 400 4079 eo
433 4037 654 4079 mense
687 4037 826 4080 esse
848 4063 865 4097 ,
900 4015 1013 4102 qui
1049 4015 1324 4103 Augusti
1357 4016 1625 4079 nomine
1660 4027 2169 4101 nuncuparetur.
2213 4009 2455 4073 Actiaci

321 4115 460 4182 ludi
493 4115 672 4183 haud
717 4116 916 4184 dubie
953 4139 1032 4181 eo
1081 4137 1302 4188 mense
1345 4117 1645 4184 celebrati
1680 4129 1868 4197 sunt,
1903 4137 2037 4201 quo
2076 4111 2345 4178 victoria
2374 4107 2455 4173 ad
