2975 4684
417 420 422 425 ¹
452 326 597 411 604

1327 336 1739 406 INCERTI

552 452 878 522 Caestibus
921 455 1213 524 adversis
1248 472 1530 527 cunctos
1567 461 1907 553 superavit
1942 464 2167 555 Epeus
2188 516 2208 547 ‚

556 574 644 640 Et
679 570 864 644 diseo
903 570 1094 639 fortis
1126 570 1503 665 Polypoetes
1540 571 1797 667 depulit
1837 597 2107 659 omneS‚
2152 624 2159 629 -

551 683 1022 775 Merionesque
1059 706 1222 751 arcu
1253 707 1280 749 ε·
1303 682 1572 751 tandem
1616 685 1983 753 certamine
2018 686 2223 753 misso

553 796 632 861 In
677 818 796 861 sua
841 806 1056 861 castra
1101 792 1273 861 redit
1310 794 1531 861 turbis
1568 795 1926 864 comitatus
1966 793 2275 871 AchilleS.

649 906 901 972 XXIV.
915 907 968 971 F
971 902 1113 975 lent
1124 905 1348 973 miseri
1363 904 1677 974 amissum
1692 906 1985 1001 Phryges
1995 909 2309 993 Hectora,
2318 920 2597 999 totaque
2614 922 2851 977 moesto

559 1014 760 1107 'l'roja
789 1030 982 1083 sonat
1009 1014 1316 1108 planetu3
1342 1015 1567 1085 fundit
1591 1015 1965 1085 miseranda
1994 1014 2295 1111 querelas

550 1122 791 1193 Infelix
827 1126 1134 1211 Hecube,
1179 1127 1501 1221 saevisque
1528 1141 1671 1196 arat
1710 1127 2049 1221 unguibus
2084 1152 2237 1213 ora,

555 1235 1167 1331 Andromacheque
1205 1262 1358 1305 suas
1395 1237 1641 1307 scindit
1667 1237 1751 1307 de
1783 1252 2053 1331 pectore
2088 1251 2333 1323 vestm,

557 1344 738 1419 Heu!
778 1364 968 1417 tanto
1004 1348 1286 1443 spoliata
1325 1350 1511 1417 viro:
1537 1350 1674 1418 ruit
1712 1349 1931 1419 omnis
1970 1350 2039 1416 in
2076 1373 2215 1417 uno

557 1463 844 1529 Hectore
868 1485 1099 1529 caussa
1119 1460 1458 1555 Phrygum
1473 1496 1501 1547 ‚-
1520 1459 1761 1529 cecidit
1778 1459 2033 1529 defessa
2052 1474 2355 1528 senectus

551 1567 825 1638 Adflicti
863 1569 1240 1638 miseranda
1277 1571 1523 1666 ραι-ἦε,
1558 1596 1757 1665 quem
1796 1596 1919 1639 nec
1955 1594 2075 1639 sua
2106 1571 2355 1664 conjux

555 1680 917 1774 Turbaque
952 1695 1262 1749 natorum
1286 1735 1305 1768 ‚
1341 1706 1465 1751 nec
1502 1683 1729 1775 magni
1768 1680 1981 1776 gloria
2022 1681 2211 1775 regni

454 1890 560 1944 que
599 1871 827 1926 ferocem
861 1873 1154 1927 Mei-ionem
1191 1889 1403 1945 superat
1430 1894 1478 1939 -3

453 1970 618 2023 quum
631 1955 851 2011 Helmst.
863 1962 1054 2025 &tides
1066 1962 1308 2023 tirsim,G.
1327 1980 1350 2015 ι
1369 1965 1482 2014 clair-

455 2040 580 2098 sim,
607 2050 658 2090 et
690 2038 757 2093 G.
789 2058 816 2091 ²
851 2045 1036 2094 tirsmn.
1055 2042 1334 2114 Corruptae
1353 2044 1482 2096 huic

455 2116 577 2170 voci
599 2139 792 2173 nomen
821 2123 1097 2193 proprium
1132 2143 1240 2177 non
1270 2126 1450 2177 subest
1464 2161 1480 2188 ‚

450 2219 576 2253 nam
604 2201 845 2271 sequitur
869 2206 1161 2256 Mer-ionem.
1192 2204 1385 2275 Agitur
1413 2204 1483 2258 de

451 2280 738 2333 certamine
765 2300 1024 2354 equorum
1041 2323 1056 2348 ,
1075 2303 1183 2355 quo
1200 2284 1482 2337 Diomedes

453 2359 575 2413 vicit
621 2361 942 2425 Mer-ionem,
985 2364 1078 2435 qui
1124 2363 1212 2415 hic
1255 2362 1482 2417 absurde

453 2438 650 2493 dicitur
664 2444 1066 2509 pedibusfemoe,
1083 2444 1173 2511 ,vel
1202 2448 1359 2497 velox
1373 2482 1389 2505 ,
1423 2454 1481 2496 ut

457 2520 513 2571 in
540 2520 682 2591 Lips.
713 2521 919 2592 legitur.
955 2522 1070 2593 Ego
1097 2523 1174 2577 eie
1201 2535 1374 2577 statuo
1401 2523 1481 2576 le-

453 2598 684 2670 gendum
704 2618 718 2653 :
745 2626 770 2647 ιι
795 2599 1030 2673 Tydides
1055 2602 1183 2656 circi
1206 2622 1366 2657 cursu
1391 2624 1480 2675 pe-

455 2678 718 2751 dibusque
734 2682 968 2735 ferorum
1003 2682 1294 2736 Merionen)
1321 2702 1479 2755 supe-

451 2771 535 2811 rat
553 2764 858 2814 ».—Circum
883 2760 952 2815 de
973 2761 1338 2834 hippodromis
1357 2766 1482 2835 poni

453 2858 484 2891 a
510 2842 681 2911 poetis
699 2854 881 2895 monet
899 2842 1243 2905 Schraderus,
1259 2844 1478 2897 Emend.

453 2939 569 2991 cap.
593 2923 625 2974 8
645 2962 659 2985 ,
687 2942 737 2993 p.
760 2926 878 2977 160.
895 2924 997 2976 En.
1011 2954 1079 2965 —-
1095 2924 1321 2977 Femmm
1348 2923 1480 2977 dixit

450 3018 549 3070 pro
569 3022 825 3068 equorum,
843 3003 1080 3075 exemplo
1088 3003 1298 3075 Virgilii
1319 3044 1334 3070 ‚
1352 3008 1478 3056 AEn.

457 3079 513 3131 11
531 3118 546 3143 ,
575 3081 632 3132 51
649 3118 664 3141 ,
687 3082 759 3143 V,
777 3082 910 3143 818;
929 3081 1134 3135 Manilii
1157 3082 1342 3145 lib.v,
1374 3088 1442 3153 76
1463 3120 1478 3146 ,

455 3161 550 3212 uhi
569 3160 638 3213 de
653 3162 769 3231 ipso
783 3162 962 3232 auriga
977 3161 1106 3216 circi
1122 3182 1135 3216 :
1158 3189 1183 3207 ιι
1194 3163 1298 3214 Aut
1311 3181 1480 3233 quum

454 3239 630 3293 laxato
664 3241 934 3311 fregerunt
969 3241 1187 3295 cardine
1223 3243 1480 3309 claustra,

455 3319 740 3392 Exagitare
771 3321 936 3381 feros,
963 3340 1300 3392 pronumque
1337 3332 1480 3375 ante·

395 3432 405 3453 x
453 3398 534 3451 ire
563 3400 802 3452 volantes
823 3418 878 3452 n:
921 3399 1058 3453 adde
1090 3400 1324 3454 Petronii
1361 3420 1481 3473 cap.

459 3480 526 3547 89
541 3520 556 3545 ‚
583 3478 639 3532 iu
654 3480 830 3551 Trojae
847 3480 1013 3533 halosi
1029 3520 1043 3545 ,
1066 3500 1118 3533 v.
1139 3499 1197 3533 1²
1213 3522 1229 3546 ,
1248 3494 1300 3535 et
1318 3483 1484 3534 Auso-

456 3558 558 3623 nii,
587 3561 680 3633 qui
706 3563 954 3612 Diomedis
965 3564 1110 3629 seros
1126 3600 1145 3622 ,
1180 3561 1214 3612 i.
1241 3581 1288 3614 e.
1319 3580 1482 3633 equos

457 3638 584 3693 dicit
603 3640 767 3712 Epist.
797 3647 885 3704 24,
913 3659 991 3711 ¹7·
1011 3639 1096 3698 Sic
1117 3638 1480 3705 emendatum,

455 3722 698 3791 quamvis
717 3740 748 3772 e
768 3718 880 3773 sola
909 3722 1240 3793 conjectura,
1275 3739 1479 3774 versum

456 3802 512 3854 in
563 3814 809 3854 contexto
852 3800 1004 3871 posui
1025 3840 1040 3866 ‚
1092 3814 1152 3853 ut
1193 3811 1366 3872 posset
1412 3800 1484 3852 in-

455 3882 644 3953 telligi.

531 3966 676 4013 1016.
694 3962 944 4028 Superavic
965 3966 1128 4028 Epeos
1151 3982 1168 4009 .·
1194 3960 1271 4013 sic
1300 3978 1480 4011 emen-

453 4039 648 4092 darunt
691 4039 924 4109 Dorpius
967 4051 1020 4090 et
1063 4039 1350 4090 Dussenius
1369 4078 1384 4100 ,
1429 4049 1480 4089 et

455 4118 530 4169 sic
551 4116 814 4171 Homerus
838 4115 992 4170 docet
1011 4154 1028 4181 ,
1068 4116 1226 4171 Iliad.
1259 4116 1441 4171 xxm
1463 4156 1479 4184 ,

1572 1877 1695 1929 665.
1746 1877 1811 1929 In
1858 1876 2079 1948 vulgatis
2139 1888 2192 1928 et
2248 1876 2457 1947 scriptis
2526 1889 2607 1929 est

1570 1961 1811 2025 Eplaeoebus
1828 1996 1844 2018 ‚
1870 1960 2091 2027 Ephebus
2106 1996 2123 2017 ,
2147 1960 2409 2026 Ephemus.

1647 2055 1798 2106 ¹⁰¹7·
1833 2039 1987 2089 Fortis
2014 2040 2285 2105 Pohrpoetes
2310 2058 2329 2088 .-
2363 2036 2438 2089 sic
2466 2037 2603 2088 scri—

1571 2115 1806 2169 bendum
1830 2136 1894 2169 ex
1914 2118 2149 2170 Homero
2162 2158 2179 2183 ‚
2208 2116 2361 2169 Iliad.
2380 2115 2569 2169 xxm
2587 2156 2603 2181 ‚

1572 2196 1695 2250 836.
1724 2195 1865 2249 Editi
1886 2197 2086 2249 habent
2112 2199 2386 2249 Polibaetes.
2406 2195 2475 2248 G.
2509 2214 2529 2248 1
2553 2208 2606 2248 et

1572 2277 1632 2327 L.
1640 2276 1769 2345 forti
1792 2279 2046 2328 Polibeoes.

1647 2374 1797 2409 1020.
1838 2361 1985 2409 Troes
2012 2362 2222 2408 Hectora
2249 2372 2346 2426 pro
2384 2356 2601 2421 Phryges

1570 2434 1861 2488 Helmstad.

1647 2534 1741 2569 102
1754 2536 1774 2568 ι
1787 2557 1800 2569 .
1820 2519 2113 2570 Miseranda
2140 2520 2365 2583 querelas
2386 2518 2597 2583 Infelix.

1570 2596 1855 2649 Geminare
1876 2595 2109 2668 epitheta
2128 2596 2315 2648 Noster
2336 2594 2489 2659 solet,
2510 2596 2599 2647 uhi

1568 2676 1791 2729 alterum
1810 2674 2183 2729 adverbialiter
2199 2673 2571 2747 exponendum
2584 2716 2600 2739 ,

1570 2756 1712 2808 velut
1738 2756 1827 2807 hic
1849 2759 2164 2815 miseranda,
2196 2756 2233 2807 i.
2268 2774 2312 2807 e.
2348 2754 2601 2807 misenu-

1568 2834 1699 2887 dum
1724 2836 1779 2887 in
1810 2835 2027 2888 modum
2050 2853 2066 2899 ;
2098 2834 2349 2906 idemque
2372 2836 2603 2888 recurrit

1571 2933 1727 2969 versu
1756 2919 1908 2969 1026.

1648 3014 1741 3049 10²
1750 2994 1797 3047 3.
1822 3001 1896 3047 De
1907 3010 2105 3064 pectore
2128 3010 2308 3048 vestes.
2331 2994 2597 3048 Videatur

1568 3095 1749 3131 versus
1773 3075 1891 3129 850.

1648 3163 1797 3219 1024.
1842 3161 2001 3207 Tamo
2055 3158 2269 3223 spoliata
2332 3158 2443 3206 vim
2456 3177 2477 3215 ;
2540 3168 2601 3206 ut

1567 3235 1727 3290 Ovid.
1744 3236 1872 3289 Met.
1894 3235 2049 3301 xlv,
2072 3236 2177 3303 839
2192 3255 2209 3288 t
2232 3260 2255 3281 ιι
2272 3235 2599 3307 Praeeipuum

1570 3329 1809 3369 mati-ona
1851 3313 2019 3369 decus
2037 3352 2055 3377 .
2104 3313 2413 3385 dignissima
2465 3314 2599 3369 tanti

1569 3397 1705 3449 Ante
1731 3396 1892 3449 fuisse
1915 3396 2015 3451 viri
2036 3398 2231 3467 conjux
2246 3422 2295 3447 ιι.

1648 3494 1744 3533 lou
1752 3476 1798 3529 5.
1818 3482 1878 3527 In
1899 3496 1998 3527 uno
2016 3480 2222 3528 Hectore
2241 3495 2421 3526 caussa
2440 3479 2601 3540 Pliry-

1565 3576 1689 3625 gum
1709 3577 1727 3607 .-
1752 3568 1812 3608 ιιι
1834 3554 2121 3609 Pentadius
2140 3556 2195 3609 in
2216 3554 2423 3607 tumulo
2444 3554 2595 3607 Hect.

1570 3636 1923 3689 «Occubuere
1940 3634 2097 3688 simu}
2114 3654 2337 3707 spesque
2354 3634 2601 3706 salusque

1572 3714 1841 3787 Phrygum
1862 3733 1918 3778 »ς
1940 3728 1994 3767 et
2013 3716 2280 3768 Ausonius
2299 3753 2314 3777 ,
2346 3714 2597 3785 Epitaph.

1574 3794 1868 3847 Her-XIV:
1904 3820 1925 3841 ι
1945 3795 2187 3847 Hectoris
2216 3794 2307 3847 hic
2336 3793 2603 3859 tumulus,

1572 3892 1693 3927 cum
1714 3894 1823 3946 quo
1846 3894 1936 3927 sua
1950 3875 2109 3946 Troja
2128 3873 2335 3945 sepulta
2352 3886 2447 3926 est.
2462 3873 2601 3926 Con-

1572 3953 1773 4007 dantur
1794 3954 2010 4025 pariter,
2037 3953 2129 4025 qui
2157 3952 2356 4024 periere
2378 3953 2539 4007 simul
2558 3982 2599 4005 -.

1570 4035 1654 4085 Cf.
1678 4053 1726 4086 v.
1754 4033 1881 4096 1045
1904 4045 1959 4085 et
1978 4034 2129 4102 ¹059·
2150 4064 2215 4073 -
2233 4034 2441 4103 Desecea
2459 4054 2603 4085 sene-

1571 4128 1674 4167 ctus
1695 4114 1839 4166 estin
1854 4110 1976 4166 edd.
1984 4113 2197 4183 semesea
2216 4126 2439 4168 senectus
2465 4114 2521 4168 in
2538 4115 2600 4166 A.
