2975 4684
677 345 1172 447 PETRONI'I
1223 376 1699 446 CARMINA
1748 375 2171 446 MINORA.
2403 374 2484 448 51

361 509 675 600 poematis
695 509 988 574 recensio
1011 509 1094 572 ab
1113 506 1310 574 Hadr.
1339 508 1537 574 Iunio
1562 530 1597 571 e
1624 507 1865 596 scripto
1888 507 2058 572 libro
2078 553 2097 589 ,
2130 529 2283 574 mox
2304 511 2495 576 etiam

363 640 402 680 a
431 617 564 680 Ios.
611 615 934 704 Scaligero
968 636 1047 678 ex
1076 614 1202 678 alio
1250 613 1531 702 scripto,
1566 611 1681 678 sed
1722 635 1858 678 non
1914 613 2197 678 multum
2243 613 2497 681 diverso

363 723 532 786 sacta
549 739 666 786 est.
695 722 964 786 Iunium
987 720 1261 784 maxime
1279 719 1683 784 Pulmannus
1711 719 1780 782 in
1798 720 2273 808 Antwerpiensi
2307 745 2335 786 1
2348 720 2498 810 576,

367 840 438 892 et
489 829 926 891 Bersmannus
971 827 1038 888 in
1089 825 1260 914 Lips.
1307 823 1474 911 1589
1530 841 1849 913 sequutus
1904 840 2005 890 est
2030 871 2048 907 ‚
2104 825 2498 916 Scaliger-um

367 932 661 998 Pithoeus
681 981 702 1014 ,
757 945 826 996 et
875 931 1284 1020 'I'rognoesius
1335 933 1404 996 in
1464 931 1939 1019 Antwerpiensi
2006 931 2193 998 1608.
2242 935 2501 1023 Reliqui

369 1037 564 1102 etiam
597 1035 876 1100 editores
905 1036 1023 1100 uni
1059 1036 1162 1100 vel
1193 1036 1380 1100 alteri
1411 1035 1651 1100 borum
1668 1085 1689 1118 ,
1735 1050 1849 1100 aut
1872 1036 2137 1125 utrique
2162 1059 2231 1102 se
2264 1039 2501 1120 adjun-

369 1159 574 1231 gunt,
598 1143 724 1206 nisi
759 1143 930 1206 sorte
966 1141 1338 1222 conjectura
1375 1157 1490 1206 aut
1524 1163 1745 1207 errore
1774 1142 1857 1206 ab
1894 1141 2035 1207 istis
2058 1143 2393 1210 recedunt.
2421 1150 2501 1213 In

369 1249 994 1314 commentatoribus
1045 1263 1112 1312 et
1151 1247 1617 1336 interpretibus
1660 1247 1855 1328 hujus
1891 1251 2207 1337 poematis
2256 1273 2455 1339 quem
2482 1303 2502 1337 ,

366 1369 602 1444 praeter
621 1353 922 1442 Scaliger.
942 1369 1008 1420 et
1027 1351 1587 1442 Lindenbrogium
1604 1351 1689 1416 ad
1702 1353 2019 1420 catalecta
2034 1354 2213 1444 Virg.
2237 1371 2305 1422 et
2326 1359 2509 1424 Bers-

369 1460 596 1525 manni
628 1459 847 1524 brevia
867 1459 1141 1542 scholia,
1173 1481 1549 1540 numerem,
1576 1459 1835 1524 nullum
1858 1459 2014 1524 scio.
2048 1463 2339 1550 Casparis
2362 1465 2512 1530 Bar-

367 1566 494 1632 thii
523 1567 592 1629 in
623 1551 940 1653 quosdam
972 1565 1150 1630 locos
1174 1564 1312 1644 ejus
1337 1565 1639 1629 carminis
1670 1564 2255 1632 animadversiones
2276 1569 2509 1659 legun-

367 1670 828 1736 turAdversar.
850 1670 968 1734 lib.
993 1671 1225 1754 XXII,
1255 1691 1338 1734 22
1360 1669 1645 1751 3XX1V,
1674 1670 2093 1753 143xxV11‚
2134 1672 2236 1755 133
2257 1675 2507 1757 XLIX,
2550 1705 2559 1716 ·

369 1801 436 1866 7.
455 1779 704 1842 Locum
726 1777 1064 1842 classicum
1085 1775 1170 1842 de
1195 1775 1354 1840 ludo
1379 1775 1901 1840 latrunculorum
1922 1799 1961 1840 a
1981 1799 2173 1841 versu
2208 1779 2331 1844 180
2348 1782 2511 1845 mul-

369 1901 516 1948 tum
535 1883 880 1948 illustravit
907 1883 1254 1947 Salmasius
1271 1881 1356 1946 ad
1374 1882 1575 1946 Flavii
1592 1882 1859 1970 Vopisci
1878 1880 2227 1948 Proculum
2252 1907 2268 1948 ε
2294 1895 2511 1952 totum

368 1990 568 2054 etiam
615 1989 875 2077 repetiit
919 2005 984 2053 et
1029 1987 1290 2052 scholiis
1333 1989 1677 2052 illustravit
1706 1986 1910 2053 Andr.
1954 1989 2347 2056 Senftlebius
2369 2040 2389 2074 ,
2434 1993 2517 2058 de

371 2097 528 2162 Alea
555 2111 680 2160 vet.
709 2117 846 2184 oep.
881 2095 1033 2160 ΧΠ.
1065 2093 1204 2160 Nos
1241 2095 1364 2182 ipsi
1395 2116 1658 2158 carmen
1686 2094 1815 2158 hoc
1834 2117 1871 2159 e
1898 2097 2279 2162 recensione
2304 2081 2510 2164 Gottl.

369 2201 612 2283 Cot-tii,
642 2217 719 2266 ut
743 2199 1218 2282 emendatiore,
1259 2198 1583 2266 dabimus.
1615 2201 1748 2284 Qui
1782 2202 1879 2266 uti
1916 2217 2164 2266 textum
2192 2204 2445 2268 Lucani·
2474 2227 2510 2269 e

369 2329 604 2397 magna
629 2307 1012 2394 collatorum
1036 2330 1074 2370 a
1101 2329 1170 2372 se
1190 2306 1509 2372 librorum
1538 2307 1931 2395 scriptorum
1962 2324 2027 2372 et
2054 2307 2381 2374 editorum
2402 2333 2510 2376 co·

371 2415 480 2503 pia
507 2415 862 2478 formatum
891 2414 1120 2502 Lipsiae
1161 2413 1328 2501 1726
1370 2412 1589 2496 dedit,
1636 2415 2007 2503 prolaturus
2036 2430 2263 2504 postea
2300 2417 2509 2496 majus

369 2541 577 2608 opus,
619 2518 1100 2586 commentariis
1129 2535 1194 2584 et
1224 2519 1396 2584 notis
1441 2519 1576 2584 suis
1612 2519 2041 2602 instructum,
2077 2520 2257 2608 quod
2290 2537 2509 2587 tamen

370 2647 711 2712 nunquam
727 2625 940 2689 lucem
961 2623 1160 2706 vidit3
1191 2625 1280 2688 ita
1299 2646 1561 2688 carmen
1592 2623 1674 2687 ad
1699 2623 2003 2690 Pisonem
2032 2627 2299 2692 Lucano
2326 2627 2512 2694 addi-

372 2747 518 2796 tum
553 2731 938 2818 comparatis
973 2729 1370 2794 editionibus
1411 2729 1679 2794 diversis
1701 2780 1720 2814 ,
1754 2753 1907 2794 nam
1950 2733 2407 2822 manuscriptis
2440 2735 2509 2798 in

370 2837 502 2902 hoc
537 2837 732 2900 nullis
763 2858 920 2900 usus
952 2854 1050 2924 est
1072 2884 1092 2918 ,
1139 2836 1421 2901 restituit
1439 2885 1458 2918 ,
1494 2851 1691 2923 atque
1722 2859 1800 2899 ex
1826 2836 1928 2900 his
1964 2837 2169 2902 varias
2202 2838 2511 2906 lectiones

371 2960 440 3007 et
469 2944 872 3022 conjecturas
905 2941 1312 3008 eruditorum
1349 2957 1530 3008 texto
1566 2943 1859 3022 subjecit.
1891 2943 2021 3006 Has
2038 2991 2057 3024 ,
2086 2945 2187 3008 uti
2220 2967 2257 3008 a
2291 2946 2515 3010 Cottio

372 3049 662 3114 collectae
715 3059 931 3130 erant,
973 3047 1344 3112 retinendas
1399 3064 1466 3112 et
1516 3045 1897 3136 repetendas
1949 3050 2205 3136 putavi,
2255 3049 2515 3131 adjectis

373 3155 710 3218 nonnullis
728 3155 864 3220 aliis
881 3203 898 3236 ,
922 3177 1082 3242 quas
1109 3155 1244 3244 ipse
1269 3154 1778 3220 observaverant.
1806 3153 2207 3245 subjungam
2234 3157 2311 3222 iis
2330 3160 2515 3224 Bers-

371 3261 601 3324 manni
627 3259 844 3324 brevia
875 3261 1114 3325 scholia
1133 3311 1151 3344 ,
1186 3277 1330 3326 tum
1361 3261 1663 3350 scaligeri
1692 3276 1756 3325 et
1779 3259 2247 3351 Lindenbrogii
2282 3265 2511 3330 obser-

369 3365 701 3446 vationes,
735 3380 1056 3452 quatenus
1089 3383 1340 3432 textum
1363 3367 1689 3430 illustrant
1708 3413 1726 3446 ,
1769 3366 1931 3431 meis
1968 3389 2119 3432 cum
2148 3372 2513 3435 annotatio-

373 3470 571 3534 nibus
609 3471 1010 3550 conjunctas.

460 3575 540 3638 V.
575 3574 632 3638 E
669 3575 992 3640 Pru-noun
1039 3577 1308 3658 Satirico
1349 3577 1661 3642 nonnulla
1704 3578 1989 3644 carmina
2022 3579 2277 3644 minora
2308 3598 2508 3646 resta-

369 3773 504 3826 mini
531 3773 736 3826 deesse.
764 3774 868 3828 Sed
904 3776 1124 3830 fortasse
1145 3777 1434 3848 abruptum
1458 3778 1527 3830 ab
1561 3777 1673 3848 ipso
1702 3789 1920 3832 auctore
1956 3789 2007 3830 et
2042 3777 2409 3848 imperfectum
2442 3780 2512 3834 ad

369 3880 470 3914 nos
496 3861 742 3933 pervenit
760 3899 775 3924 ,
800 3874 892 3915 aut
913 3863 1072 3918 etiam
1100 3875 1452 3916 extremorum
1474 3883 1727 3918 versuum
1756 3871 1946 3935 247·49
1984 3863 2321 3918 incommoda
2344 3877 2515 3920 trans-

369 3949 570 4022 positio
606 3970 638 4003 a
671 3949 896 4003 librariis
920 3950 1060 4004 facta
1087 3963 1177 4005 est.
1215 3951 1353 4004 Nam
1389 3952 1434 4004 si
1475 3953 1611 4006 forte
1648 3953 1705 4004 hi
1740 3965 1859 4024 post
1890 3972 2026 4006 vers.
2053 3961 2153 4017 ²4⁰
2178 3952 2477 4009 inserantur
2496 3997 2512 4020 ,

371 4039 596 4090 omnino
627 4037 958 4092 commodius
985 4057 1203 4093 carmen
1246 4039 1444 4094 desinet
1488 4042 1541 4093 in
1585 4061 1639 4094 v.
1682 4045 1820 4102 246:
1854 4045 2069 4103 Annuis,
2110 4057 2157 4093 et
2182 4048 2381 4108 nostris,
2410 4058 2511 4099 etc.

253 4149 270 4158 =
375 4125 638 4180 Wemsd.
659 4125 712 4178 iu
735 4125 1022 4190 Addendis.
1050 4129 1152 4180 En.

2078 4226 2167 4305 ί..
