2975 4684
973 387 1385 458 1L1Anos
1447 387 1875 457 HOMERI.
2172 451 2185 460 ,
2348 383 2491 484 457

366 515 634 604 quidem
669 532 798 580 tam
825 515 1116 582 studiose
1147 533 1215 581 et
1242 516 1586 607 diligenter
1610 517 1793 598 facit,
1828 532 1904 580 ut
1932 537 2097 607 soepe
2126 518 2491 582 Homerum

372 621 668 688 deserere
683 670 702 704 ,
732 638 997 711 propter
1017 623 1329 686 illustrem
1353 623 1635 710 aliquem
1656 622 1887 686 veteris
1917 637 2125 711 poetae
2160 625 2377 690 locum
2410 647 2491 690 eo

370 727 890 793 transferendum
907 775 926 808 ,
957 728 1274 793 videatur.
1300 728 1513 794 Habet
1553 728 1817 816 quidem
1864 729 2070 793 oratio
2108 729 2244 809 ejus
2284 730 2495 794 latini-

368 834 518 898 tatis
555 833 878 916 cadentis,
912 849 979 898 et
1013 834 1304 918 serioris,
1347 857 1483 922 quo
1516 835 1803 924 scripsit,
1832 833 1945 898 aevi
1978 833 2213 899 indicia
2240 858 2257 900 :
2287 835 2494 900 utitur

365 939 644 1005 subinde
667 939 996 1004 vocabulis
1022 939 1398 1028 vulgaribus
1427 957 1497 1003 et
1519 940 1735 1003 minus
1762 938 1981 1003 electis
1996 987 2017 1021 ,
2044 939 2282 1028 quibus
2306 941 2495 1005 absti-

367 1067 522 1114 nere
566 1059 774 1131 poetae
822 1044 1174 1111 nobiliores
1229 1045 1469 1127 solent3
1520 1042 1635 1108 sed
1670 1044 1867 1108 habet
1914 1045 2107 1110 etiam
2139 1045 2492 1134 gemmulas

367 1149 784 1238 insigniores,
816 1166 883 1213 et
925 1148 1284 1214 lectissimae
1324 1148 1655 1213 latinitatis
1702 1135 2101 1230 venustates,
2131 1174 2277 1239 quae
2308 1151 2493 1240 inge·

366 1255 552 1318 nium
580 1255 840 1344 elegans
867 1271 933 1318 et
949 1254 1226 1320 lectione
1258 1253 1935 1342 praestantissimorum
1966 1256 2353 1345 scriptorum
2376 1256 2495 1320 tri-

366 1377 510 1424 tum
569 1360 750 1424 facile
785 1359 1040 1449 prodat.
1097 1360 1261 1442 Quae
1309 1381 1432 1449 ego
1467 1361 1535 1423 in
1582 1359 2107 1426 adnotationibus
2158 1362 2317 1426 meis
2370 1361 2497 1426 hoc

367 1463 608 1554 dilige-n
617 1465 742 1530 tius
779 1464 996 1529 curavi
1039 1464 1380 1532 ostendere
1395 1512 1414 1547 ‚
1467 1488 1606 1553 quo
1652 1465 1853 1554 magis
1902 1466 2245 1554 cupiebam
2288 1483 2495 1556 poetae

365 1571 540 1642 illius
562 1569 750 1638 dotes
772 1571 1117 1660 explicare,
1150 1589 1214 1638 et
1239 1593 1276 1636 a
1301 1572 1738 1660 plurimorum
1757 1618 1775 1652 ‚
1804 1594 1937 1658 quo
1966 1573 2255 1638 laborare
2281 1571 2495 1638 adhuc

376 1676 552 1744 visus
577 1690 709 1757 est,
741 1691 1127 1764 contemptu
1153 1675 1499 1743 vindicare.

453 1783 638 1871 Opus
671 1783 884 1871 ipsum
913 1783 1087 1847 varie
1111 1783 1500 1872 inscriptum
1529 1785 1593 1846 in
1628 1786 1970 1849 excusis·et
2002 1807 2200 1852 manu
2227 1787 2495 1851 exaratis

361 1891 542 1956 libris
578 1906 696 1956 est.
746 1889 1130 1978 Antiquitus
1182 1889 1559 1978 simpliciter
1598 1892 1907 1958 Homerus
1952 1892 2208 1958 videtur
2260 1893 2493 1962 dictus.

366 1997 470 2062 Sic
511 1997 689 2060 enim
720 1997 1046 2074 Lutatius,
1081 1996 1452 2060 scholiastes
1482 1998 1707 2078 Statii,
1738 2016 1802 2063 et
1838 1999 2107 2086 quidam
2138 1998 2335 2066 medii
2380 2001 2495 2066 aevi

365 2103 708 2193 scriptores
727 2104 960 2186 citant,
987 2119 1056 2168 et
1085 2103 1178 2168 sic
1209 2103 1689 2191 antiquioribus
1734 2088 2070 2170 codicibus
2100 2105 2495 2172 inscribitur.

363 2209 488 2274 Alii
527 2225 745 2275 tamen
781 2208 1038 2274 codices
1088 2209 1457 2274 inscribunt
1489 2210 1795 2274 Homerus
1842 2211 1923 2274 de
1966 2210 2129 2275 bello
2169 2213 2455 2302 Trojano
2472 2263 2494 2294 ,

363 2315 460 2378 vel
487 2315 568 2379 de
590 2315 1004 2379 destructione
1034 2313 1244 2404 513vaoe
1260 2364 1281 2396 ‚
1319 2338 1548 2404 parum
1582 2331 1731 2406 apte
1761 2332 1827 2381 et
1853 2317 2194 2405 sapienter.
2249 2317 2498 2381 Editio-

365 2441 478 2484 nes
511 2419 806 2508 quaedam
845 2421 1170 2510 impressae
1194 2421 1452 2486 Homeri
1477 2421 1759 2487 Iliadum
1793 2445 1948 2510 opus
1980 2422 2101 2510 (1),
2134 2439 2249 2488 aut
2276 2423 2498 2510 Epito-

365 2547 506 2589 men
527 2539 590 2588 et
621 2548 930 2590 summam
961 2528 1265 2590 universa.-
1287 2525 1529 2591 Iliados
1550 2527 1812 2590 Homeri
1824 2543 2089 2608 vocant,
2117 2527 2497 2616 adduntque

369 2633 666 2720 ineptum
693 2631 970 2695 Pindari
990 2632 1295 2711 Thebani,
1325 2649 1654 2721 tamquam
1680 2634 1993 2714 auctoris,
2010 2655 2252 2698 nomen
2272 2681 2291 2714 ,
2319 2632 2500 2722 quod

366 2753 433 2800 et
479 2735 740 2801 codices
777 2735 1042 2824 quidam
1083 2737 1308 2826 scripti
1339 2755 1619 2803 servant.
1662 2729 1814 2821 Quo
1846 2737 2189 2804 absurdius
2229 2761 2385 2803 vero
2430 2738 2499 2802 id

367 2843 610 2906 no'men
657 2857 724 2906 et
758 2841 1227 2907 intolerabilius
1275 2859 1373 2907 est
1387 2891 1406 2924 ‚
1447 2859 1524 2908 ut
1572 2845 1755 2908 omni
1811 2865 1968 2908 cura
2015 2843 2495 2933 explodendum‘

365 2948 656 3012 videatur
671 2995 692 3028 ,
735 2947 863 3012 hoe
888 2949 1090 3036 magis
1112 2948 1412 3014 videmur
1437 2948 1806 3031 admoneri,
1836 2965 1911 3012 ut
1932 2971 2148 3013 veram
2182 2949 2496 3037 poematis

365 3077 400 3117 a
424 3053 618 3118 nobis
643 3053 962 3142 propositi
992 3067 1244 3118 aetatem
1261 3101 1279 3134 ,
1305 3069 1404 3135 et,
1436 3055 1490 3117 si
1515 3052 1655 3120 fieri
1676 3055 1915 3144 possit,
1946 3055 2226 3120 auctoris
2252 3077 2493 3119 nomen

365 3159 705 3247 exquirere
765 3158 1163 3225 studeamus.
1219 3159 1364 3224 Hoc
1399 3161 1451 3224 si
1489 3160 1809 3248 probabili
1858 3159 2105 3225 ratione
2154 3159 2503 3249 contigerit

364 3265 738 3340 ostendere,
771 3280 914 3328 tum
933 3265 1187 3346 juvabit
1205 3266 1396 3330 etiam
1413 3314 1432 3349 ,
1457 3266 1637 3330 unde
1663 3266 1927 3331 Pindari
1950 3266 2233 3352 auctoris
2253 3289 2495 3332 nomen

365 3371 658 3450 venerit,
685 3371 1023 3452 conjicere.

451 3479 820 3541 Romanum
847 3478 1184 3542 hominem
1217 3478 1416 3544 fuisse
1437 3480 1741 3544 carminis
1766 3481 2096 3546 Homerici
2125 3499 2457 3547 auctorem
2477 3533 2495 3563 ,

365 3603 514 3644 cum
553 3583 738 3669 Casp.
773 3581 1076 3664 Barthi0,
1113 3581 1380 3648 Advers.
1409 3583 1591 3666 LIX,
1636 3583 1751 3667 15,
1792 3601 1857 3649 et
1888 3586 2081 3650 Petro
2104 3585 2499 3666 Bondamio‘‚

365 3683 607 3749 Variar.
622 3684 796 3750 Lect.
817 3685 930 3750 lib.
960 3687 1023 3749 11
1041 3735 1058 3768 ,
1091 3709 1146 3751 c.
1167 3689 1209 3764 4
1226 3737 1246 3770 ,
1275 3711 1338 3776 p.
1365 3681 1486 3776 139
1502 3736 1521 3769 ,
1545 3689 1721 3774 haud
1743 3708 1985 3756 temere
2005 3691 2237 3780 colligo
2254 3712 2327 3756 ex
2360 3692 2500 3773 ejus

434 3963 512 4028 (ι)
545 3959 729 4013 Medio
764 3976 876 4014 oevo
917 3961 1038 4014 Ilias
1072 3960 1288 4013 Homeri
1327 3961 1507 4019 vocari
1541 3963 1697 4034 coepit
1725 3965 1905 4015 Iliades
1921 4000 1937 4023 ‚
1978 3961 2123 4034 quod
2152 3964 2259 4035 jam
2302 3959 2497 4014 Bedatn

366 4047 717 4102 venerabilem
740 4086 756 4112 ‚
794 4049 932 4103 libro
971 4047 1040 4102 de
1070 4049 1290 4114 Mettis,
1327 4069 1440 4121 pag.
1475 4053 1609 4106 2382
1640 4051 1850 4105 Putsch.
1880 4069 2155 4122 usurpasse
2188 4049 2369 4117 video,
2404 4049 2497 4121 qui

366 4137 548 4186 Iliades
578 4149 627 4188 et
649 4141 920 4201 Odysseam
946 4141 1145 4190 Homeri
1178 4137 1432 4191 nominat.
