2975 4684
753 394 1373 483 EORUMQUE
1439 393 2123 463 FRAGMENTA.
2370 392 2515 491 495

551 528 966 599 Moerentium
990 548 1142 591 vero
1168 526 1365 589 infert
1388 540 1583 613 poeta
1614 524 1695 589 de
1727 547 1842 607 ec,
1867 525 1981 613 qui
2004 525 2143 614 jugi
2174 524 2332 591 fletu
2360 548 2518 591 ocu-

549 634 647 699 los
685 635 984 702 amiserat
1002 681 1022 714 ‚

736 800 1100 818 ...........
1113 782 1397 817 moerorem
1423 763 1630 816 lumina
1654 763 1901 837 linquunt
1924 790 1967 815 ι».

551 897 772 962 Primo
821 919 1036 961 sermo
1086 914 1183 961 est
1229 896 1309 961 de
1352 898 1621 984 Ulysse,
1652 896 1831 962 Iliad.
1867 896 1998 977 ΙΙΙ,
2040 918 2201 984 ²¹73
2240 897 2512 961 alterum

549 1003 811 1093 respicit
837 1002 1019 1067 Iliad.
1053 1002 1217 1083 XII,
1253 1002 1420 1085 4663
1451 1004 1715 1067 tertium
1752 1001 2105 1066 obscurum
2144 1019 2260 1066 est.

465 1178 524 1245 5.
549 1181 699 1271 Pag.
730 1180 879 1268 273,
904 1180 1078 1245 idem
1104 1179 1472 1244 Chalcidius
1498 1202 1720 1245 versus
1744 1178 2122 1243 Homericos
2151 1177 2232 1241 de
2260 1179 2513 1243 Laertio
2585 1187 2591 1193 ’

543 1287 819 1368 juvene,
847 1288 889 1350 i.
925 1310 982 1352 e.
1011 1288 1274 1375 Ulysse,
1307 1287 1539 1350 refert:

725 1429 948 1482 Pectore
973 1430 1183 1502 pulsato
1209 1442 1438 1480 mentem
1467 1428 1686 1497 castigat
1712 1426 1919 1479 acerbe.

721 1518 866 1583 Quin
891 1517 1086 1571 toleras
1107 1536 1226 1570 mea
1253 1514 1440 1569 mens?
1470 1516 1667 1569 etenim
1696 1514 1943 1585 graviora
1968 1514 2152 1566 tulisti.

546 1643 715 1706 Sunt
745 1658 962 1706 autem
984 1664 1208 1707 versus
1243 1665 1318 1729 17
1352 1658 1416 1705 et
1451 1641 1529 1705 18
1558 1640 1705 1705 libri
1734 1642 1860 1705 XX
1888 1640 2221 1729 Odysseae:
2247 1655 2426 1714 Στῆοος
2449 1646 2512 1703 δὲ

542 1758 732 1821 πλήξας
751 1796 769 1823 ,
786 1765 908 1814 etc.
936 1748 1053 1813 ubi
1081 1750 1343 1838 Ulysses
1367 1770 1591 1813 secum
1614 1748 1890 1835 loquens
1914 1748 2075 1811 iram
2102 1770 2511 1835 compescere

545 1872 838 1920 conatur.
879 1854 1081 1919 Aliter
1125 1854 1196 1917 hi
1233 1877 1455 1919 versus
1512 1852 1880 1918 redduntur
1925 1854 1995 1917 in
2048 1856 2509 1920 Consolatione

547 1960 847 2025 Ciceroni
887 1960 1254 2049 supposita:

720 2106 896 2161 Corde
919 2126 1018 2181 age
1043 2108 1114 2163 sis
1139 2108 1298 2191 firmo
1311 2146 1328 2175 ‚
1353 2126 1453 2162 nec
1473 2120 1527 2163 te
1550 2108 1797 2161 submitte
1822 2106 2031 2173 dolori;

722 2198 965 2269 Namque
991 2196 1194 2268 aliquid
1223 2192 1432 2269 gravius
1457 2198 1715 2271 pejusque
1734 2194 2020 2269 aliquando
2042 2195 2229 2273 tulisti.

547 2380 634 2393 —-
659 2343 956 2407 Imitatus
1001 2362 1262 2406 versum
1317 2340 1743 2406 Homericum
1789 2340 2048 2404 videtur
2100 2338 2372 2405 Ovidius
2428 2339 2511 2405 de

553 2448 747 2515 Pont.
784 2450 918 2530 111,
949 2471 1010 2537 7,
1048 2447 1374 2514 13:21100
1421 2470 1727 2538 quoque,
1762 2448 1934 2513 Naso
1956 2498 1974 2531 ,
2020 2447 2226 2530 feras,
2266 2450 2509 2512 etenim

548 2558 770 2644 pejora
802 2556 1008 2625 tulisti
1029 2584 1076 2619 n.
1109 2554 1230 2618 En.

455 2764 666 2829 XVII.
700 2765 884 2829 Inter
912 2788 1108 2852 opera
1141 2765 1417 2828 Ausonii
1448 2778 1701 2828 exstant
1734 2762 2066 2828 Periochae
2100 2766 2507 2855 singulorum

368 2871 688 2935 librorum
722 2871 958 2937 Iliados
995 2889 1061 2936 et
1098 2871 1403 2960 Odysseae
1434 2872 1743 2953 Homeri,
1779 2893 1816 2934 e
1852 2872 2089 2960 quibus
2123 2872 2299 2936 haud
2336 2872 2508 2937 diffi-

371 2979 580 3042 culter
600 2979 946 3067 colligitur,
965 2979 1330 3042 Ausonium
1356 2960 1572 3065 ipsum
1594 2994 1782 3041 antea
1804 2974 2003 3041 libros
2022 2978 2286 3041 Homeri
2308 2978 2509 3043 latino

373 3084 656 3146 carmine
699 3084 997 3165 vertisse,
1045 3100 1159 3149 aut
1193 3084 1274 3148 ab
1309 3084 1430 3148 alio
1465 3082 1748 3172 quodam
1786 3104 2005 3148 versos
2039 3106 2171 3173 prae
2206 3084 2507 3148 manibus

369 3186 677 3253 habuisse
697 3235 715 3268 ,
751 3212 788 3250 e
825 3190 1064 3275 quibus
1098 3190 1214 3253 has
1255 3189 1598 3255 Periochas
1634 3186 2000 3254 conficeret.
2036 3190 2202 3253 Nam
2240 3190 2510 3255 minime

369 3292 576 3357 videri
622 3316 701 3357 ex
745 3293 984 3358 Graecis
1027 3295 1295 3359 Homeri
1341 3295 1409 3359 in
1463 3316 1784 3360 summam
1832 3310 2222 3377 contractas,
2265 3295 2380 3359 sed
2432 3318 2511 3360 ex

371 3400 663 3463 Homero
717 3400 919 3463 latino
972 3415 1035 3464 et
1088 3399 1474 3489 interpolato
1503 3450 1521 3483 ,
1588 3400 1720 3480 jam
1774 3422 1969 3488 supra
2019 3402 2203 3464 claris
2254 3400 2507 3466 indiciis

370 3506 652 3594 permoti
679 3504 1107 3586 adseruimns,
1135 3522 1200 3570 et
1221 3523 1448 3571 auctor
1478 3508 1615 3595 ipse
1647 3507 1917 3597 singulis
1936 3506 2263 3571 Periochis
2287 3510 2508 3572 versus

370 3612 625 3695 latinos,
659 3612 920 3675 initium
943 3612 1090 3675 libri
1113 3612 1490 3689 indicante5‚
1521 3615 1861 3703 praeponit,
1882 3613 1995 3701 qui
2020 3614 2505 3677 translationem

371 3716 642 3781 Homeri
677 3733 828 3781 ante
862 3718 1096 3782 factam
1142 3734 1480 3783 testantur.
1516 3720 1733 3807 Ipsine
1762 3720 2050 3783 Ausonio
2076 3767 2094 3801 ‚
2128 3741 2209 3782 an
2240 3719 2341 3782 alii
2371 3718 2511 3781 haec

370 3823 716 3888 tribuenda
751 3826 863 3905 sit,
913 3824 1184 3889 definire
1221 3822 1525 3912 equidem
1560 3848 1693 3891 non
1726 3825 1956 3891 audeo,
1994 3828 2163 3889 Cum
2200 3826 2505 3913 Epitome

371 3928 609 3993 Iliados
635 3931 862 4013 latina,
889 3953 1081 4019 quam
1111 3928 1363 3995 edimus
1383 3979 1401 4013 ‚
1431 3952 1536 3995 eas
1556 3932 1905 3995 Periochas
1926 3930 2324 4018 conspirare,
2354 3928 2507 3993 alibi

367 4033 500 4113 jam
550 4035 832 4101 diximus
857 4086 874 4113 ‚
911 4053 976 4101 et
1023 4052 1334 4125 utrasque
1376 4038 1580 4126 igitur
1628 4060 1707 4102 ex
1757 4060 1895 4103 uno
1944 4038 2127 4101 fonte
2181 4057 2506 4116 manasse,

372 4140 553 4205 haud
582 4159 824 4207 temere
849 4142 1232 4221 judicamus.
