2975 4684
908 330 1325 399 PRAEFAT.
1377 330 1512 397 AD
1576 312 2032 398 EPITHAL.
2396 328 2533 425 377

407 460 694 522 carmina
749 460 961 524 solent
977 508 996 541 ‚
1055 458 1170 524 scd
1201 481 1446 524 meram
1493 459 1929 524 narrationem
1976 459 2141 522 ritus
2192 459 2495 548 nuptialis
2516 508 2535 541 ‚

403 567 740 654 ipsiusque
784 564 946 630 adeo
981 567 1460 630 imminutionis
1473 615 1490 648 ,
1528 587 1567 630 e
1604 564 1850 630 laciniis
1874 563 2245 654 Virgilianis
2300 565 2533 631 lascive

403 671 834 759 compositam
866 672 1191 755 continet,
1227 693 1349 736 nec
1383 670 1665 760 aliquam
1696 671 1981 762 ingen-ii,
2012 669 2127 736 sed
2162 671 2490 736 memoriae
2514 721 2533 754 ‚

403 793 505 840 tot
543 777 736 841 verba
765 801 802 843 e
831 778 1103 868 Virgilio
1127 778 1595 842 committentis
1614 825 1633 859 ,
1676 799 1907 842 venam
1936 776 2245 842 ostendit.
2275 777 2538 858 Quanta

402 883 473 946 in
505 883 779 947 Ausonii
809 885 1102 948 Centone
1131 885 1405 974 nuptiali
1436 884 1691 949 lascivia
1709 931 1727 966 ,
1764 899 1942 947 tanta
1974 884 2275 948 sanctitas
2302 884 2371 947 in
2400 885 2537 966 ejus

401 989 592 1053 amici
615 989 908 1054 paullini
936 990 1368 1077 Epithalamio
1397 1005 1629 1080 regnat
1645 1039 1664 1072 ‚
1704 987 1888 1078 quod
1913 991 1981 1054 in
2004 990 2331 1054 Iulianum
2349 1038 2366 1071 ‚
2398 991 2535 1078 epi-

406 1095 588 1184 scopi
631 1095 943 1160 Memoris
990 1095 1229 1182 filium²
1262 1113 1328 1160 et
1353 1098 1495 1160 Iam
1517 1145 1536 1178 ‚
1581 1117 1855 1160 uxorem
1888 1096 2059 1178 ejus,
2108 1095 2365 1184 scripsit
2383 1144 2401 1176 ,
2432 1099 2535 1159 to-

403 1216 678 1288 tumque
711 1202 1160 1266 exhortatione
1203 1200 1286 1266 ad
1317 1203 1675 1268 castitatem
1710 1219 1777 1269 et
1812 1201 2306 1268 sanctimoniam
2322 1250 2341 1283 ,
2370 1223 2535 1288 proe-

399 1306 605 1392 ceptis
639 1321 706 1370 et
737 1306 1042 1394 exemplis
1068 1327 1395 1371 sacrarum
1427 1308 1759 1372 literarum
1792 1305 2203 1388 confirmata,
2222 1305 2533 1395 implevit.

399 1409 730 1500 Praecipua
747 1410 936 1476 laude
957 1411 1154 1502 digna
1171 1428 1328 1476 sunt
1356 1411 1712 1478 Claudiani
1730 1413 1865 1478 duo
1895 1411 2355 1502 Epithalamia,
2374 1433 2539 1499 quo-

399 1538 548 1580 rum
595 1518 869 1582 alterum
914 1518 1212 1582 Honorio
1246 1519 1488 1606 Imper.
1526 1535 1593 1583 et
1640 1518 1859 1582 Mariae
1908 1519 2227 1606 scriptum
2278 1533 2375 1582 est
2389 1563 2409 1598 ‚
2472 1533 2539 1581 et

402 1626 958 1691 Fescenninorum
982 1625 1138 1691 odas
1171 1626 1819 1714 quatuor-adjunctas
1839 1626 2075 1707 habet3
2109 1627 2383 1692 alterum
2406 1625 2537 1689 Pal-

398 1731 574 1798 ladio
621 1749 688 1798 et
730 1734 1060 1798 Celerinae.
1113 1736 1196 1798 In
1247 1733 1372 1799 illis
1426 1735 1857 1800 Claudianum
1907 1733 2165 1797 Catullo
2218 1749 2285 1797 et
2331 1733 2535 1798 Statio

399 1860 616 1926 neque
663 1840 956 1904 numeris
977 1887 995 1922 ,
1055 1861 1272 1926 neque
1331 1839 1817 1903 inventionibus
1858 1837 2087 1904 cedere
2125 1837 2377 1918 judicat
2408 1837 2531 1904 Th.

397 1945 712 2026 Crenius,
749 1945 790 2010 l.
825 1967 884 2010 c.
915 1967 1062 2035 pag.
1097 1945 1239 2031 198.
1271 1945 1551 2010 Inferior
1592 1943 1949 2008 Claudiano
1990 1943 2305 2032 elegantia
2334 1958 2400 2007 et
2430 1943 2531 2006 ni-

401 2065 542 2114 tore
574 2051 875 2115 carminis
899 2099 917 2132 ‚
957 2049 1074 2114 sed
1103 2050 1320 2114 minus
1349 2049 1765 2134 inventione,
1800 2066 1899 2114 est
1940 2049 2235 2113 Sidonius
2279 2047 2533 2138 Apolli-

376 2160 597 2238 naris,
633 2157 818 2238 cujus
850 2157 1023 2221 inter
1051 2171 1350 2244 poemata
1381 2155 1517 2220 duo
1548 2155 1973 2244 Epithalamia
2012 2170 2267 2220 exstant
2284 2203 2303 2237 ,
2320 2177 2531 2219 unum

399 2262 672 2327 Ruricio
720 2279 786 2326 et
835 2262 1064 2326 lberiae
1110 2259 1390 2343 dictum,
1439 2283 1636 2324 carm.
1666 2261 1761 2324 XI
1782 2310 1800 2345 ,
1831 2261 2103 2338 alterum
2142 2261 2431 2325 Polemio
2468 2278 2534 2326 et

397 2368 759 2450 Araneolae,
785 2391 981 2434 carm.
1009 2367 1152 2432 XV.
1177 2368 1294 2432 His
1325 2366 1781 2456 subjungimus
1811 2367 2037 2456 Magn.
2060 2366 2194 2431 Fal.
2214 2367 2528 2448 Ennodii,

397 2474 686 2562 episcopi
715 2475 895 2540 Ticin
903 2475 1072 2539 ensis
1091 2523 1108 2552 ‚
1160 2473 1665 2563 Epithalamium
1709 2473 1993 2538 Maximo
2031 2475 2113 2538 V.
2148 2473 2212 2539 S.
2242 2459 2531 2556 dictum}

395 2579 582 2668 quod
615 2580 790 2645 inter
831 2579 1119 2646 Ennodii
1155 2580 1461 2645 Poemata
1495 2602 1667 2645 sacra
1686 2627 1705 2662 ,
1743 2579 2083 2645 emendata
2116 2579 2423 2669 notisque
2452 2580 2531 2644 il·
2632 2666 2640 2672 .

395 2687 664 2750 lustrata
686 2687 768 2750 ab
785 2685 992 2750 Andr.
1016 2685 1316 2768 schotto,
1332 2686 1609 2750 'l‘ornaci
1625 2734 1643 2767 ,
1674 2686 1875 2768 1610,
1902 2685 2051 2750 ixa-8
2068 2733 2089 2768 ‚
2120 2707 2263 2776 pag.
2290 2709 2369 2773 71
2395 2707 2531 2773 seq.

395 2808 465 2855 et
497 2817 534 2857 e
567 2792 946 2858 recensione
963 2793 1096 2856 Iac.
1127 2791 1487 2875 Sirmondi,
1514 2792 1627 2856 lib.
1648 2793 1679 2855 Ι
1706 2814 1904 2856 oerm.
1931 2795 2002 2872 4,
2034 2793 2102 2856 in
2136 2791 2533 2856 Bibliotheca

394 2899 664 2963 Patrum
721 2898 998 2962 maxima
1037 2898 1462 2988 Lugdunensi
1510 2914 1691 2963 tomo
1738 2899 1833 2962 IX
1855 2946 1874 2981 ‚
1908 2920 2051 2986 pag.
2091 2901 2219 2985 417
2269 2897 2527 2987 legitur.

395 3004 536 3069 Nec
583 3004 1021 3070 omittendum
1075 3021 1174 3068 est
1211 3005 1284 3067 V
1273 3007 1518 3070 mantii
1564 3005 1839 3068 Honorii
1878 3005 2224 3068 Fortunati
2267 3025 2527 3068 carmen

395 3112 734 3178 heroicum
769 3113 852 3178 de
885 3113 1128 3202 nuptiis
1155 3111 1456 3202 Sigiherti
1486 3111 1657 3202 regis
1693 3129 1759 3177 et
1787 3110 2219 3176 Brunichildis
2250 3111 2491 3200 reginae
2509 3159 2528 3187 ‚

403 3219 595 3305 quod·
613 3219 786 3283 inter
819 3219 1104 3283 carmina
1135 3218 1308 3300 ejus,
1343 3241 1378 3281 a
1405 3218 1779 3306 Christoph.
1804 3219 2129 3300 Browero,
2148 3216 2525 3306 Moguntiae,

404 3324 568 3390 1603
588 3372 606 3407 ,
639 3325 809 3389 edita
832 3373 851 3409 ,
883 3325 1051 3389 libro
1068 3324 1194 3408 V1,
1233 3348 1298 3389 n.
1322 3347 1395 3408 2,
1432 3340 1657 3390 exstat.
1687 3324 1931 3389 Ultimo
1963 3323 2141 3406 loco,
2182 3324 2523 3412 nominare

395 3453 748 3518 possumus
795 3447 863 3496 et
905 3433 1306 3496 Marcianum
1347 3429 1703 3520 Capellam,
1741 3431 1855 3518 qui
1886 3430 2055 3494 libro
2082 3431 2181 3494 IX
2218 3430 2487 3517 Satyrici
2512 3478 2531 3511 ,

395 3561 540 3627 pag.
600 3535 727 3604 305
785 3537 940 3605 edit.
995 3537 1184 3604 Grot.
1247 3539 1676 3627 Hymenaeum
1729 3537 1885 3602 facit
1926 3559 2183 3602 carmen
2244 3537 2531 3626 nuptiale

395 3667 647 3710 canere.

485 3753 860 3817 Carminum
877 3803 894 3831 ‚
915 3777 1060 3841 quae
1077 3754 1390 3819 hactenus
1412 3753 1851 3818 enarravimus
1869 3800 1888 3835 ,
1908 3774 2043 3816 non
2072 3751 2371 3815 omnium
2398 3771 2529 3814 una

397 3861 562 3923 ratio
591 3859 896 3949 idemque
923 3875 1382 3950 argumentum
1415 3877 1547 3942 est,
1586 3877 1651 3926 et
1680 3860 1972 3949 quamvis
1997 3881 2072 3923 ea
2094 3859 2164 3922 in
2185 3857 2365 3923 libris
2396 3858 2529 3945 ple-

397 3988 678 4055 rumque
714 3968 977 4032 inscribi
1014 3985 1080 4032 et
1125 3967 1446 4032 nominari
1482 3968 1905 4057 Epithalamia
1948 3965 2229 4047 soleant,
2265 3964 2523 4053 proprie

396 4087 614 4137 tamen
641 4073 710 4138 id
745 4098 981 4141 nomen
1015 4075 1232 4163 paucis
1255 4091 1507 4140 tantum
1536 4097 1763 4140 eorum
1780 4123 1799 4156 ,
1824 4095 1972 4161 quae
2000 4071 2519 4152 memoravimus
