2975 4684
391 382 526 455 332

1171 389 1729 465 REPOSIANI
1792 446 1798 459 .

481 510 654 576 Ecce
691 508 916 579 furens
952 527 1102 606 post
1133 513 1308 584 bella
1341 519 1563 606 DeuS‚
1594 531 1744 612 post
1780 515 2007 611 praelia
2046 517 2284 604 victor,

482 620 721 688 Victus
756 645 982 691 amore
1023 624 1235 694 redit:
1273 638 1399 697 cur
1426 644 1643 723 gestas
1680 629 1891 698 ferrea
1928 626 2103 697 tela?

486 732 588 799 Ne
625 745 882 800 metuat
917 736 1190 829 Cypria,
1225 754 1575 835 comptum
1619 740 1813 809 decet
1848 740 1946 808 ire
1978 741 2236 809 rosetis.

483 834 624 907 Ah!
665 842 975 933 quotiens
1004 846 1295 941 Paphie,
1326 847 1591 919 vultum
1636 851 1918 919 mentita
1953 849 2281 935 furentia,
2474 871 2529 909 ⁸0

483 950 768 1019 Lumine
804 978 1130 1029 converso
1169 983 1388 1029 serum
1427 961 1758 1030 incusavit
1790 975 2129 1030 amantem
2157 957 2172 1029 !

483 1061 780 1131 Verbera
809 1062 1242 1160 sae'pedolens
1277 1074 1561 1141 mentita
1584 1086 1687 1141 est
1720 1070 1942 1141 dulcia
1974 1084 2152 1139 serto
2166 1124 2186 1157 ,

483 1172 622 1241 Aut
661 1187 741 1241 ut
773 1173 946 1244 forte
989 1179 1203 1273 magis
1239 1204 1559 1252 succenso
1593 1185 1815 1253 Marte
1852 1180 2173 1276 placeret,

483 1280 802 1353 Admovit
834 1289 1078 1359 teneris
1119 1292 1534 1386 suspendens
1570 1292 1799 1363 oscula
1835 1290 2071 1379 labris,

482 1394 624 1461 Nec
658 1408 875 1465 totum
917 1396 1298 1492 effundens,
1342 1403 1564 1474 medio
1599 1402 1943 1473 blanditur
1968 1426 2213 1471 amore.
2477 1421 2527 1459 ⁸⁵

485 1503 789 1594 Decidit,
819 1523 937 1577 aut
969 1512 1184 1604 posita
1217 1528 1318 1583 est
1347 1514 1623 1584 devictis
1654 1514 1881 1584 lancea
1916 1511 2187 1609 palmiS,

387 1705 502 1739 sera
529 1691 672 1743 venit
697 1692 796 1745 sibi
822 1708 973 1767 grata
997 1698 1239 1770 voluptas
1260 1718 1324 1765 »ς
1349 1713 1410 1754 ut

389 1766 533 1837 apud
555 1767 806 1825 Ovidium
820 1814 836 1839 ,
857 1776 968 1827 Art.
989 1777 1110 1831 Am.
1131 1778 1237 1843 111,
1261 1779 1360 1851 751
1391 1800 1406 1831 ε

387 1870 411 1889 u
439 1846 562 1900 Sera
585 1850 738 1915 veni3
775 1853 1052 1927 positaque
1093 1854 1287 1911 decens
1322 1860 1409 1911 in-

385 1925 517 1980 cede
541 1927 774 1984 lucerna.
793 1932 958 1988 Grata
977 1952 1128 1989 mora
1147 1947 1225 1991 est
1242 1938 1413 1992 Vene-

303 2076 312 2093 ι
387 2004 433 2055 ri
458 2022 472 2056 :
497 2008 722 2063 maxima
749 2011 868 2065 lena
893 2034 1042 2069 mora
1061 2029 1142 2069 est
1158 2043 1204 2070 a.
1233 2018 1406 2075 Bonan.

457 2089 542 2155 78.
612 2092 778 2143 Victor
829 2096 996 2146 Viems
1049 2116 1217 2150 amore
1267 2102 1410 2151 redit.

388 2164 692 2222 Dis-ionem.
711 2180 764 2224 et
781 2172 932 2226 Leid.
961 2174 1126 2229 codex
1150 2180 1293 2230 venie
1311 2197 1408 2249 pro

383 2247 536 2307 redit,
571 2249 741 2303 male:
767 2251 902 2305 forte
921 2253 1010 2308 hic
1029 2255 1264 2309 imitatur
1279 2257 1404 2310 Ovi-

385 2322 532 2378 dium
553 2364 569 2390 ,
601 2328 762 2399 Epist.
779 2332 887 2395 lx,
915 2333 980 2387 25
997 2375 1012 2401 ,
1050 2333 1117 2388 de
1136 2335 1364 2391 Hercule
1387 2356 1400 2389 :

381 2428 406 2447 a
429 2406 602 2470 Quem
625 2426 735 2462 non
753 2410 897 2465 mille
923 2414 1047 2467 feroe
1067 2454 1082 2479 ,
1120 2434 1280 2488 quem
1297 2435 1404 2470 non

379 2482 710 2573 Stheneleius
733 2489 915 2558 hostis,
933 2492 1054 2545 Non
1073 2496 1247 2567 potuit
1263 2496 1294 2549 J
1297 2515 1408 2549 uno

379 2580 588 2619 vmcere
602 2604 618 2631 ,
635 2569 762 2623 vicit
781 2571 945 2625 Amor
957 2599 1002 2627 n.
1025 2574 1224 2629 Seneca
1239 2615 1254 2641 ,
1272 2575 1406 2629 Her-

381 2646 484 2699 cul.
515 2648 637 2701 OEt.
671 2652 812 2723 753:
861 2650 1009 2726 u‘qui
1035 2653 1243 2708 domuit
1267 2655 1405 2710 feras

377 2722 524 2778 Mille
543 2763 559 2790 ,
599 2728 687 2782 ille
739 2730 910 2786 victor
965 2733 1199 2788 vincitur
1241 2761 1267 2781 a
1291 2777 1306 2803 ‚
1344 2746 1406 2788 ut

381 2806 630 2859 emendat
649 2810 832 2864 Heius.
851 2812 947 2866 lib.
969 2814 1075 2878 111,
1095 2814 1317 2870 Advers.
1342 2834 1402 2870 2:

377 2900 536 2953 quem
575 2888 730 2941 etiam
765 2890 891 2945 vide
929 2892 998 2947 ad
1036 2894 1198 2949 Ovid.
1235 2896 1402 2968 Epist.

377 2961 480 3015 XX
493 3004 508 3029 ,
535 2984 600 3034 70
621 2986 633 3020 :
675 2970 898 3025 modum
915 2971 1171 3045 loquendi
1195 2975 1404 3045 elegan-

375 3048 482 3094 tem
527 3043 812 3105 illustravit
848 3050 1072 3106 Huetius
1107 3051 1181 3106 ad
1216 3054 1402 3109 Manil.

375 3122 477 3187 IV,
497 3123 586 3187 3ο,
604 3138 658 3178 et
677 3128 967 3185 Lindenbr.
987 3131 1058 3185 ad
1078 3132 1316 3206 Elegiam
1336 3132 1405 3187 de

374 3199 513 3272 Spe,
549 3222 631 3256 vs.
667 3226 750 3260 υ.
777 3210 938 3264 Plura
971 3210 1132 3284 hujus
1159 3216 1402 3289 ὀξυμώρου

374 3283 606 3352 exempla
632 3300 922 3341 occurrunt
951 3290 1008 3342 in
1034 3304 1258 3365 utraque
1283 3294 1404 3347 Ele·

373 3360 460 3431 gia
507 3360 575 3414 de
617 3362 814 3421 Moevio
849 3368 1050 3433 milite3
1089 3390 1221 3443 quas
1257 3372 1398 3426 vide.

372 3440 549 3495 Bm.
573 3442 821 3500 Similiter
843 3446 913 3499 de
937 3448 1109 3502 Marte
1136 3450 1362 3505 Ovidius
1380 3490 1396 3516 ,

372 3521 484 3575 Art.
502 3524 618 3577 Am.
642 3524 726 3590 11,
751 3524 884 3591 5642
923 3552 948 3573 α
966 3530 1047 3581 De
1075 3526 1212 3583 duce
1244 3532 1397 3584 terri-

370 3599 462 3653 bili
491 3602 664 3658 factus
682 3618 888 3661 amator
909 3619 1082 3681 erat».

441 3700 527 3753 79.
550 3687 794 3755 Compmm
811 3690 953 3739 decet
975 3691 1046 3739 ire
1061 3692 1259 3753 rosetis,
1290 3688 1326 3742 i.
1347 3710 1394 3745 e.

369 3762 502 3815 roais
517 3762 574 3816 in
593 3778 792 3819 sertum
809 3767 958 3821 nexis
972 3804 988 3832 ,
1008 3780 1066 3820 ut
1083 3788 1131 3822 v.
1156 3768 1222 3835 54
1240 3782 1292 3823 et
1309 3790 1394 3843 7²·

369 3872 441 3882 --
464 3842 687 3899 Gratum
719 3846 861 3901 hanc
891 3848 1178 3921 imaginem
1203 3849 1394 3904 Martis

355 3936 476 3987 post
492 3927 621 3976 bella
643 3929 899 3982 exarmati
926 3942 978 3982 et
1012 3932 1190 3998 compti
1222 3934 1392 3983 rosetis

366 4004 574 4073 egregie
596 4004 914 4061 delineatam
933 4009 1238 4083 pictamque
1264 4010 1398 4063 Bru-

367 4080 515 4134 xellis
531 4121 546 4146 ,
569 4104 736 4157 nuper
750 4089 966 4142 Lutetiae
987 4089 1196 4145 miranti
1215 4092 1392 4163 palam

365 4164 599 4234 exposuit
633 4166 822 4221 illustra
854 4169 942 4222 ille
975 4170 1187 4237 Dum,
1221 4190 1394 4226 annos

1501 1720 1662 1755 xxxvl
1692 1711 1847 1754 natus
1860 1740 1878 1767 ,
1901 1697 1996 1773 qui
2024 1699 2261 1767 scholam
2285 1696 2526 1769 gallicam

1498 1800 1594 1853 per
1619 1782 1849 1853 picturas
1876 1780 2059 1833 inanes
2092 1777 2409 1851 putidasque
2434 1778 2527 1830 ab·

1497 1874 1761 1915 errantem
1772 1862 1985 1935 juvenis
1995 1857 2063 1912 ad
2077 1859 2357 1933 genuinam
2378 1869 2529 1910 natu·

1500 1960 1574 1995 1·oe
1598 1960 1843 1996 normam
1867 1939 2143 2015 praeceptis
2168 1936 2529 2011 exemplisque

1498 2022 1793 2085 revocavit3
1824 2022 2023 2094 quique
2044 2021 2129 2073 vir
2156 2030 2209 2072 et
2234 2034 2394 2071 senex
2416 2036 2527 2069 non

1497 2120 1666 2154 unum
1702 2102 1828 2154 artis
1870 2118 1976 2153 suae
2015 2097 2155 2152 fudit
2191 2098 2524 2151 miraculum.

1496 2181 1545 2234 Ο
1579 2181 1781 2234 utinam
1821 2180 1992 2253 pictor
2029 2178 2291 2232 tantumi·
2314 2176 2416 2229 En.

1568 2264 1655 2316 80.
1684 2266 1877 2313 Vultum
1904 2261 2104 2313 mentita
2115 2260 2351 2329 furentis.
2388 2254 2524 2309 cod.

1494 2340 1641 2395 Leid.
1664 2346 1805 2394 vulta
1816 2380 1832 2404 ‚
1858 2340 1996 2394 forte
2024 2358 2121 2411 pro
2144 2339 2528 2405 vultumfitren-

1494 2435 1588 2473 cem
1604 2444 1624 2482 ‚·
1675 2420 1763 2474 vel
1814 2424 1957 2473 vultu
2000 2421 2202 2471 mentita
2228 2418 2485 2486 fier-entem
2508 2436 2527 2467 .-

1494 2498 1643 2573 quod
1662 2518 1851 2553 verum
1873 2502 2003 2569 puto
2023 2538 2038 2562 ,
2062 2508 2115 2551 et
2138 2496 2403 2570 probabat
2422 2496 2524 2547 cel.

1494 2577 1931 2651 Oudendorpius.
1964 2578 2086 2631 Non
2126 2576 2269 2629 enim
2304 2574 2524 2627 mentie-

1493 2658 1650 2710 batur
1675 2659 1884 2711 vultum
1901 2695 1917 2721 ,
1943 2654 2037 2710 sed
2063 2655 2218 2708 vultu
2244 2652 2524 2707 simulabat

1495 2756 1551 2791 se
1572 2738 1765 2791 furere.
1801 2738 1867 2793 In
1886 2738 2111 2791 Salmas.
2132 2746 2185 2788 et
2209 2734 2521 2787 Divionens.

1492 2816 1703 2871 schedis
1726 2816 1799 2870 ita
1826 2818 2126 2889 legebatur,
2146 2826 2207 2867 ut
2232 2832 2333 2889 ego
2356 2811 2520 2866 edidi.

1566 2897 1652 2950 82.
1686 2900 1901 2948 Meneita
1925 2912 1999 2949 est
2027 2898 2193 2947 dulcia
2208 2934 2225 2955 ,
2256 2890 2524 2947 simulavit

1494 2991 1551 3031 se
1577 2973 1707 3029 dare
1731 2976 1971 3029 verbera.
1995 2978 2159 3028 Recte
2184 2986 2363 3027 tamen
2384 2975 2523 3023 mini-

1494 3070 1602 3108 tata
1638 3068 1713 3107 ese
1756 3056 1986 3125 conjecit
2026 3054 2235 3126 Higtiua
2251 3094 2267 3118 ,
2304 3062 2524 3105 notante

1492 3136 1799 3191 Bur-manno
1823 3136 1879 3189 in
1910 3134 2183 3188 Mentissa.
2210 3138 2345 3185 Serto
2366 3148 2521 3184 roseo

1492 3218 1649 3270 etiam
1695 3216 1941 3272 verberat
1975 3215 2162 3268 Venus
2196 3212 2521 3283 Cupidinem

1489 3296 1546 3348 in
1567 3295 1787 3349 Ausonii
1808 3294 2005 3367 cupid.
2027 3310 2171 3349 cruc.
2192 3312 2243 3346 v.
2272 3293 2356 3345 88.

1560 3374 1650 3437 84.
1691 3378 2002 3444 Sta-<pendens
2044 3376 2213 3425 oscula
2226 3412 2241 3432 ,
2286 3370 2521 3424 retinens

1487 3448 1541 3507 et
1550 3454 1765 3507 hahens
1786 3492 1801 3520 ,
1816 3464 1869 3507 et
1879 3451 2122 3506 extremis
2135 3462 2343 3503 tantum
2356 3448 2519 3503 labris

1485 3534 1673 3587 leviter
1700 3549 2001 3587 conserens.

1558 3614 1647 3667 85.
1676 3614 1842 3665 Medio
1882 3614 2131 3664 blanditur
2166 3628 2363 3669 amore,
2384 3606 2439 3659 h.
2467 3625 2515 3660 e.

1485 3692 1695 3745 interim
1712 3732 1727 3759 ‚
1742 3691 1913 3745 donec
1930 3702 2099 3743 totum
2114 3686 2359 3743 effundat
2373 3704 2521 3739 amo-

1482 3792 1599 3827 rem
1615 3814 1631 3839 ,
1657 3770 1928 3825 moderate
1958 3768 2253 3835 blanditur,
2278 3765 2519 3820 modicas

1481 3852 1766 3924 interponit
1780 3849 2349 3904 blanditiam—Uedius
2364 3866 2519 3907 amor,

1482 3932 1577 4004 qui
1614 3931 1765 4003 quasi
1798 3930 2035 3983 medium
2078 3939 2252 3981 servat
2276 3928 2417 3981 inter
2438 3925 2518 3977 in-

1485 4012 1739 4065 choatum
1782 4020 1835 4062 et
1875 4008 2112 4081 plenum.
2156 4007 2401 4059 Fortasse
2443 4005 2517 4056 le·

1485 4090 1721 4163 gendum
1744 4092 1935 4140 modico
1960 4090 2214 4139 blanditur
2237 4104 2423 4136 amore.

1557 4174 1646 4225 86.
1674 4172 1867 4221 Decidit
1874 4192 1891 4231 ‚·
1913 4183 2001 4220 aue
2014 4170 2179 4237 posita
2200 4180 2304 4219 est:
2326 4180 2516 4234 nempe
