<?xml version="1.0" encoding="UTF-8"?>
<!DOCTYPE html PUBLIC "-//W3C//DTD XHTML 1.0 Transitional//EN"
    "http://www.w3.org/TR/xhtml1/DTD/xhtml1-transitional.dtd">
<html xmlns="http://www.w3.org/1999/xhtml" xml:lang="en" lang="en">
 <head>
  <title>
</title>
<meta http-equiv="Content-Type" content="text/html;charset=utf-8" />
  <meta name='ocr-system' content='tesseract 3.04.00' />
  <meta name='ocr-capabilities' content='ocr_page ocr_carea ocr_par ocr_line ocrx_word'/>
</head>
<body>
  <div class='ocr_page' id='page_1' title='image "./poetaelatinimin00unkngoog_0072.png"; bbox 0 0 2975 4684; ppageno 0'>
   <div class='ocr_carea' id='block_1_1' title="bbox 628 389 2481 478">
    <p class='ocr_par' dir='ltr' id='par_1_1' title="bbox 628 389 2481 478">
     <span class='ocr_line' id='line_1_1' title="bbox 628 389 2481 478; baseline 0 -16"><span class='ocrx_word' id='word_1_1' title='bbox 628 395 764 462; x_wconf 89' lang='lat' dir='ltr'><strong>DE</strong></span> <span class='ocrx_word' id='word_1_2' title='bbox 817 392 1109 460; x_wconf 83' lang='lat' dir='ltr'><strong>AETNA</strong></span> <span class='ocrx_word' id='word_1_3' title='bbox 1159 392 1623 478; x_wconf 89' lang='lat' dir='ltr'><strong>EJUSQUE</strong></span> <span class='ocrx_word' id='word_1_4' title='bbox 1674 391 2177 461; x_wconf 84' lang='lat' dir='ltr'>AUCTORE.</span> <span class='ocrx_word' id='word_1_5' title='bbox 2384 389 2481 462; x_wconf 82' lang='grc'><strong>63</strong></span> 
     </span>
    </p>
   </div>
   <div class='ocr_carea' id='block_1_2' title="bbox 337 519 2500 2076">
    <p class='ocr_par' dir='ltr' id='par_1_2' title="bbox 337 519 2500 2076">
     <span class='ocr_line' id='line_1_2' title="bbox 337 519 2481 611; baseline -0 -25"><span class='ocrx_word' id='word_1_6' title='bbox 337 547 420 586; x_wconf 71' lang='lat' dir='ltr'><strong>ne</strong></span> <span class='ocrx_word' id='word_1_7' title='bbox 443 525 732 588; x_wconf 74' lang='lat' dir='ltr'><strong>Severum</strong></span> <span class='ocrx_word' id='word_1_8' title='bbox 761 521 1012 611; x_wconf 69' lang='lat' dir='ltr'><strong>quidam</strong></span> <span class='ocrx_word' id='word_1_9' title='bbox 1036 519 1392 586; x_wconf 78' lang='lat' dir='ltr'><strong>Cornelium</strong></span> <span class='ocrx_word' id='word_1_10' title='bbox 1417 535 1672 610; x_wconf 75' lang='lat' dir='ltr'><strong>uterque</strong></span> <span class='ocrx_word' id='word_1_11' title='bbox 1686 520 2005 585; x_wconf 71' lang='lat' dir='ltr'><strong>detenuit.</strong></span> <span class='ocrx_word' id='word_1_12' title='bbox 2025 520 2253 609; x_wconf 74' lang='lat' dir='ltr'><strong>Itaque</strong></span> <span class='ocrx_word' id='word_1_13' title='bbox 2274 544 2481 610; x_wconf 83' lang='lat' dir='ltr'><strong>quum</strong></span> 
     </span>
     <span class='ocr_line' id='line_1_3' title="bbox 340 625 2483 716; baseline 0 -22"><span class='ocrx_word' id='word_1_14' title='bbox 340 629 615 694; x_wconf 81' lang='lat' dir='ltr'><strong>Ovidius</strong></span> <span class='ocrx_word' id='word_1_15' title='bbox 639 630 761 693; x_wconf 85' lang='lat' dir='ltr'><strong>XV</strong></span> <span class='ocrx_word' id='word_1_16' title='bbox 782 627 1386 716; x_wconf 73' lang='lat' dir='ltr'><strong>metamorphoseos</strong></span> <span class='ocrx_word' id='word_1_17' title='bbox 1402 675 1420 708; x_wconf 92' lang='lat'><strong>,</strong></span> <span class='ocrx_word' id='word_1_18' title='bbox 1443 627 1751 716; x_wconf 81' lang='lat' dir='ltr'>Virgilius</span> <span class='ocrx_word' id='word_1_19' title='bbox 1780 627 1877 691; x_wconf 90' lang='lat'><strong>111</strong></span> <span class='ocrx_word' id='word_1_20' title='bbox 1892 625 2206 691; x_wconf 87' lang='lat' dir='ltr'><strong>AEneidos</strong></span> <span class='ocrx_word' id='word_1_21' title='bbox 2230 645 2483 694; x_wconf 86' lang='lat' dir='ltr'><strong>tantum</strong></span> 
     </span>
     <span class='ocr_line' id='line_1_4' title="bbox 341 734 2487 822; baseline 0 -22"><span class='ocrx_word' id='word_1_22' title='bbox 341 735 427 800; x_wconf 88' lang='lat' dir='ltr'><strong>de</strong></span> <span class='ocrx_word' id='word_1_23' title='bbox 471 759 550 800; x_wconf 89' lang='lat' dir='ltr'><strong>eo</strong></span> <span class='ocrx_word' id='word_1_24' title='bbox 591 736 960 815; x_wconf 85' lang='lat' dir='ltr'><strong>tractarint‚</strong></span> <span class='ocrx_word' id='word_1_25' title='bbox 991 734 1230 798; x_wconf 84' lang='lat' dir='ltr'><strong>frustra</strong></span> <span class='ocrx_word' id='word_1_26' title='bbox 1277 750 1702 822; x_wconf 73' lang='lat' dir='ltr'><strong>augurantur,</strong></span> <span class='ocrx_word' id='word_1_27' title='bbox 1735 734 1865 797; x_wconf 90' lang='lat' dir='ltr'><strong>hoc</strong></span> <span class='ocrx_word' id='word_1_28' title='bbox 1910 755 2140 821; x_wconf 89' lang='lat' dir='ltr'><strong>poema</strong></span> <span class='ocrx_word' id='word_1_29' title='bbox 2172 757 2311 799; x_wconf 85' lang='lat' dir='ltr'><strong>esse</strong></span> <span class='ocrx_word' id='word_1_30' title='bbox 2338 737 2487 800; x_wconf 86' lang='lat' dir='ltr'><strong>Vir-</strong></span> 
     </span>
     <span class='ocr_line' id='line_1_5' title="bbox 342 839 2491 930; baseline 0.001 -26"><span class='ocrx_word' id='word_1_31' title='bbox 342 842 514 930; x_wconf 83' lang='lat' dir='ltr'>gilii,</span> <span class='ocrx_word' id='word_1_32' title='bbox 542 863 748 928; x_wconf 91' lang='lat' dir='ltr'><strong>quum</strong></span> <span class='ocrx_word' id='word_1_33' title='bbox 793 863 872 904; x_wconf 84' lang='lat' dir='ltr'><strong>ex</strong></span> <span class='ocrx_word' id='word_1_34' title='bbox 899 839 1112 904; x_wconf 82' lang='lat' dir='ltr'><strong>verbis</strong></span> <span class='ocrx_word' id='word_1_35' title='bbox 1150 841 1409 903; x_wconf 84' lang='lat' dir='ltr'><strong>Senecae</strong></span> <span class='ocrx_word' id='word_1_36' title='bbox 1432 888 1450 921; x_wconf 91' lang='lat'>‚</span> <span class='ocrx_word' id='word_1_37' title='bbox 1479 839 1767 904; x_wconf 88' lang='lat' dir='ltr'><strong>Cornelii</strong></span> <span class='ocrx_word' id='word_1_38' title='bbox 1804 839 2017 903; x_wconf 86' lang='lat' dir='ltr'><strong>Severi</strong></span> <span class='ocrx_word' id='word_1_39' title='bbox 2057 861 2194 903; x_wconf 91' lang='lat' dir='ltr'><strong>esse</strong></span> <span class='ocrx_word' id='word_1_40' title='bbox 2232 863 2491 907; x_wconf 89' lang='lat' dir='ltr'><strong>necesse</strong></span> 
     </span>
     <span class='ocr_line' id='line_1_6' title="bbox 343 943 2487 1037; baseline 0.001 -26"><span class='ocrx_word' id='word_1_41' title='bbox 343 949 447 1011; x_wconf 86' lang='lat' dir='ltr'><strong>sit.</strong></span> <span class='ocrx_word' id='word_1_42' title='bbox 478 949 576 1010; x_wconf 83' lang='lat' dir='ltr'><strong>Ex</strong></span> <span class='ocrx_word' id='word_1_43' title='bbox 602 969 736 1035; x_wconf 90' lang='lat' dir='ltr'><strong>quo</strong></span> <span class='ocrx_word' id='word_1_44' title='bbox 765 961 1097 1035; x_wconf 83' lang='lat' dir='ltr'><strong>poemate,</strong></span> <span class='ocrx_word' id='word_1_45' title='bbox 1127 944 1306 1032; x_wconf 89' lang='lat' dir='ltr'><strong>quod</strong></span> <span class='ocrx_word' id='word_1_46' title='bbox 1339 945 1529 1010; x_wconf 90' lang='lat' dir='ltr'><strong>nobis</strong></span> <span class='ocrx_word' id='word_1_47' title='bbox 1557 969 1633 1008; x_wconf 90' lang='lat' dir='ltr'><strong>ex</strong></span> <span class='ocrx_word' id='word_1_48' title='bbox 1674 945 1973 1008; x_wconf 88' lang='lat' dir='ltr'><strong>omnium</strong></span> <span class='ocrx_word' id='word_1_49' title='bbox 2008 943 2177 1010; x_wconf 89' lang='lat' dir='ltr'><strong>illius</strong></span> <span class='ocrx_word' id='word_1_50' title='bbox 2211 948 2487 1037; x_wconf 89' lang='lat' dir='ltr'><strong>scripto-</strong></span> 
     </span>
     <span class='ocr_line' id='line_1_7' title="bbox 343 1050 2483 1142; baseline 0.001 -26"><span class='ocrx_word' id='word_1_51' title='bbox 343 1056 434 1117; x_wconf 87' lang='lat' dir='ltr'><strong>ris</strong></span> <span class='ocrx_word' id='word_1_52' title='bbox 471 1075 747 1142; x_wconf 89' lang='lat' dir='ltr'><strong>operum</strong></span> <span class='ocrx_word' id='word_1_53' title='bbox 774 1050 1109 1140; x_wconf 80' lang='lat' dir='ltr'><strong>naufragio</strong></span> <span class='ocrx_word' id='word_1_54' title='bbox 1133 1051 1459 1138; x_wconf 88' lang='lat' dir='ltr'><strong>reliquum</strong></span> <span class='ocrx_word' id='word_1_55' title='bbox 1482 1068 1581 1115; x_wconf 88' lang='lat' dir='ltr'><strong>est</strong></span> <span class='ocrx_word' id='word_1_56' title='bbox 1601 1099 1619 1132; x_wconf 97' lang='lat'><strong>,</strong></span> <span class='ocrx_word' id='word_1_57' title='bbox 1662 1067 1845 1138; x_wconf 87' lang='lat' dir='ltr'><strong>potes</strong></span> <span class='ocrx_word' id='word_1_58' title='bbox 1884 1050 2247 1136; x_wconf 81' lang='lat' dir='ltr'><strong>advertere,</strong></span> <span class='ocrx_word' id='word_1_59' title='bbox 2282 1077 2483 1142; x_wconf 87' lang='lat' dir='ltr'><strong>quan-</strong></span> 
     </span>
     <span class='ocr_line' id='line_1_8' title="bbox 344 1157 2491 1246; baseline 0.002 -23"><span class='ocrx_word' id='word_1_60' title='bbox 344 1177 456 1224; x_wconf 90' lang='lat' dir='ltr'><strong>tus</strong></span> <span class='ocrx_word' id='word_1_61' title='bbox 480 1159 676 1222; x_wconf 85' lang='lat' dir='ltr'><strong>fuerit</strong></span> <span class='ocrx_word' id='word_1_62' title='bbox 697 1159 803 1222; x_wconf 87' lang='lat' dir='ltr'><strong>ille</strong></span> <span class='ocrx_word' id='word_1_63' title='bbox 824 1157 923 1221; x_wconf 83' lang='lat' dir='ltr'><strong>vir</strong></span> <span class='ocrx_word' id='word_1_64' title='bbox 958 1157 1026 1219; x_wconf 91' lang='lat' dir='ltr'><strong>in</strong></span> <span class='ocrx_word' id='word_1_65' title='bbox 1061 1157 1504 1246; x_wconf 86' lang='lat' dir='ltr'><strong>penetralibus</strong></span> <span class='ocrx_word' id='word_1_66' title='bbox 1522 1157 1883 1240; x_wconf 71' lang='lat' dir='ltr'><strong>Heliconis»,</strong></span> <span class='ocrx_word' id='word_1_67' title='bbox 1911 1179 2243 1246; x_wconf 85' lang='lat' dir='ltr'><strong>quamque</strong></span> <span class='ocrx_word' id='word_1_68' title='bbox 2262 1160 2491 1227; x_wconf 86' lang='lat' dir='ltr'><strong>melius</strong></span> 
     </span>
     <span class='ocr_line' id='line_1_9' title="bbox 347 1261 2498 1356; baseline 0.001 -28"><span class='ocrx_word' id='word_1_69' title='bbox 347 1265 694 1329; x_wconf 89' lang='lat' dir='ltr'><strong>nobiscum</strong></span> <span class='ocrx_word' id='word_1_70' title='bbox 731 1279 1054 1355; x_wconf 84' lang='lat' dir='ltr'><strong>ageretur,</strong></span> <span class='ocrx_word' id='word_1_71' title='bbox 1081 1264 1136 1328; x_wconf 89' lang='lat' dir='ltr'><strong>si</strong></span> <span class='ocrx_word' id='word_1_72' title='bbox 1174 1263 1277 1327; x_wconf 91' lang='lat' dir='ltr'><strong>ille</strong></span> <span class='ocrx_word' id='word_1_73' title='bbox 1312 1265 1531 1352; x_wconf 87' lang='lat' dir='ltr'><strong>potius</strong></span> <span class='ocrx_word' id='word_1_74' title='bbox 1564 1261 1864 1343; x_wconf 88' lang='lat' dir='ltr'><strong>injuriam</strong></span> <span class='ocrx_word' id='word_1_75' title='bbox 1898 1265 2211 1352; x_wconf 90' lang='lat' dir='ltr'><strong>temporis</strong></span> <span class='ocrx_word' id='word_1_76' title='bbox 2242 1263 2498 1356; x_wconf 85' lang='lat' dir='ltr'><strong>effugis-</strong></span> 
     </span>
     <span class='ocr_line' id='line_1_10' title="bbox 347 1369 2491 1462; baseline -0 -26"><span class='ocrx_word' id='word_1_77' title='bbox 347 1388 480 1455; x_wconf 88' lang='lat' dir='ltr'><strong>set,</strong></span> <span class='ocrx_word' id='word_1_78' title='bbox 509 1393 706 1460; x_wconf 83' lang='lat' dir='ltr'><strong>quam</strong></span> <span class='ocrx_word' id='word_1_79' title='bbox 739 1372 845 1436; x_wconf 90' lang='lat' dir='ltr'><strong>isti</strong></span> <span class='ocrx_word' id='word_1_80' title='bbox 876 1371 1158 1462; x_wconf 86' lang='lat' dir='ltr'><strong>pingues</strong></span> <span class='ocrx_word' id='word_1_81' title='bbox 1190 1386 1434 1458; x_wconf 82' lang='lat' dir='ltr'><strong>poetae,</strong></span> <span class='ocrx_word' id='word_1_82' title='bbox 1468 1369 1805 1434; x_wconf 82' lang='lat' dir='ltr'><strong>Musarum</strong></span> <span class='ocrx_word' id='word_1_83' title='bbox 1840 1377 2175 1450; x_wconf 62' lang='grc' dir='ltr'><strong>ἐκτρώματι,</strong></span> <span class='ocrx_word' id='word_1_84' title='bbox 2208 1371 2321 1458; x_wconf 84' lang='lat' dir='ltr'><strong>qui</strong></span> <span class='ocrx_word' id='word_1_85' title='bbox 2357 1393 2491 1436; x_wconf 90' lang='lat' dir='ltr'><strong>non</strong></span> 
     </span>
     <span class='ocr_line' id='line_1_11' title="bbox 346 1477 2494 1568; baseline -0.001 -23"><span class='ocrx_word' id='word_1_86' title='bbox 346 1498 482 1545; x_wconf 89' lang='lat' dir='ltr'><strong>tam</strong></span> <span class='ocrx_word' id='word_1_87' title='bbox 520 1495 940 1561; x_wconf 88' lang='lat' dir='ltr'><strong>meruerunt,</strong></span> <span class='ocrx_word' id='word_1_88' title='bbox 981 1495 1058 1544; x_wconf 90' lang='lat' dir='ltr'><strong>ut</strong></span> <span class='ocrx_word' id='word_1_89' title='bbox 1097 1480 1166 1542; x_wconf 87' lang='lat' dir='ltr'><strong>in</strong></span> <span class='ocrx_word' id='word_1_90' title='bbox 1208 1478 1355 1568; x_wconf 80' lang='lat' dir='ltr'><strong>loco</strong></span> <span class='ocrx_word' id='word_1_91' title='bbox 1395 1477 1834 1566; x_wconf 78' lang='lat' dir='ltr'><strong>legitimorum</strong></span> <span class='ocrx_word' id='word_1_92' title='bbox 1886 1477 2269 1560; x_wconf 86' lang='lat' dir='ltr'><strong>habeantur,</strong></span> <span class='ocrx_word' id='word_1_93' title='bbox 2298 1501 2494 1566; x_wconf 86' lang='lat' dir='ltr'><strong>quam</strong></span> 
     </span>
     <span class='ocr_line' id='line_1_12' title="bbox 349 1577 2493 1676; baseline 0 -26"><span class='ocrx_word' id='word_1_94' title='bbox 349 1588 510 1676; x_wconf 87' lang='lat' dir='ltr'><strong>ipsi,</strong></span> <span class='ocrx_word' id='word_1_95' title='bbox 539 1587 654 1650; x_wconf 92' lang='lat' dir='ltr'><strong>ubi</strong></span> <span class='ocrx_word' id='word_1_96' title='bbox 690 1586 1011 1676; x_wconf 84' lang='lat' dir='ltr'><strong>legitimos</strong></span> <span class='ocrx_word' id='word_1_97' title='bbox 1045 1583 1517 1668; x_wconf 86' lang='lat' dir='ltr'><strong>desideramus,</strong></span> <span class='ocrx_word' id='word_1_98' title='bbox 1542 1585 1613 1648; x_wconf 89' lang='lat' dir='ltr'><strong>in</strong></span> <span class='ocrx_word' id='word_1_99' title='bbox 1641 1606 1919 1650; x_wconf 85' lang='lat' dir='ltr'><strong>vacuum</strong></span> <span class='ocrx_word' id='word_1_100' title='bbox 1944 1600 2287 1650; x_wconf 83' lang='lat' dir='ltr'><strong>venerunt.</strong></span> <span class='ocrx_word' id='word_1_101' title='bbox 2318 1577 2493 1650; x_wconf 88' lang='lat' dir='ltr'><strong>Nulli</strong></span> 
     </span>
     <span class='ocr_line' id='line_1_13' title="bbox 351 1691 2495 1783; baseline -0 -26"><span class='ocrx_word' id='word_1_102' title='bbox 351 1696 486 1758; x_wconf 81' lang='lat' dir='ltr'><strong>fere</strong></span> <span class='ocrx_word' id='word_1_103' title='bbox 533 1695 818 1782; x_wconf 85' lang='lat' dir='ltr'><strong>poemati</strong></span> <span class='ocrx_word' id='word_1_104' title='bbox 852 1694 1054 1783; x_wconf 89' lang='lat' dir='ltr'><strong>magis</strong></span> <span class='ocrx_word' id='word_1_105' title='bbox 1083 1693 1345 1769; x_wconf 86' lang='lat' dir='ltr'><strong>nocuit,</strong></span> <span class='ocrx_word' id='word_1_106' title='bbox 1377 1693 1613 1774; x_wconf 88' lang='lat' dir='ltr'><strong>imm0,</strong></span> <span class='ocrx_word' id='word_1_107' title='bbox 1642 1707 1716 1754; x_wconf 88' lang='lat' dir='ltr'><strong>ut</strong></span> <span class='ocrx_word' id='word_1_108' title='bbox 1749 1713 1833 1755; x_wconf 89' lang='lat' dir='ltr'><strong>ne</strong></span> <span class='ocrx_word' id='word_1_109' title='bbox 1866 1691 2028 1779; x_wconf 89' lang='lat' dir='ltr'><strong>quid</strong></span> <span class='ocrx_word' id='word_1_110' title='bbox 2058 1691 2457 1756; x_wconf 90' lang='lat' dir='ltr'><strong>dissimulem</strong></span> <span class='ocrx_word' id='word_1_111' title='bbox 2478 1741 2495 1776; x_wconf 94' lang='lat'><strong>,</strong></span> 
     </span>
     <span class='ocr_line' id='line_1_14' title="bbox 353 1797 2496 1886; baseline -0 -23"><span class='ocrx_word' id='word_1_112' title='bbox 353 1801 518 1863; x_wconf 86' lang='lat' dir='ltr'><strong>nulli</strong></span> <span class='ocrx_word' id='word_1_113' title='bbox 541 1815 794 1864; x_wconf 87' lang='lat' dir='ltr'><strong>tantum</strong></span> <span class='ocrx_word' id='word_1_114' title='bbox 826 1800 1054 1864; x_wconf 84' lang='lat' dir='ltr'><strong>nocuit</strong></span> <span class='ocrx_word' id='word_1_115' title='bbox 1074 1815 1375 1863; x_wconf 59' lang='lat' dir='ltr'><strong>vetusta&amp;</strong></span> <span class='ocrx_word' id='word_1_116' title='bbox 1407 1799 1631 1874; x_wconf 75' lang='lat' dir='ltr'><strong>Tantae</strong></span> <span class='ocrx_word' id='word_1_117' title='bbox 1659 1797 1795 1878; x_wconf 85' lang='lat' dir='ltr'><strong>ejus</strong></span> <span class='ocrx_word' id='word_1_118' title='bbox 1824 1815 1981 1861; x_wconf 88' lang='lat' dir='ltr'><strong>sunt</strong></span> <span class='ocrx_word' id='word_1_119' title='bbox 2005 1799 2305 1881; x_wconf 85' lang='lat' dir='ltr'><strong>maculae,</strong></span> <span class='ocrx_word' id='word_1_120' title='bbox 2336 1821 2496 1886; x_wconf 85' lang='lat' dir='ltr'><strong>quas</strong></span> 
     </span>
     <span class='ocr_line' id='line_1_15' title="bbox 355 1903 2500 1994; baseline 0 -26"><span class='ocrx_word' id='word_1_121' title='bbox 355 1929 476 1969; x_wconf 89' lang='lat' dir='ltr'><strong>nos</strong></span> <span class='ocrx_word' id='word_1_122' title='bbox 511 1906 793 1970; x_wconf 88' lang='lat' dir='ltr'><strong>breviter</strong></span> <span class='ocrx_word' id='word_1_123' title='bbox 829 1905 1117 1970; x_wconf 88' lang='lat' dir='ltr'><strong>indicare</strong></span> <span class='ocrx_word' id='word_1_124' title='bbox 1153 1904 1444 1969; x_wconf 88' lang='lat' dir='ltr'><strong>contenti</strong></span> <span class='ocrx_word' id='word_1_125' title='bbox 1479 1903 1741 1968; x_wconf 56' lang='lat' dir='ltr'><strong>erimus</strong></span> <span class='ocrx_word' id='word_1_126' title='bbox 1774 1903 1925 1994; x_wconf 84' lang='lat' dir='ltr'><strong>Non</strong></span> <span class='ocrx_word' id='word_1_127' title='bbox 1964 1903 2141 1967; x_wconf 89' lang='lat' dir='ltr'><strong>enim</strong></span> <span class='ocrx_word' id='word_1_128' title='bbox 2174 1927 2500 1968; x_wconf 87' lang='lat' dir='ltr'><strong>commen·</strong></span> 
     </span>
     <span class='ocr_line' id='line_1_16' title="bbox 355 2013 1056 2076; baseline 0 0"><span class='ocrx_word' id='word_1_129' title='bbox 355 2013 592 2076; x_wconf 87' lang='lat' dir='ltr'><strong>tarium</strong></span> <span class='ocrx_word' id='word_1_130' title='bbox 635 2013 1056 2076; x_wconf 57' lang='lat' dir='ltr'><strong>instituimus</strong></span> 
     </span>
    </p>
   </div>
   <div class='ocr_carea' id='block_1_3' title="bbox 467 2257 2388 2338">
    <p class='ocr_par' dir='ltr' id='par_1_3' title="bbox 467 2257 2388 2338">
     <span class='ocr_line' id='line_1_17' title="bbox 467 2257 2388 2338; baseline 0.002 -17"><span class='ocrx_word' id='word_1_131' title='bbox 467 2259 553 2322; x_wconf 90' lang='lat' dir='ltr'><strong>X.</strong></span> <span class='ocrx_word' id='word_1_132' title='bbox 592 2257 826 2322; x_wconf 73' lang='lat' dir='ltr'><strong>Nmoz..</strong></span> <span class='ocrx_word' id='word_1_133' title='bbox 863 2257 1118 2338; x_wconf 66' lang='lat' dir='ltr'><strong>Fumi,</strong></span> <span class='ocrx_word' id='word_1_134' title='bbox 1147 2278 1215 2321; x_wconf 77' lang='lat' dir='ltr'><strong>m</strong></span> <span class='ocrx_word' id='word_1_135' title='bbox 1251 2279 1434 2322; x_wconf 68' lang='lat' dir='ltr'><strong>nous</strong></span> <span class='ocrx_word' id='word_1_136' title='bbox 1469 2279 1553 2320; x_wconf 65' lang='lat' dir='ltr'><strong>An</strong></span> <span class='ocrx_word' id='word_1_137' title='bbox 1585 2257 1675 2322; x_wconf 88' lang='lat' dir='ltr'><strong>M.</strong></span> <span class='ocrx_word' id='word_1_138' title='bbox 1708 2257 1969 2322; x_wconf 65' lang='lat' dir='ltr'><strong>Smmcae</strong></span> <span class='ocrx_word' id='word_1_139' title='bbox 2000 2259 2274 2325; x_wconf 66' lang='lat' dir='ltr'><strong>SuAson.</strong></span> <span class='ocrx_word' id='word_1_140' title='bbox 2301 2262 2388 2325; x_wconf 89' lang='grc' dir='ltr'><strong>ΙΙ.</strong></span> 
     </span>
    </p>
   </div>
   <div class='ocr_carea' id='block_1_4' title="bbox 357 2477 2511 2890">
    <p class='ocr_par' dir='ltr' id='par_1_4' title="bbox 357 2477 2511 2890">
     <span class='ocr_line' id='line_1_18' title="bbox 446 2477 2504 2571; baseline 0.001 -25"><span class='ocrx_word' id='word_1_141' title='bbox 446 2477 746 2560; x_wconf 83' lang='lat' dir='ltr'><strong>Hujusne</strong></span> <span class='ocrx_word' id='word_1_142' title='bbox 776 2480 1062 2544; x_wconf 88' lang='lat' dir='ltr'><strong>Cornelii</strong></span> <span class='ocrx_word' id='word_1_143' title='bbox 1093 2481 1326 2544; x_wconf 75' lang='lat' dir='ltr'><strong>‘Severi</strong></span> <span class='ocrx_word' id='word_1_144' title='bbox 1363 2481 1446 2544; x_wconf 89' lang='lat' dir='ltr'><strong>sit</strong></span> <span class='ocrx_word' id='word_1_145' title='bbox 1479 2505 1737 2546; x_wconf 85' lang='lat' dir='ltr'><strong>carmen</strong></span> <span class='ocrx_word' id='word_1_146' title='bbox 1778 2481 1858 2546; x_wconf 90' lang='lat' dir='ltr'><strong>de</strong></span> <span class='ocrx_word' id='word_1_147' title='bbox 1888 2482 2118 2565; x_wconf 86' lang='lat' dir='ltr'><strong>AEtna‚</strong></span> <span class='ocrx_word' id='word_1_148' title='bbox 2144 2484 2325 2571; x_wconf 85' lang='lat' dir='ltr'><strong>quod</strong></span> <span class='ocrx_word' id='word_1_149' title='bbox 2356 2485 2504 2549; x_wconf 79' lang='lat' dir='ltr'><strong>Vir-</strong></span> 
     </span>
     <span class='ocr_line' id='line_1_19' title="bbox 357 2585 2502 2681; baseline 0.002 -30"><span class='ocrx_word' id='word_1_150' title='bbox 357 2589 516 2678; x_wconf 85' lang='lat' dir='ltr'><strong>gilio</strong></span> <span class='ocrx_word' id='word_1_151' title='bbox 537 2585 802 2675; x_wconf 86' lang='lat' dir='ltr'><strong>quidam</strong></span> <span class='ocrx_word' id='word_1_152' title='bbox 825 2587 1130 2651; x_wconf 87' lang='lat' dir='ltr'><strong>tribuunt</strong></span> <span class='ocrx_word' id='word_1_153' title='bbox 1146 2635 1164 2668; x_wconf 90' lang='lat'><strong>,</strong></span> <span class='ocrx_word' id='word_1_154' title='bbox 1188 2585 1468 2651; x_wconf 86' lang='lat' dir='ltr'><strong>dubitari</strong></span> <span class='ocrx_word' id='word_1_155' title='bbox 1492 2605 1736 2676; x_wconf 82' lang='lat' dir='ltr'><strong>potest,</strong></span> <span class='ocrx_word' id='word_1_156' title='bbox 1758 2605 1823 2652; x_wconf 89' lang='lat' dir='ltr'><strong>et</strong></span> <span class='ocrx_word' id='word_1_157' title='bbox 1840 2611 1920 2652; x_wconf 89' lang='lat' dir='ltr'><strong>an</strong></span> <span class='ocrx_word' id='word_1_158' title='bbox 1944 2591 2161 2677; x_wconf 85' lang='lat' dir='ltr'><strong>potius</strong></span> <span class='ocrx_word' id='word_1_159' title='bbox 2183 2591 2502 2681; x_wconf 85' lang='lat' dir='ltr'><strong>insignem</strong></span> 
     </span>
     <span class='ocr_line' id='line_1_20' title="bbox 357 2693 2507 2784; baseline 0.001 -26"><span class='ocrx_word' id='word_1_160' title='bbox 357 2693 589 2759; x_wconf 83' lang='lat' dir='ltr'><strong>Siciliae</strong></span> <span class='ocrx_word' id='word_1_161' title='bbox 619 2711 912 2756; x_wconf 88' lang='lat' dir='ltr'><strong>montem</strong></span> <span class='ocrx_word' id='word_1_162' title='bbox 941 2715 1074 2756; x_wconf 88' lang='lat' dir='ltr'><strong>non</strong></span> <span class='ocrx_word' id='word_1_163' title='bbox 1101 2711 1395 2781; x_wconf 84' lang='lat' dir='ltr'><strong>separato</strong></span> <span class='ocrx_word' id='word_1_164' title='bbox 1429 2717 1625 2781; x_wconf 85' lang='lat' dir='ltr'><strong>opere</strong></span> <span class='ocrx_word' id='word_1_165' title='bbox 1658 2694 2097 2783; x_wconf 87' lang='lat' dir='ltr'><strong>descripserit;</strong></span> <span class='ocrx_word' id='word_1_166' title='bbox 2132 2696 2247 2760; x_wconf 88' lang='lat' dir='ltr'><strong>sed</strong></span> <span class='ocrx_word' id='word_1_167' title='bbox 2289 2721 2507 2784; x_wconf 85' lang='lat' dir='ltr'><strong>quem·</strong></span> 
     </span>
     <span class='ocr_line' id='line_1_21' title="bbox 358 2798 2511 2890; baseline 0.002 -26"><span class='ocrx_word' id='word_1_168' title='bbox 358 2798 721 2864; x_wconf 86' lang='lat' dir='ltr'><strong>admodum</strong></span> <span class='ocrx_word' id='word_1_169' title='bbox 747 2798 1054 2887; x_wconf 82' lang='lat' dir='ltr'><strong>Virgilius</strong></span> <span class='ocrx_word' id='word_1_170' title='bbox 1082 2798 1394 2862; x_wconf 82' lang='lat' dir='ltr'><strong>AEneidos</strong></span> <span class='ocrx_word' id='word_1_171' title='bbox 1423 2801 1519 2862; x_wconf 90' lang='lat'><strong>111</strong></span> <span class='ocrx_word' id='word_1_172' title='bbox 1537 2850 1553 2883; x_wconf 94' lang='lat'><strong>,</strong></span> <span class='ocrx_word' id='word_1_173' title='bbox 1584 2800 1853 2864; x_wconf 85' lang='lat' dir='ltr'><strong>Ovidius</strong></span> <span class='ocrx_word' id='word_1_174' title='bbox 1880 2802 2001 2864; x_wconf 87' lang='lat' dir='ltr'><strong>XV</strong></span> <span class='ocrx_word' id='word_1_175' title='bbox 2033 2803 2511 2890; x_wconf 86' lang='lat' dir='ltr'><strong>Metamorpho-</strong></span> 
     </span>
    </p>
   </div>
   <div class='ocr_carea' id='block_1_5' title="bbox 359 2904 2511 3102">
    <p class='ocr_par' dir='ltr' id='par_1_5' title="bbox 359 2904 2511 3102">
     <span class='ocr_line' id='line_1_22' title="bbox 359 2904 2511 2991; baseline 0.002 -21"><span class='ocrx_word' id='word_1_176' title='bbox 359 2928 542 2987; x_wconf 88' lang='lat' dir='ltr'><strong>seos,</strong></span> <span class='ocrx_word' id='word_1_177' title='bbox 577 2904 666 2967; x_wconf 89' lang='lat' dir='ltr'><strong>ita</strong></span> <span class='ocrx_word' id='word_1_178' title='bbox 699 2905 892 2968; x_wconf 85' lang='lat' dir='ltr'><strong>etiam</strong></span> <span class='ocrx_word' id='word_1_179' title='bbox 925 2905 1032 2969; x_wconf 87' lang='lat' dir='ltr'><strong>ille</strong></span> <span class='ocrx_word' id='word_1_180' title='bbox 1063 2905 1282 2991; x_wconf 90' lang='lat' dir='ltr'><strong>aliquo</strong></span> <span class='ocrx_word' id='word_1_181' title='bbox 1315 2906 1631 2970; x_wconf 87' lang='lat' dir='ltr'><strong>librorum</strong></span> <span class='ocrx_word' id='word_1_182' title='bbox 1665 2907 1816 2971; x_wconf 89' lang='lat' dir='ltr'><strong>belli</strong></span> <span class='ocrx_word' id='word_1_183' title='bbox 1850 2905 2067 2972; x_wconf 90' lang='lat' dir='ltr'><strong>Siculi.</strong></span> <span class='ocrx_word' id='word_1_184' title='bbox 2098 2907 2271 2975; x_wconf 88' lang='lat' dir='ltr'><strong>Nam</strong></span> <span class='ocrx_word' id='word_1_185' title='bbox 2304 2911 2375 2974; x_wconf 92' lang='lat' dir='ltr'><strong>L.</strong></span> <span class='ocrx_word' id='word_1_186' title='bbox 2403 2910 2511 2974; x_wconf 90' lang='lat' dir='ltr'><strong>Se-</strong></span> 
     </span>
     <span class='ocr_line' id='line_1_23' title="bbox 360 3010 1873 3102; baseline 0.001 -26"><span class='ocrx_word' id='word_1_187' title='bbox 360 3033 526 3076; x_wconf 86' lang='lat' dir='ltr'><strong>neca</strong></span> <span class='ocrx_word' id='word_1_188' title='bbox 558 3010 680 3075; x_wconf 89' lang='lat' dir='ltr'><strong>hos</strong></span> <span class='ocrx_word' id='word_1_189' title='bbox 717 3025 844 3074; x_wconf 89' lang='lat' dir='ltr'><strong>tres</strong></span> <span class='ocrx_word' id='word_1_190' title='bbox 879 3011 1098 3076; x_wconf 83' lang='lat' dir='ltr'><strong>AEtnae</strong></span> <span class='ocrx_word' id='word_1_191' title='bbox 1129 3011 1472 3098; x_wconf 85' lang='lat' dir='ltr'><strong>scriptores</strong></span> <span class='ocrx_word' id='word_1_192' title='bbox 1512 3012 1873 3102; x_wconf 85' lang='lat' dir='ltr'><strong>conjungit.</strong></span> 
     </span>
    </p>
   </div>
   <div class='ocr_carea' id='block_1_6' title="bbox 395 3262 2478 3346">
    <p class='ocr_par' dir='ltr' id='par_1_6' title="bbox 395 3262 2478 3346">
     <span class='ocr_line' id='line_1_24' title="bbox 395 3262 2478 3346; baseline 0 -18"><span class='ocrx_word' id='word_1_193' title='bbox 395 3263 519 3328; x_wconf 84' lang='lat' dir='ltr'><strong>XI.</strong></span> <span class='ocrx_word' id='word_1_194' title='bbox 545 3265 730 3328; x_wconf 67' lang='lat' dir='ltr'><strong>CAsr.</strong></span> <span class='ocrx_word' id='word_1_195' title='bbox 760 3263 1125 3342; x_wconf 59' lang='lat' dir='ltr'><strong>Biia-rmus,</strong></span> <span class='ocrx_word' id='word_1_196' title='bbox 1149 3262 1426 3327; x_wconf 69' lang='lat' dir='ltr'><strong>AnvERS.</strong></span> <span class='ocrx_word' id='word_1_197' title='bbox 1459 3285 1586 3325; x_wconf 71' lang='grc' dir='ltr'><strong>ιω.</strong></span> <span class='ocrx_word' id='word_1_198' title='bbox 1614 3263 1907 3344; x_wconf 87' lang='lat' dir='ltr'>XXXII,</span> <span class='ocrx_word' id='word_1_199' title='bbox 1940 3285 2077 3328; x_wconf 70' lang='lat' dir='ltr'><strong>cAr.</strong></span> <span class='ocrx_word' id='word_1_200' title='bbox 2114 3265 2223 3346; x_wconf 89' lang='lat'><strong>16,</strong></span> <span class='ocrx_word' id='word_1_201' title='bbox 2252 3288 2478 3330; x_wconf 75' lang='lat' dir='ltr'><strong>mrrto.</strong></span> 
     </span>
    </p>
   </div>
   <div class='ocr_carea' id='block_1_7' title="bbox 458 3485 2511 3574">
    <p class='ocr_par' dir='ltr' id='par_1_7' title="bbox 458 3485 2511 3574">
     <span class='ocr_line' id='line_1_25' title="bbox 458 3485 2511 3574; baseline 0.004 -27"><span class='ocrx_word' id='word_1_202' title='bbox 458 3485 582 3548; x_wconf 88' lang='lat' dir='ltr'><strong>Vel</strong></span> <span class='ocrx_word' id='word_1_203' title='bbox 629 3501 898 3574; x_wconf 88' lang='lat' dir='ltr'><strong>propter</strong></span> <span class='ocrx_word' id='word_1_204' title='bbox 941 3508 1220 3568; x_wconf 89' lang='lat' dir='ltr'><strong>nomen,</strong></span> <span class='ocrx_word' id='word_1_205' title='bbox 1256 3485 1435 3573; x_wconf 88' lang='lat' dir='ltr'><strong>quod</strong></span> <span class='ocrx_word' id='word_1_206' title='bbox 1472 3487 1707 3552; x_wconf 86' lang='lat' dir='ltr'><strong>merito</strong></span> <span class='ocrx_word' id='word_1_207' title='bbox 1752 3510 1873 3551; x_wconf 89' lang='lat' dir='ltr'><strong>suo</strong></span> <span class='ocrx_word' id='word_1_208' title='bbox 1920 3488 1989 3552; x_wconf 87' lang='lat' dir='ltr'><strong>in</strong></span> <span class='ocrx_word' id='word_1_209' title='bbox 2040 3490 2348 3554; x_wconf 90' lang='lat' dir='ltr'><strong>omnibus</strong></span> <span class='ocrx_word' id='word_1_210' title='bbox 2366 3541 2383 3572; x_wconf 92' lang='lat'><strong>,</strong></span> <span class='ocrx_word' id='word_1_211' title='bbox 2409 3491 2511 3555; x_wconf 87' lang='lat' dir='ltr'><strong>his</strong></span> 
     </span>
    </p>
   </div>
   <div class='ocr_carea' id='block_1_8' title="bbox 365 3591 2521 3788">
    <p class='ocr_par' dir='ltr' id='par_1_8' title="bbox 365 3591 2521 3788">
     <span class='ocr_line' id='line_1_26' title="bbox 365 3591 2521 3686; baseline 0.003 -30"><span class='ocrx_word' id='word_1_212' title='bbox 365 3615 528 3656; x_wconf 80' lang='lat' dir='ltr'><strong>vero</strong></span> <span class='ocrx_word' id='word_1_213' title='bbox 555 3591 880 3680; x_wconf 75' lang='lat' dir='ltr'><strong>praecipue</strong></span> <span class='ocrx_word' id='word_1_214' title='bbox 898 3642 915 3673; x_wconf 89' lang='lat'><strong>,</strong></span> <span class='ocrx_word' id='word_1_215' title='bbox 949 3592 1146 3658; x_wconf 84' lang='lat' dir='ltr'><strong>literis</strong></span> <span class='ocrx_word' id='word_1_216' title='bbox 1171 3593 1497 3681; x_wconf 88' lang='lat' dir='ltr'><strong>singulare</strong></span> <span class='ocrx_word' id='word_1_217' title='bbox 1519 3593 1716 3657; x_wconf 87' lang='lat' dir='ltr'><strong>habet</strong></span> <span class='ocrx_word' id='word_1_218' title='bbox 1732 3643 1750 3676; x_wconf 86' lang='lat'><strong>,</strong></span> <span class='ocrx_word' id='word_1_219' title='bbox 1782 3596 1815 3658; x_wconf 88' lang='lat' dir='ltr'>J</span> <span class='ocrx_word' id='word_1_220' title='bbox 1818 3594 2045 3682; x_wconf 87' lang='lat' dir='ltr'><strong>osephi</strong></span> <span class='ocrx_word' id='word_1_221' title='bbox 2070 3594 2371 3686; x_wconf 84' lang='lat' dir='ltr'><strong>Scaligeri</strong></span> <span class='ocrx_word' id='word_1_222' title='bbox 2398 3612 2521 3662; x_wconf 86' lang='lat' dir='ltr'><strong>tra-</strong></span> 
     </span>
     <span class='ocr_line' id='line_1_27' title="bbox 368 3696 2515 3788; baseline 0.002 -28"><span class='ocrx_word' id='word_1_223' title='bbox 368 3696 734 3780; x_wconf 78' lang='lat' dir='ltr'><strong>ditionibus</strong></span> <span class='ocrx_word' id='word_1_224' title='bbox 766 3697 970 3762; x_wconf 89' lang='lat' dir='ltr'><strong>multa</strong></span> <span class='ocrx_word' id='word_1_225' title='bbox 1003 3699 1178 3762; x_wconf 88' lang='lat' dir='ltr'><strong>ultro</strong></span> <span class='ocrx_word' id='word_1_226' title='bbox 1219 3698 1535 3762; x_wconf 86' lang='lat' dir='ltr'><strong>tradenda</strong></span> <span class='ocrx_word' id='word_1_227' title='bbox 1570 3721 1708 3762; x_wconf 86' lang='lat' dir='ltr'><strong>esse</strong></span> <span class='ocrx_word' id='word_1_228' title='bbox 1744 3716 1938 3787; x_wconf 88' lang='lat' dir='ltr'><strong>put0,</strong></span> <span class='ocrx_word' id='word_1_229' title='bbox 1974 3699 2215 3788; x_wconf 88' lang='lat' dir='ltr'><strong>alioqui</strong></span> <span class='ocrx_word' id='word_1_230' title='bbox 2242 3701 2515 3766; x_wconf 85' lang='lat' dir='ltr'><strong>fortasse</strong></span> 
     </span>
    </p>
   </div>
   <div class='ocr_carea' id='block_1_9' title="bbox 368 3803 2521 4214">
    <p class='ocr_par' dir='ltr' id='par_1_9' title="bbox 368 3803 2521 4214">
     <span class='ocr_line' id='line_1_28' title="bbox 371 3803 2518 3895; baseline 0.003 -29"><span class='ocrx_word' id='word_1_231' title='bbox 371 3825 512 3866; x_wconf 89' lang='lat' dir='ltr'><strong>non</strong></span> <span class='ocrx_word' id='word_1_232' title='bbox 559 3819 692 3867; x_wconf 88' lang='lat' dir='ltr'><strong>tam</strong></span> <span class='ocrx_word' id='word_1_233' title='bbox 728 3803 913 3868; x_wconf 87' lang='lat' dir='ltr'><strong>facile</strong></span> <span class='ocrx_word' id='word_1_234' title='bbox 943 3805 1316 3869; x_wconf 79' lang='lat' dir='ltr'><strong>auferenda.</strong></span> <span class='ocrx_word' id='word_1_235' title='bbox 1367 3805 1453 3869; x_wconf 89' lang='lat' dir='ltr'><strong>Iis</strong></span> <span class='ocrx_word' id='word_1_236' title='bbox 1482 3805 1634 3870; x_wconf 91' lang='lat' dir='ltr'><strong>licet</strong></span> <span class='ocrx_word' id='word_1_237' title='bbox 1663 3827 2033 3888; x_wconf 85' lang='lat' dir='ltr'><strong>accenseas,</strong></span> <span class='ocrx_word' id='word_1_238' title='bbox 2072 3806 2253 3893; x_wconf 86' lang='lat' dir='ltr'><strong>quod</strong></span> <span class='ocrx_word' id='word_1_239' title='bbox 2284 3829 2518 3895; x_wconf 90' lang='lat' dir='ltr'><strong>poema</strong></span> 
     </span>
     <span class='ocr_line' id='line_1_29' title="bbox 368 3907 2518 3998; baseline 0.002 -27"><span class='ocrx_word' id='word_1_240' title='bbox 368 3909 662 3998; x_wconf 87' lang='lat' dir='ltr'><strong>priscum</strong></span> <span class='ocrx_word' id='word_1_241' title='bbox 695 3907 779 3972; x_wconf 85' lang='lat' dir='ltr'><strong>de</strong></span> <span class='ocrx_word' id='word_1_242' title='bbox 805 3907 1002 3972; x_wconf 85' lang='lat' dir='ltr'><strong>AEtna</strong></span> <span class='ocrx_word' id='word_1_243' title='bbox 1031 3911 1228 3974; x_wconf 90' lang='lat' dir='ltr'><strong>Corn.</strong></span> <span class='ocrx_word' id='word_1_244' title='bbox 1256 3908 1494 3972; x_wconf 87' lang='lat' dir='ltr'><strong>Severo</strong></span> <span class='ocrx_word' id='word_1_245' title='bbox 1521 3908 1859 3990; x_wconf 88' lang='lat' dir='ltr'><strong>adscribit,</strong></span> <span class='ocrx_word' id='word_1_246' title='bbox 1894 3931 2046 3974; x_wconf 87' lang='lat' dir='ltr'><strong>sane</strong></span> <span class='ocrx_word' id='word_1_247' title='bbox 2074 3911 2249 3974; x_wconf 91' lang='lat' dir='ltr'><strong>labili</strong></span> <span class='ocrx_word' id='word_1_248' title='bbox 2280 3910 2518 3975; x_wconf 87' lang='lat' dir='ltr'><strong>funda-</strong></span> 
     </span>
     <span class='ocr_line' id='line_1_30' title="bbox 369 4014 2521 4106; baseline 0.002 -28"><span class='ocrx_word' id='word_1_249' title='bbox 369 4030 603 4078; x_wconf 86' lang='lat' dir='ltr'><strong>mento</strong></span> <span class='ocrx_word' id='word_1_250' title='bbox 621 4063 638 4095; x_wconf 90' lang='lat'>‚</span> <span class='ocrx_word' id='word_1_251' title='bbox 669 4037 876 4102; x_wconf 86' lang='lat' dir='ltr'><strong>quum</strong></span> <span class='ocrx_word' id='word_1_252' title='bbox 913 4032 980 4079; x_wconf 89' lang='lat' dir='ltr'><strong>et</strong></span> <span class='ocrx_word' id='word_1_253' title='bbox 1011 4015 1218 4104; x_wconf 85' lang='lat' dir='ltr'><strong>stylus</strong></span> <span class='ocrx_word' id='word_1_254' title='bbox 1255 4014 1394 4094; x_wconf 87' lang='lat' dir='ltr'><strong>ejus</strong></span> <span class='ocrx_word' id='word_1_255' title='bbox 1425 4017 1641 4103; x_wconf 88' lang='lat' dir='ltr'><strong>operis</strong></span> <span class='ocrx_word' id='word_1_256' title='bbox 1676 4015 1857 4081; x_wconf 88' lang='lat' dir='ltr'><strong>aliud</strong></span> <span class='ocrx_word' id='word_1_257' title='bbox 1902 4017 2209 4081; x_wconf 84' lang='lat' dir='ltr'><strong>saeculum</strong></span> <span class='ocrx_word' id='word_1_258' title='bbox 2254 4041 2521 4106; x_wconf 84' lang='lat' dir='ltr'><strong>poscere</strong></span> 
     </span>
     <span class='ocr_line' id='line_1_31' title="bbox 368 4117 2521 4214; baseline 0.001 -30"><span class='ocrx_word' id='word_1_259' title='bbox 368 4119 708 4204; x_wconf 78' lang='lat' dir='ltr'><strong>videatur,</strong></span> <span class='ocrx_word' id='word_1_260' title='bbox 763 4121 916 4184; x_wconf 89' lang='lat' dir='ltr'><strong>licet</strong></span> <span class='ocrx_word' id='word_1_261' title='bbox 963 4140 1150 4188; x_wconf 82' lang='lat' dir='ltr'><strong>vetus</strong></span> <span class='ocrx_word' id='word_1_262' title='bbox 1212 4122 1685 4188; x_wconf 84' lang='lat' dir='ltr'><strong>Grammaticus</strong></span> <span class='ocrx_word' id='word_1_263' title='bbox 1732 4123 1861 4202; x_wconf 79' lang='lat' dir='ltr'><strong>jam</strong></span> <span class='ocrx_word' id='word_1_264' title='bbox 1922 4125 2077 4188; x_wconf 90' lang='lat' dir='ltr'><strong>olim</strong></span> <span class='ocrx_word' id='word_1_265' title='bbox 2130 4124 2211 4188; x_wconf 89' lang='lat' dir='ltr'><strong>de</strong></span> <span class='ocrx_word' id='word_1_266' title='bbox 2240 4117 2521 4214; x_wconf 78' lang='lat' dir='ltr'><strong>&#39;Virgilio</strong></span> 
     </span>
    </p>
   </div>
  </div>
 </body>
</html>
