2975 4684
462 334 559 422 46
1075 333 1205 402 DE
1266 333 1974 414 AUCTORIBUS,

465 463 757 555 quamvis
775 477 841 528 ct
866 459 1107 526 flumen
1126 460 1373 550 ingenii
1400 475 1467 523 et
1488 459 1750 548 spiritus
1783 483 1918 523 non
1945 460 2226 549 vulgaris
2251 461 2318 522 in
2355 457 2586 522 eodem

463 571 836 660 reperiatur.
874 567 1037 650 Quae
1066 590 1104 631 a
1136 567 1455 656 Scaligero
1490 582 1558 630 et
1587 564 1724 630 aliis
1759 589 1880 655 pro
1908 567 2173 631 Lucano
2201 565 2590 641 afferuntur,

460 700 693 768 parum
723 676 971 756 juvant.
1016 674 1081 738 Si
1117 673 1184 737 in
1217 671 1414 736 veteri
1462 671 1685 736 codice
1717 671 1981 736 Lucano
2013 671 2400 735 attributum
2449 692 2590 734 car·

462 807 613 850 men
660 799 793 862 est,
821 782 890 847 id
934 781 1073 870 pari
1114 801 1333 844 errore
1376 779 1620 844 librarii
1663 777 1801 843 fieri
1847 779 2096 866 potuit,
2129 801 2204 842 ac
2257 776 2588 865 quondam

464 890 701 956 Ovidio
744 887 917 952 idem
965 885 1356 974 adscriptum
1378 933 1397 967 ,
1431 900 1498 948 et
1541 884 1762 948 multis
1809 885 1946 947 aliis
1991 883 2398 971 poematibus
2450 881 2588 946 falsi

460 1013 756 1061 auctores
788 992 1141 1081 praescripti
1172 1005 1344 1054 sunt.
1382 989 1748 1054 Catalecton
1781 989 2145 1078 ambiguam
2181 1005 2248 1054 et
2277 989 2590 1052 incertam

463 1101 799 1166 notionem
833 1097 1050 1162 habet.
1082 1095 1358 1186 Scaliger
1390 1095 1690 1184 quidem,
1717 1095 1906 1159 initio
1937 1111 2148 1159 notar.
2185 1094 2254 1158 in
2289 1093 2591 1158 Camlect.

462 1207 689 1297 Virgil.
738 1228 801 1292 p.
856 1223 1008 1288 219,
1058 1202 1408 1283 existimat,
1434 1211 1724 1264 κατέλεκτα
1746 1215 1970 1266 vocata
2013 1223 2152 1265 esse
2195 1200 2278 1264 ab
2324 1199 2438 1281 iis,
2479 1199 2592 1286 qui

464 1314 841 1402 colligerent
855 1360 874 1394 ,
907 1331 1051 1398 quae
1081 1323 1386 1396 putarent
1415 1308 1574 1372 citra
1605 1308 2108 1372 controversiam
2138 1305 2388 1396 Virgilii
2417 1327 2556 1369 esse
2571 1353 2592 1387 ,

464 1443 501 1482 a
547 1417 803 1482 delectu
843 1415 1085 1480 scilicet
1113 1437 1129 1478 ε
1172 1435 1325 1478 nam
1357 1435 1496 1478 esse
1524 1435 1753 1478 vocem
1785 1428 2172 1478 castrensem
2217 1421 2491 1491 κατάλογος
2528 1425 2620 1474 et.

463 1533 771 1602 καταλέγειν.
813 1524 902 1586 At
945 1543 1093 1584 meo
1140 1541 1337 1584 sensu
1357 1568 1375 1603 ‚
1406 1518 1653 1583 etiamsi
1699 1519 2016 1583 Catalccta
2059 1517 2378 1598 dicantur,
2409 1515 2596 1603 quasi

466 1629 713 1693 delecta
738 1626 840 1690 vel
866 1625 1089 1690 allecta
1102 1623 1399 1712 Virgilio,
1428 1623 1498 1688 id
1529 1641 1746 1689 tamen
1781 1623 2072 1688 manebit
2095 1623 2165 1687 in
2195 1622 2426 1704 dubie,
2448 1621 2596 1700 jure

465 1751 533 1799 et
558 1735 810 1798 ratione
839 1732 971 1796 hoc
1000 1730 1245 1796 factum
1282 1732 1365 1796 sit
1384 1779 1403 1814 ,
1436 1753 1522 1795 an
1559 1731 1800 1794 minus.
1833 1729 1958 1795 Alii
1984 1751 2174 1811 vero,
2203 1729 2476 1793 fortasse
2501 1749 2598 1792 re·

461 1841 655 1924 etius,
692 1839 1007 1904 Catalecta
1054 1838 1305 1902 malunt
1352 1836 1481 1902 dici
1498 1885 1517 1919 ,
1546 1836 1729 1924 quasi
1755 1846 2156 1918 καταλιγόμινα,
2179 1833 2262 1899 de
2308 1856 2592 1921 quorum

462 1945 838 2013 auctoribus
882 1945 1267 2034 ambigatur.
1305 1943 1457 2026 Quo
1503 1960 1691 2032 pacto
1729 1943 1978 2008 Lucani
2015 1940 2382 2006 Catalecton
2413 1939 2596 2028 quod

462 2053 723 2134 dicitur,
750 2052 943 2140 plane
986 2050 1373 2116 contrariam
1416 2048 1951 2139 significationem
1996 2049 2192 2111 infert
2211 2096 2228 2129 ‚
2257 2064 2324 2112 et
2362 2068 2594 2135 poema

466 2175 683 2239 notat,
701 2156 883 2245 quod
906 2157 1171 2222 Lucano
1196 2156 1472 2221 adscribi
1490 2156 1756 2243 quidem
1771 2205 1787 2238 ‚
1807 2155 1924 2220 sed
1947 2153 2151 2220 dubio
2168 2155 2314 2235 jure
2330 2202 2349 2235 ‚
2369 2153 2590 2217 soleat.

465 2265 707 2328 Parum
739 2261 931 2325 etiam
956 2260 1138 2340 juvat
1157 2309 1175 2343 ,
1201 2259 1381 2348 quod
1412 2261 1691 2349 Scaliger
1717 2283 1754 2324 e
1781 2259 2126 2324 Pisoniana
2151 2257 2596 2338 conjuratione

466 2391 589 2458 pro
615 2369 882 2433 Lucano
909 2367 1154 2458 colligit
1170 2415 1189 2449 ‚
1212 2389 1419 2454 quum
1442 2365 1747 2430 Pisonem
1783 2364 1942 2430 dicit
1958 2413 1978 2446 ‚
2023 2387 2172 2430 cum
2200 2363 2594 2452 primoribus

394 2511 399 2514 ·
466 2474 815 2539 nobilitatis
868 2475 1177 2538 Romanae
1223 2473 1570 2553 juvenibus
1621 2472 2099 2561 conspiratione
2147 2472 2215 2534 in
2263 2471 2593 2536 Neronem

464 2583 630 2646 facta
650 2629 667 2662 ,
708 2579 1087 2669 signiferum
1131 2577 1268 2659 ejus
1311 2579 1564 2644 consilii
1610 2576 1918 2666 delegisse
1965 2578 2335 2659 Lucanum,
2375 2577 2596 2641 multis

456 2688 590 2769 jam
634 2684 962 2750 beneficiis
1010 2687 1132 2749 sibi
1169 2684 1566 2750 devinctum.
1617 2683 1970 2766 Quomodo
2007 2685 2180 2750 enim
2217 2683 2594 2772 signiferum

462 2794 811 2874 conjurawc
846 2791 1201 2856 nobilitatis
1235 2791 1516 2880 deligere
1547 2793 1888 2856 Lucanum
1921 2791 2169 2879 potuit,
2197 2790 2250 2854 si
2283 2789 2336 2855 is
2371 2804 2600 2853 auctor

460 2899 759 2963 carminis
776 2896 861 2962 ad
874 2897 1179 2962 Pisonem
1198 2913 1317 2974 est,
1336 2897 1467 2963 hoc
1490 2913 1615 2980 est,
1635 2898 1798 2981 talis,
1813 2898 2069 2986 qualem
2087 2897 2506 2984 semetipsum
2525 2894 2596 2957 in

461 3005 746 3070 carmine
776 3002 1142 3094 profitetur,
1170 3005 1405 3068 humili
1440 3025 1676 3093 genere
1706 3020 1898 3068 natus
1919 3051 1937 3085 ,
1967 3019 2032 3067 et
2059 3001 2256 3066 nullis
2279 2999 2596 3066 subnixus

464 3111 699 3200 opibus
743 3111 860 3199 qui
902 3110 1156 3174 allevari
1202 3109 1496 3197 paullum
1539 3126 1606 3174 et
1651 3131 1982 3198 emergere
2023 3107 2276 3172 Pisonis
2313 3105 2596 3196 patroci-

467 3218 580 3281 nio
612 3215 875 3305 cupiat?
2455 3282 2463 3291 ,

556 3323 783 3406 Quum
832 3337 963 3386 tam
1008 3321 1211 3386 multa
1262 3321 1425 3402 sint,
1458 3337 1526 3385 et
1557 3321 1803 3411 gravia,
1837 3343 1980 3410 quae
2013 3341 2272 3384 carmen
2313 3319 2380 3383 in
2416 3319 2598 3382 Piso-

469 3451 622 3494 nem
672 3452 709 3494 a
756 3427 1021 3504 Lucano
1072 3425 1578 3507 abjudicandum
1623 3426 1936 3492 suadeant
1955 3473 1974 3508 ‚
2008 3439 2352 3514 paupertas
2391 3424 2600 3512 inpri-

468 3536 591 3598 mis
615 3549 682 3599 et
708 3533 971 3598 humilis
994 3532 1229 3598 domus
1245 3583 1264 3616 ‚
1286 3557 1483 3622 quam
1505 3549 1736 3599 auctor
1756 3529 2120 3621 profitetur,
2143 3532 2422 3596 multum
2445 3551 2599 3595 sane

473 3640 700 3722 miror,
747 3639 1048 3704 nondum
1097 3657 1431 3729 repertum
1482 3663 1654 3722 esse,
1699 3639 1812 3728 qui
1858 3639 2038 3703 facile
2079 3654 2364 3728 poterat,
2401 3637 2600 3701 alium

467 3744 757 3827 ejusdem
782 3745 979 3809 aetatis
997 3793 1016 3828 ,
1034 3744 1447 3835 ingeniosum
1474 3745 1739 3834 quidem
1755 3794 1772 3827 ,
1798 3743 1911 3808 sed
1933 3765 2284 3833 pauperem
2307 3757 2564 3830 poetam
2579 3789 2597 3824 ,

469 3851 577 3915 cui
615 3872 847 3939 poema
887 3850 1061 3915 istud
1098 3849 1363 3914 meliore
1392 3849 1538 3929 jure
1573 3848 2012 3930 adscribatur3
2043 3849 2266 3932 miror,
2292 3850 2558 3936 inquam
2578 3897 2596 3929 ,

468 3979 673 4046 quum
698 3956 1021 4022 Iuvenalis
1036 4004 1055 4038 ,
1074 3955 1327 4020 Saevll
1340 4004 1359 4038 ,
1378 3957 1465 4020 80
1480 4001 1498 4037 ‚
1517 3956 1850 4022 Lucanum
1865 4005 1884 4038 ‚
1901 3954 2289 4020 ditissimum
2309 3970 2563 4044 poetam
2579 4001 2598 4032 ,

468 4077 599 4126 tam
630 4077 847 4150 aperte
873 4078 1226 4150 componat
1256 4085 1406 4126 cum
1434 4063 1642 4149 poetis
1671 4063 1806 4141 ejus
1841 4062 2147 4149 temporis
2171 4061 2596 4150 pauperibus,
