2975 4684
446 341 586 424 410
1253 337 1769 408 PRAEFAno

447 470 686 550 minat,
721 483 1060 557 propterea
1103 467 1288 532 istius
1319 468 1771 557 cognationem
1803 493 1939 535 non
1972 486 2199 560 negat3
2242 485 2307 534 et
2344 493 2577 558 quem-

447 573 804 642 admodum
839 573 1176 640 Paullinus
1211 573 1521 663 Alypium
1551 575 1858 658 Licentii,
1890 578 1979 642 ite
2008 577 2407 666 Augustinus
2439 577 2577 642 Ro·

447 681 855 762 manianutm
892 695 1144 768 patrem
1176 681 1478 762 Licentii‚
1513 703 1707 746 suum
1742 685 2004 748 fratrem
2052 683 2359 771 appellnt,
2387 683 2575 772 epist.

447 811 626 854 xxxn
656 786 740 852 ad
763 785 1128 852 Paullinum
1142 836 1159 869 ,
1181 809 1325 876 quoe
1353 803 1450 852 est
1471 811 1653 853 xxvu
1692 811 1876 854 novae
1908 788 2064 854 edit.
2088 789 2329 854 Fratris
2358 805 2577 854 autem

447 915 688 959 nomen
709 916 746 958 a
760 893 1138 960 Christianis
1153 895 1577 982 scriptoribus
1596 918 1765 985 saepe
1786 896 2089 961 latissima
2110 893 2580 984 significatione

447 1001 780 1090 usurpari,
826 999 1058 1065 notum
1113 1017 1231 1064 est.
1284 990 1727 1068 Romanianus
1762 1003 1935 1092 ipse,
1989 1001 2261 1066 Licentii
2306 1023 2537 1089 parens
2561 1050 2578 1083 ,

445 1107 600 1172 civis
643 1107 1129 1196 Thagastensis,
1184 1129 1420 1197 genere
1453 1123 1651 1196 atque
1688 1107 1925 1197 opibus
1960 1108 2233 1197 insignis
2255 1154 2273 1189 ,
2311 1107 2583 1178 familia·

447 1213 738 1278 rissimus
777 1212 1144 1302 Augustino
1176 1213 1256 1276 ab
1289 1213 1561 1278 ineunte
1592 1211 2021 1280 adolescentia
2052 1213 2180 1278 fuit
2208 1211 2302 1300 (ι)
2320 1261 2337 1291 ,
2364 1213 2489 1301 qui
2518 1215 2581 1276 ei

447 1335 512 1384 et
535 1319 736 1384 libros
763 1318 1054 1384 adversus
1091 1319 1511 1384 Academicos
1538 1337 1605 1385 et
1625 1321 1706 1384 de
1732 1343 1889 1384 vera
1916 1319 2211 1407 religione
2240 1317 2581 1383 dedicavit.

449 1426 660 1507 Hujus
703 1425 904 1516 igitur
929 1424 1098 1490 filius
1130 1425 1328 1490 fuerit
1359 1426 1662 1516 Alypius,
1706 1428 1761 1491 si
1793 1428 1991 1492 frater
2015 1425 2290 1491 Licentii
2322 1425 2585 1514 proprie

451 1547 721 1597 vocatur
752 1555 790 1596 a
825 1532 1142 1597 Paullino.
1167 1530 1294 1598 Sed
1325 1549 1677 1622 cognatum
1724 1533 1924 1599 modo
1960 1534 2097 1614 ejus
2136 1549 2322 1598 vocat
2356 1535 2583 1621 Augu-

452 1639 660 1703 stinus
707 1639 774 1702 in
829 1639 1014 1729 epist.
1073 1639 1182 1704 cit.
1217 1640 1490 1728 Alypius
1540 1657 1758 1705 autem
1778 1689 1796 1722 ,
1822 1639 2154 1729 Thagastae
2206 1639 2585 1727 episcopus,

452 1744 817 1834 Augustino
834 1792 852 1826 ,
901 1743 1198 1818 Paullino
1250 1761 1317 1809 et
1353 1744 1757 1834 Hieronymo
1810 1745 2086 1810 amicitia
2141 1758 2206 1810 et
2253 1743 2587 1808 literarum

452 1852 844 1920 commercio
871 1852 1262 1934 conjunctus
1295 1853 1441 1918 fuit.
1477 1854 1807 1918 Licentius
1842 1877 1877 1918 a
1908 1851 2185 1943 pueritia
2222 1849 2587 1940 Augustino

347 1987 350 1990 ⁴
449 1955 710 2023 deditus
741 1974 808 2025 et
839 1957 1334 2024 commendatus
1359 1982 1396 2022 a
1428 1977 1611 2048 patre
1633 2008 1653 2042 ,
1688 1981 1839 2024 culn
1874 1957 2269 2047 Carthagine
2310 1955 2589 2022 rhetori·

449 2087 588 2128 cam
618 2063 962 2130 docentem
989 2064 1266 2142 audivit,
1301 2083 1368 2131 et
1399 2064 1703 2154 deinceps
1734 2049 2011 2132 Roms'm
2048 2081 2115 2128 et
2140 2063 2583 2130 Mediolanum

448 2171 744 2260 profecto
786 2173 1102 2238 continuo
1147 2171 1448 2255 adhaesit,
1492 2172 2105 2261 instituendumque
2138 2193 2207 2236 se
2243 2169 2457 2234 bonis‘
2489 2191 2595 2233 sr-

449 2277 624 2342 tibus
652 2292 718 2341 et
733 2275 1164 2365 philosophiae
1181 2279 1457 2367 praebuit
1481 2277 1598 2366 (2).
1632 2281 1858 2362 Quum
1880 2277 2252 2344 Mediolano
2282 2277 2355 2340 in
2372 2275 2589 2340 villam

452 2381 820 2446 Verecundi
840 2382 1264 2448 Cassiciacum
1291 2383 2062 2472 secessissetAugustinus
2082 2403 2239 2446 cum
2258 2379 2592 2445 nonnullis

449 2488 670 2552 amicis
709 2485 841 2574 (3),
892 2489 1062 2552 inter
1105 2510 1270 2576 quos
1325 2489 1462 2576 ipse
1504 2489 1631 2553 fuit
1679 2489 2008 2554 Licentius
2024 2535 2043 2569 ‚
2077 2487 2281 2552 varias
2324 2505 2475 2551 cum
2511 2484 2591 2548 iis

454 2592 922 2681 disputationes
955 2593 1441 2682 philosophicis
1489 2595 1772 2660 instituit
1790 2643 1808 2676 ,
1862 2618 2021 2684 quas
2071 2593 2375 2681 deinceps
2406 2591 2479 2656 in
2512 2590 2593 2656 li·

455 2699 610 2786 bros
646 2697 890 2764 ibidem
923 2702 1198 2787 scriptos
1233 2715 1454 2764 contra
1485 2701 1925 2782 Academicos,
1960 2701 2040 2765 de
2061 2699 2272 2764 Beata
2296 2699 2483 2778 Vita,
2516 2697 2595 2761 de

463 2805 724 2886 Ordine,
751 2803 1022 2896 redegit.
1040 2807 1116 2870 In
1143 2805 1244 2870 his
1279 2807 1476 2871 libros
1508 2807 1591 2872 de
1617 2808 2019 2872 Academicis
2040 2807 2445 2898 Augustinus
2476 2805 2595 2868 Ro-

458 2909 760 2974 maniano
775 2908 1094 2974 dedicavit
1111 2959 1129 2992 ‚
1161 2910 1342 2999 quod
1361 2911 1428 2974 in
1444 2934 1517 2976 ea
1547 2910 1987 3002 disputatione
2007 2912 2362 3000 praecipuas
2380 2925 2591 2998 partes

457 3017 820 3098 Licentius‚
853 3019 990 3099 ejus
1011 3016 1218 3100 filius,
1253 3019 1518 3108 egisset,
1560 3037 1625 3085 et
1658 3019 2201 3084 Academicorum
2231 3017 2591 3083 doctrinam

457 3121 869 3188 defendisset.
904 3122 1101 3188 Hunc
1135 3145 1460 3188 secessum
1483 3125 1549 3188 in
1588 3125 1945 3190 cassiciaco
1964 3125 2187 3188 innuit
2219 3121 2551 3188 Licentius
2572 3170 2591 3202 ,

458 3225 572 3292 ubi
612 3227 1008 3290 felicissimos
1063 3227 1200 3292 dies
1233 3251 1383 3294 cum
1432 3245 1656 3294 sancto
1704 3229 1973 3294 doctore
2020 3230 2088 3292 in
2143 3229 2339 3293 Italiae
2377 3227 2595 3295 medio

527 3478 608 3546 (1)
633 3471 758 3528 vid.
784 3476 947 3547 Epist.
975 3477 1079 3530 Cit.
1106 3481 1325 3551 August.
1356 3477 1420 3531 ad
1451 3479 1676 3532 Paullin.

527 3567 604 3634 (a)
627 3562 876 3618 Graviter
911 3562 978 3618 de
1011 3583 1070 3618 ea
1107 3565 1440 3620 institutione
1469 3567 1749 3638 Augustini
1777 3565 1843 3618 ad
1872 3564 2043 3638 ipsum
2082 3564 2379 3618 Licentium
2411 3561 2597 3616 scribit

459 3650 757 3706 Paullinus:
780 3679 804 3697 α
824 3652 986 3716 Audi,
1011 3654 1122 3712 fili.
1145 3655 1316 3726 legem
1343 3657 1511 3727 patris
1536 3655 1611 3708 tui
1628 3695 1641 3720 ,
1666 3653 1720 3707 id
1747 3667 1825 3718 est
1840 3693 1857 3717 ,
1888 3654 2049 3708 fidem
2072 3653 2387 3726 Augustini;
2412 3665 2463 3704 et
2486 3649 2597 3704 noli

457 3735 708 3808 repellere
736 3736 950 3789 consilia
987 3739 1170 3791 matris
1197 3749 1299 3792 tuae
1318 3776 1334 3802 ,
1361 3736 1507 3810 quod
1536 3757 1683 3808 aeque
1722 3756 1915 3791 nomen
1952 3737 2006 3790 in
2046 3749 2095 3790 te
2124 3735 2405 3807 Augustini
2434 3733 2599 3806 pietas

459 3821 716 3876 vindicat:
740 3825 831 3895 qui
868 3834 915 3876 te
954 3824 1212 3878 tantillum
1254 3826 1474 3897 gestavit
1510 3825 1629 3878 sinu
1656 3845 1786 3888 suc,
1818 3837 1867 3877 et
1906 3845 1937 3878 a
1978 3824 2210 3896 parvulis
2248 3823 2421 3895 primo
2462 3822 2597 3874 lacte

461 3911 726 3980 sapientiae
754 3913 1018 3964 saecularis
1045 3913 1324 3978 imbutum,
1353 3931 1495 3965 nunc
1524 3913 1677 3966 etiam
1707 3913 2029 3984 spiritalibus
2062 3914 2253 3967 lactare
2284 3923 2334 3965 et
2363 3909 2598 3964 enutrire

461 3999 692 4051 Domino
719 4000 870 4070 gestit
892 4001 1142 4053 uberibus
1161 4027 1200 4050 n.

535 4088 608 4151 (3)
631 4088 906 4156 Augustin-
933 4090 1168 4142 confess.
1201 4089 1290 4140 lib.
1310 4090 1384 4140 lx
1407 4129 1420 4153 ,
1449 4109 1565 4160 cap.
1586 4089 1633 4140 3.
