2975 4684
508 323 646 405 384
1001 321 1424 436 PRJEFAT.
1480 323 1614 390 AD
1674 323 2131 394 EPITHAL.

501 453 626 516 iter
677 449 957 514 deflectit
999 451 1312 532 Romam,
1353 447 1563 513 foedus
1619 449 2112 518 administrante
2169 455 2535 520 Concordia
2570 473 2637 522 et

503 573 723 620 sancta
775 554 934 619 Fide
986 554 1214 636 nectit,
1269 570 1535 618 caeteros
1586 555 1853 620 comites
1902 559 2355 646 Amorumque
2400 584 2635 650 agmen

503 685 768 752 pergere
793 663 1068 726 Romam
1087 661 1276 742 jubet
1295 708 1316 744 ,
1343 677 1419 724 ut
1451 661 1705 725 solenni
1736 660 1951 726 officio
1976 662 2223 728 facturn
2252 663 2463 730 foedus
2486 689 2635 730 con-

503 768 780 833 firment.
815 768 955 831 Hac
981 767 1048 830 in
1089 767 1456 830 narratione
1490 764 1711 830 deficit
1750 789 2047 851 carmen,
2074 785 2140 832 et
2171 769 2481 834 videntur
2510 793 2633 835 αι·-

501 891 670 956 tera,
721 896 864 963 quae
904 873 1340 938 celebritatem
1371 889 1436 937 et
1473 895 1783 962 pompam
1818 876 2192 963 nuptiarum
2226 875 2635 957 referebant,

502 981 764 1068 periisse
784 1003 803 1061 3
833 994 1232 1066 testaturque
1255 977 1555 1042 Barthius
1576 1027 1595 1060 ,
1628 979 1859 1068 pagina
1881 1001 2015 1044 una
2035 980 2361 1046 interioris
2378 981 2636 1047 schedae

499 1088 620 1154 alia
653 1087 956 1175 deinceps
989 1086 1304 1151 exstitisse
1326 1133 1343 1167 ,
1382 1086 1652 1150 minime
1678 1084 1761 1150 ad
1781 1085 1963 1150 hunc
1985 1088 2355 1175 Apollinem
2388 1089 2635 1154 facien-

501 1195 586 1258 tia
603 1243 621 1276 ,
653 1193 870 1280 potius
903 1191 985 1256 ad
1013 1190 1297 1255 Marcelli
1331 1191 1515 1256 illum
1533 1240 1552 1273 ,
1576 1192 1968 1278 experientia
1994 1193 2126 1257 sola
2147 1241 2165 1274 ,
2202 1216 2461 1282 usuque
2494 1219 2635 1260 uno

501 1300 806 1389 magistro
839 1296 1308 1362 medicamenta
1334 1298 1781 1362 membrorum
1808 1295 2139 1364 docendis.
2161 1299 2326 1382 Quae
2354 1300 2439 1365 de
2452 1301 2633 1366 Mar·

504 1407 648 1471 celli
679 1420 840 1468 noto
885 1403 1170 1468 oermine
1217 1402 1301 1468 de
1333 1401 1692 1484 Medicina,
1728 1402 1910 1490 quod
1937 1403 2085 1470 alias
2104 1404 2491 1470 Vindiciano
2516 1405 2635 1470 ad-

502 1510 838 1591 scribitur,
876 1507 1186 1596 intelligo.

585 1613 1092 1705 Epithalamium
1143 1613 1509 1694 Laurentii,
1572 1614 1753 1702 quod
1806 1615 2103 1702 sequitur
2116 1664 2135 1698 ,
2190 1617 2349 1680 olim
2400 1641 2437 1680 a
2486 1617 2635 1684 Nic.

501 1725 769 1788 Heinsio
813 1745 892 1786 ex
925 1735 1184 1784 vetusto
1230 1718 1571 1784 Claudiani
1622 1719 1845 1784 codice
1904 1719 2315 1786 bibliothecae
2348 1723 2637 1787 Ambro-

500 1830 690 1894 sianae
744 1827 1144 1916 descriptum
1183 1843 1316 1908 est,
1371 1825 1440 1889 in
1482 1849 1617 1913 quo
1664 1825 2001 1916 legebatur
2050 1843 2201 1915 post
2239 1850 2501 1892 carmen
2554 1828 2637 1892 ad

501 1935 862 2000 Probinum
925 1934 1098 1998 inter
1157 1932 1641 2022 Epigrammata
1704 1931 2061 1998 Claudiani.
2125 1933 2346 1999 Edidit
2411 1951 2635 2000 autem

500 2043 574 2107 P.
601 2044 1047 2122 BurmannuS,
1087 2055 1154 2105 et
1201 2039 1270 2102 in
1294 2039 1565 2103 Anthol.
1594 2039 1731 2104 Lat.
1761 2053 1807 2102 t.
1847 2039 1953 2120 ΙΙ,
1982 2061 2045 2126 p.
2082 2037 2211 2106 633
2259 2041 2634 2128 proposuit,

499 2149 648 2212 licet
669 2148 860 2211 variis
884 2146 1168 2210 hiatibus
1207 2144 1550 2227 mutilum,
1588 2166 1711 2208 nec
1758 2143 1927 2208 felici
1958 2142 2317 2209 admodum
2335 2147 2637 2234 Apolline

499 2253 836 2318 conditum
867 2252 1038 2316 idem
1051 2249 1320 2330 judicet.
1338 2249 1679 2337 Inscripsit
1699 2251 2113 2314 Burmannus
2126 2251 2636 2339 Epithalamium

499 2359 862 2439 Laurentii,
885 2357 1082 2421 tacito
1109 2379 1362 2444 sponsae
1385 2356 1686 2438 nomine,
1719 2355 1898 2443 quod
1917 2373 2133 2420 tamen
2152 2357 2392 2422 Μανίας
2414 2358 2638 2441 fuisse,

500 2487 537 2527 e
561 2486 754 2528 versu
789 2461 826 2527 5
859 2477 924 2526 et
955 2484 1034 2524 ιο
1061 2461 1320 2525 videtur
1350 2461 1642 2549 intelligi.
1669 2461 1879 2550 Igitur
1903 2461 2041 2550 ipse
2068 2463 2341 2550 apposui
2360 2462 2479 2550 (1).
2520 2465 2635 2528 In-

411 2623 418 2636 .
499 2571 752 2636 ferioris
775 2570 995 2658 paullo
1020 2569 1218 2634 aetatis
1246 2585 1312 2633 et
1342 2568 1652 2633 incultius
1679 2590 1941 2632 carmen
1974 2585 2099 2651 est,
2116 2593 2311 2657 quam
2336 2573 2641 2660 superius

435 2729 444 2738 .
499 2675 1002 2765 epithalamium.
1036 2677 1230 2739 Caret
1255 2674 1446 2737 etiam
1479 2673 1697 2737 fabula
1728 2691 1794 2738 et
1830 2669 2093 2739 fictione
2116 2678 2403 2764 poetica,
2436 2701 2637 2766 quam

499 2785 566 2846 in
599 2783 842 2847 caeteris
865 2781 1170 2845 omnibus
1202 2780 1619 2845 observamus
1638 2826 1657 2861 ,
1686 2781 1811 2844 nisi
1844 2779 2011 2844 forte
2038 2779 2236 2868 hujus
2266 2784 2359 2847 rei
2388 2783 2639 2872 aliquid

501 2891 751 2956 dictum
783 2907 880 2954 est
906 2890 976 2952 in
1005 2889 1323 2978 principio
1352 2888 1657 2952 carminis
1673 2936 1692 2971 ,
1716 2887 1897 2975 quod
1920 2887 2141 2952 deesse
2167 2889 2449 2974 videtur,
2472 2895 2640 2980 prio-

497 2999 680 3064 ribus
734 2997 1025 3062 versibus
1074 2997 1386 3085 abruptis.
1435 2997 1759 3060 Caeterum
1801 3017 1883 3060 ex
1931 3017 2013 3060 eo
2048 3016 2285 3086 genere
2320 2999 2637 3085 epithala-

501 3105 785 3170 miorum
811 3119 910 3168 est
935 3151 954 3184 ,
998 3101 1178 3190 quod
1204 3103 1549 3166 maximam
1582 3116 1831 3189 partem
1864 3100 2315 3167 exhortatione
2354 3125 2638 3192 sponso-

568 3291 649 3358 (1)
670 3287 941 3340 Laurentii
961 3287 1016 3339 in
1036 3287 1346 3360 antiquitate
1367 3285 1525 3339 multi
1544 3285 1896 3358 reperiuntur.
1919 3284 2077 3356 Apud
2094 3285 2426 3354 Athenaeum,
2450 3287 2548 3341 lib.
2572 3289 2601 3342 1
2618 3327 2636 3354 ‚

495 3392 610 3446 cap.
643 3393 664 3426 1
681 3411 699 3438 ,
737 3374 1053 3426 Laurentius
1072 3411 1088 3437 ,
1118 3374 1249 3428 civis
1283 3375 1548 3426 Romanus
1564 3410 1578 3435 ,
1600 3371 1796 3425 divitiis
1833 3370 2139 3443 splendidus
2178 3383 2255 3426 est
2276 3411 2292 3437 ,
2320 3375 2413 3446 qui
2450 3373 2639 3429 doctos

497 3461 674 3516 omnis
711 3460 914 3532 generis
953 3460 1094 3514 viros
1146 3459 1216 3514 ad
1255 3477 1454 3514 emnam
1494 3472 1647 3512 vocat
1669 3496 1686 3523 ,
1724 3471 1779 3511 et
1819 3458 2053 3512 eruditos
2100 3475 2366 3514 sermones
2410 3460 2641 3518 miscere

493 3551 659 3624 jubet.
685 3548 1000 3602 laurentius
1019 3584 1035 3610 ,
1073 3549 1266 3601 Comes
1301 3565 1482 3600 rerum
1516 3547 1845 3618 privatarum
1882 3547 1983 3600 sub
2010 3546 2239 3600 Arcadio
2256 3588 2273 3615 ,
2308 3551 2547 3604 occurrit
2578 3553 2635 3606 in

498 3633 828 3690 00d.Theod.
853 3635 946 3688 lib.
963 3635 1012 3688 X
1030 3673 1046 3700 ,
1073 3634 1158 3686 tit.
1187 3651 1248 3686 10
1265 3673 1282 3700 ,
1315 3634 1418 3705 leg.
1443 3651 1529 3699 21,
1548 3632 1618 3686 de
1638 3632 1995 3704 petitionibus.
2012 3631 2099 3686 Ad
2118 3633 2467 3689 Laurentium
2484 3639 2639 3694 urhis

497 3727 672 3778 Romu
705 3722 1072 3776 Primicerinm
1100 3720 1422 3792 Augustinus
1455 3719 1660 3791 scripsit
1698 3719 2065 3774 Euchiridion.
2087 3723 2403 3777 Laurentius
2428 3739 2637 3801 martyr

491 3825 650 3864 notus
668 3822 747 3864 est
773 3829 804 3864 e
835 3809 1140 3864 Prudentia.
1168 3809 1484 3862 Laurentius
1512 3807 1853 3862 Novariensis
1890 3810 2167 3884 episeopus
2200 3811 2391 3866 seculo
2410 3814 2463 3866 V
2488 3815 2635 3888 apud

493 3899 822 3970 Sigebertum
851 3897 1285 3954 Gemblacensem
1311 3910 1363 3951 et
1391 3899 1733 3972 Anonymum
1756 3895 2133 3952 Mellicensem.
2170 3900 2488 3956 Laurentius
2518 3904 2634 3958 Me·

499 3985 816 4040 diolanensis
839 3988 1120 4060 episcopus
1145 3987 1334 4042 citatur
1356 4005 1390 4039 a
1411 3986 1619 4040 Joanne
1638 3985 2038 4054 sarisberiensi,
2059 3987 2402 4059 Polym-ttici,
2424 3990 2599 4044 litavi
2609 4029 2627 4056 ,

496 4089 617 4141 cap.
649 4091 698 4136 ι,
733 4093 790 4145 p.
815 4075 937 4128 282.
958 4077 1060 4128 En.
