2975 4684
1235 357 1547 426 AETNA2

2324 354 2456 430 153

415 478 507 544 Et
537 473 754 544 solido
782 474 1038 560 vicina,
1071 491 1294 546 tamen
1329 480 1813 573 compescimus
1843 481 2015 575 igne.

417 585 574 654 Non
615 585 877 655 animos
919 587 1066 655 aeris
1108 587 1394 657 flammis
1429 589 1866 658 succumbere
1899 588 2164 660 cernis?

418 696 780 764 Lentitiem
816 695 1170 791 plumbum
1208 724 1346 768 non
1382 699 1643 769 exsuit?
1682 701 1958 794 ipsaque
1998 699 2157 768 ferri

416 807 734 876 Materies
769 806 1110 901 praedura,
1147 823 1368 878 tamen
1407 809 1819 878 subvertitur
1854 807 2053 903 igne?

413 917 776 1010 Spissaque
807 919 1143 1012 suspensis
1173 918 1558 988 fornacibus
1592 944 1793 988 aurea
1829 929 1985 988 sa‘xa
2375 947 2452 986 πο

413 1026 760 1096 Exsudant
796 1029 1142 1123 pretium?
1190 1030 1518 1119 Quaedam
1560 1030 1837 1100 fortasse
1874 1030 2208 1125 profundo

411 1138 840 1232 Incomperta
868 1140 1130 1232 jacent,
1171 1139 1505 1234 similique
1546 1141 1835 1211 obnoxia
1873 1144 2058 1213 sorti.

407 1247 549 1316 Nec
585 1245 768 1316 locus
810 1251 1082 1344 ingenio
1115 1265 1256 1336 est3
1297 1250 1509 1337 oculi,
1546 1268 1613 1320 te
1642 1253 1903 1346 judice,
1942 1253 2245 1369 vincent*-

407 1357 582 1424 Nam
622 1356 794 1451 lapis
840 1357 948 1428 ille
991 1360 1162 1454 riget
1209 1359 1583 1454 perculsuS,
1614 1378 1681 1431 et
1724 1364 1994 1458 ignibus
2040 1365 2296 1449 obstat,

298 1566 530 1628 uitulum,
561 1565 708 1637 quod
729 1567 782 1618 in
805 1569 1106 1641 antiquiore
1127 1572 1330 1626 Veneta

297 1643 625 1699 inveniebat.
652 1709 658 1716 ·

379 1723 504 1777 536.
525 1729 590 1775 Ec
607 1728 768 1778 solido
787 1731 962 1780 ve'er'na
976 1769 992 1791 ,
1015 1730 1071 1783 b.
1091 1750 1141 1783 e.
1167 1741 1226 1782 ut
1243 1750 1332 1783 ex·

295 1803 464 1874 plicat
499 1803 746 1860 Gor-allus
769 1848 784 1873 ,
815 1827 934 1880 quse
965 1810 1132 1863 ferme
1169 1809 1329 1864 nullis

297 1893 396 1936 aut
421 1884 618 1956 exiguis
658 1887 919 1942 meatibus
945 1889 1160 1960 perfusa
1183 1902 1326 1943 sunt.

293 1963 436 2014 Nam
461 1963 646 2027 multi,
671 1977 730 2016 ut
751 1965 888 2019 idem
913 1969 1186 2036 observat,
1212 1971 1325 2023 nul-

295 2040 352 2093 la
387 2061 612 2112 corpora
637 2085 654 2107 ‚
677 2047 904 2117 exceptis
931 2049 1118 2100 atomis
1137 2089 1152 2115 ‚
1175 2069 1328 2119 pror·

293 2137 387 2171 sus
409 2121 581 2174 solida
603 2161 619 2183 ,
648 2122 752 2177 hoc
788 2139 866 2178 est
891 2165 906 2188 ‚
943 2127 1057 2180 sine
1077 2129 1327 2182 omnibus

289 2200 442 2270 poris
455 2239 472 2263 ,
499 2221 612 2255 esne
631 2205 914 2273 putabant3
938 2218 1228 2280 testemque
1249 2209 1325 2262 ci-

292 2289 372 2330 tat
386 2280 698 2334 Lucretium
716 2321 732 2346 ,
752 2285 846 2338 lib.
862 2286 890 2336 1
909 2324 924 2350 ,
941 2289 1044 2356 469
1064 2307 1076 2338 :
1104 2313 1126 2334 ι
1141 2288 1324 2359 Usque

290 2357 434 2411 adeo
470 2359 530 2412 in
565 2361 722 2414 rebus
757 2363 915 2416 solidi
949 2365 1080 2418 nihil
1105 2385 1216 2420 esse
1247 2368 1320 2419 vi-

289 2435 451 2490 detur
480 2465 526 2490 n.

363 2518 489 2586 537.
519 2524 636 2571 Non
681 2524 873 2575 animos
914 2529 1025 2576 εει-ἐι
1043 2547 1061 2574 .·
1113 2527 1318 2582 animos

283 2609 446 2649 vocat
466 2599 662 2666 robur,
680 2599 990 2656 densitatem
1005 2644 1020 2670 ,
1046 2605 1316 2672 duritiem,

284 2687 346 2726 ut
369 2695 528 2745 supra
551 2697 601 2730 v.
627 2685 728 2742 40²
753 2685 943 2734 animos
965 2683 1126 2755 lapidi
1147 2702 1313 2738 extor-

285 2775 440 2822 quere
461 2754 606 2810 dbdt.

357 2834 480 2889 538.
507 2840 760 2890 Iaenez'eiem
778 2845 964 2909 plumb.
983 2863 1083 2894 non
1104 2849 1270 2896 est-suit
1284 2857 1312 2896 ι’

281 2912 426 2968 Vide
459 2934 528 2968 ne
547 2954 562 2979 ,
603 2927 664 2969 ut
694 2919 848 2971 etiam
875 2921 1154 2991 plumbum
1195 2926 1314 2995 igne

277 2990 546 3046 domitum
585 2996 837 3050 lentitiem
879 3001 1073 3053 exuat?
1112 3003 1312 3057 Omnes

279 3085 488 3126 veteres
523 3075 704 3145 legunt
739 3083 954 3145 plumbi,
1004 3101 1306 3152 perperam.

277 3155 536 3206 Lentieiem
552 3172 648 3225 per
664 3156 946 3212 mollitiem
971 3161 1192 3231 explicat
1206 3163 1311 3216 Go-

275 3229 476 3294 nnus,
498 3232 645 3304 quod
674 3235 833 3288 etiam
858 3239 1137 3293 Ascensius
1159 3243 1301 3296 facit.

275 3309 340 3362 In
357 3311 464 3364 hoc
489 3329 726 3366 errorem
748 3315 948 3370 Goralli
970 3319 1196 3390 graviter
1213 3341 1306 3374 no·

273 3399 352 3442 tat
378 3390 700 3451 Menkcnius
729 3395 765 3448 l.
791 3413 836 3448 c.
866 3417 916 3467 p.
948 3404 1076 3468 347,
1103 3411 1155 3452 et
1175 3415 1306 3472 quo-'-

271 3467 424 3520 niam
439 3471 759 3525 vocabulum
774 3479 979 3528 lenu'cies
999 3477 1054 3530 in
1069 3497 1177 3532 uno
1195 3480 1303 3536 hoc

270 3548 462 3601 Lucilii
497 3548 648 3617 loco,
692 3571 792 3607 nec
825 3555 880 3608 in
922 3557 1028 3611 alio
1063 3571 1299 3613 veterum

271 3627 588 3698 scriptorum
625 3631 736 3684 ullo
759 3671 775 3696 ‚
805 3637 1066 3700 occurrit,
1097 3657 1158 3690 ex
1185 3657 1302 3710 per·

267 3721 431 3776 petuo
460 3725 560 3761 usu
579 3709 720 3764 vocis
743 3716 901 3792 legens
924 3713 1254 3770 demonstrat
1279 3757 1293 3782 ,

263 3803 362 3856 per
407 3788 662 3842 lentitiem
720 3793 911 3846 Lucilii
963 3797 1295 3850 tenacitatem

265 3862 492 3920 difficile
537 3869 851 3924 movendam
872 3913 886 3936 ,
948 3886 1002 3927 et
1057 3877 1294 3930 mollitiei

263 3945 492 3998 maxime
542 3950 864 4004 contrariam
904 3953 1207 4024 significari.
1251 3958 1296 4008 E

263 4023 443 4077 multis
465 4025 599 4080 locis
615 4047 646 4080 a
667 4027 951 4084 Menkenio
971 4031 1212 4088 adductis
1237 4049 1294 4088 ut

263 4119 428 4160 unum
446 4105 765 4176 primarium
781 4108 1034 4180 eligamus
1051 4151 1068 4177 ,
1090 4114 1290 4168 lentum

1423 1572 1657 1645 appellat
1678 1574 1901 1628 Ovidius
1918 1613 1935 1640 ‚
1969 1575 2059 1647 qui
2088 1575 2247 1628 nullis
2270 1574 2443 1628 modis

1421 1653 1619 1705 moveri
1660 1673 1716 1707 se
1757 1655 1982 1726 patitur,
2004 1655 2183 1707 Amor.
2215 1655 2297 1706 111
2317 1694 2332 1719 ,
2362 1673 2441 1718 vl,

1420 1734 1488 1784 60
1506 1749 1520 1784 :
1549 1757 1571 1778 ι
1594 1731 1693 1784 Ille
1709 1730 1871 1786 babet
1892 1747 1943 1788 et
1964 1734 2135 1788 silices
2150 1773 2166 1797 ,
2194 1746 2245 1788 et
2259 1735 2439 1786 vivum

1417 1812 1472 1863 in
1500 1823 1714 1883 pectore
1744 1811 1945 1866 ferrum
1964 1851 1981 1878 ‚
2010 1815 2120 1880 Qui
2156 1827 2335 1867 tenero
2367 1813 2443 1865 la-

1415 1909 1627 1962 crymas
1661 1896 1815 1944 lennes
1840 1892 1893 1944 in
1912 1912 2003 1946 ore
2022 1892 2166 1946 videt
2184 1921 2228 1945 „.
2252 1893 2354 1946 Cui
2376 1892 2443 1944 si-

1417 1970 1567 2023 miles
1592 1972 1735 2023 locos
1755 1971 1963 2044 collegit
1980 1971 2160 2025 Heius.
2184 1970 2252 2024 ad
2278 1971 2439 2026 Ovid.

1415 2047 1539 2102 Her.
1568 2049 1694 2114 XV,
1723 2053 1839 2120 169.

1489 2129 1610 2194 540.
1636 2136 1805 2182 Aurea
1830 2151 1993 2193 saxa,
2020 2151 2137 2204 quae
2163 2151 2327 2184 venas
2346 2151 2439 2186 au-

1415 2208 1462 2260 ri
1489 2209 1687 2262 habent
1708 2231 1724 2275 ς
1770 2223 1823 2264 et
1844 2231 2046 2263 auream
2085 2231 2269 2264 venam
2308 2211 2440 2266 dixit

1412 2306 1460 2339 v.
1494 2291 1937 2359 268.-—-Suspensis
1957 2294 2287 2361 fornacibus,
2322 2291 2355 2345 i.
2390 2311 2435 2343 e.

1411 2372 1797 2424 concameratin
1832 2383 1883 2424 et
1911 2371 2199 2432 conclusis,
2229 2372 2313 2424 vel
2346 2389 2433 2424 ca-

1409 2449 1543 2501 vatis
1561 2487 1578 2512 ,
1602 2462 1661 2520 u,t
1690 2469 1734 2504 v.
1754 2454 1843 2518 96.
1868 2452 2025 2504 Conf.
2054 2473 2108 2504 v.
2133 2455 2253 2515 546.

1480 2529 1600 2590 5151.
1635 2535 1909 2582 Exsudant
1937 2537 2171 2600 precium,
2200 2532 2236 2584 i.
2266 2551 2311 2582 e.
2336 2550 2431 2583 au-

1407 2625 1527 2660 rum
1546 2649 1561 2674 ,
1583 2622 1640 2661 ut
1659 2609 1845 2663 Horat.
1866 2611 2043 2664 Carm.
2071 2613 2155 2664 111
2180 2653 2195 2678 ‚
2233 2615 2296 2664 16
2320 2650 2335 2676 ,
2361 2614 2427 2665 8:

1409 2691 1645 2740 Converso
1664 2693 1715 2741 in
1728 2694 1941 2758 precium
1960 2698 2083 2744 Deo.
2102 2689 2261 2757 Quod
2284 2711 2435 2742 exsu-

1403 2771 1533 2818 dant
1570 2768 1733 2833 dicit,
1772 2769 1824 2822 id
1874 2772 2102 2843 explicat
2138 2771 2337 2823 Plinius
2374 2770 2429 2820 in
2512 2805 2517 2810 -

1400 2845 1537 2900 libro
1578 2849 1839 2914 XXXIII,
1889 2858 2111 2920 cap.,4:
2170 2877 2193 2897 ιι
2223 2851 2435 2902 Vocant

1402 2940 1679 2997 argentum
1692 2969 1706 2992 ,
1727 2928 1874 3000 quod
1899 2930 2008 2982 exit
2027 2949 2056 2982 e
2078 2932 2291 2982 fornace
2305 2967 2321 2992 ,
2342 2947 2429 2982 su·

1401 3005 1675 3079 dotisque,
1705 3009 1799 3079 qui
1839 3029 1901 3060 ex
1933 3009 2142 3062 camino
2164 3013 2423 3083 jactatur,

1398 3086 1681 3155 spurcitia,
1724 3089 1777 3140 in
1821 3088 1969 3140 omni
2007 3088 2222 3142 metallo
2258 3087 2423 3141 scoria

1395 3167 1691 3238 appellatur
1723 3194 1765 3219 ι.
1800 3167 1951 3221 Grat.
1984 3161 2179 3242 Cyneg.
2206 3189 2257 3223 v.
2288 3170 2419 3232 423:

1396 3265 1539 3299 omne
1568 3253 1816 3300 exsudent
1839 3251 2027 3304 vicium.

1467 3325 1591 3391 542.
1619 3334 1929 3398 Incompena
1942 3333 2142 3399 jacent,
2178 3330 2419 3384 nondum

1392 3408 1613 3476 quaesita
1634 3421 1688 3462 et
1712 3409 2021 3482 investigata
2046 3411 2101 3463 in
2128 3411 2417 3465 visceribus

1391 3495 1558 3538 terroe.
1584 3486 1707 3540 vid.
1736 3507 1787 3540 v.
1829 3496 1955 3553 140:
1986 3503 2045 3544 ut
2088 3511 2259 3542 armam
2298 3495 2416 3544 ine·

1383 3578 1571 3632 per-mm
1596 3565 1739 3637 apud
1766 3567 1949 3622 Horat.
1984 3569 2158 3622 Carni.
2188 3570 2275 3623 111
2295 3611 2312 3638 ,
2342 3573 2373 3624 3
2394 3608 2411 3633 ,

1390 3647 1476 3712 49.
1504 3674 1577 3688 -·-
1600 3647 1848 3714 Similique
1878 3652 2097 3720 obnonja
2120 3651 2263 3709 sorti,
2292 3667 2411 3720 quae

1386 3723 1629 3776 similiter
1648 3723 1770 3796 igne
1792 3725 1999 3780 domari
2024 3739 2261 3798 possunt.

1458 3802 1581 3865 543.
1596 3808 1703 3855 Nec
1720 3809 1854 3858 locus
1874 3810 2076 3874 ingenio
2101 3822 2201 3868 est,
2235 3810 2411 3878 conje-

1383 3892 1532 3934 ctura
1553 3895 1604 3934 et
1624 3885 2015 3954 comparatione
2033 3905 2142 3938 non
2166 3905 2299 3958 opus
2318 3901 2408 3939 est.

1457 3959 1580 4026 544.
1613 3968 1745 4014 Nam
1774 3969 1901 4032 Iapis
1936 3969 2020 4021 ille
2040 3985 2059 4015 .·
2094 3966 2169 4019 sic
2210 3965 2409 4019 habent

1383 4039 1605 4094 Helmst.
1632 4048 1765 4095 Ven.
1789 4042 1963 4114 Lugd.
1997 4050 2101 4096 Nec
2122 4049 2246 4114 Iapis
2273 4045 2409 4117 Hag.

1381 4119 1541 4172 Basil.
1571 4121 1707 4176 Scal.
1742 4141 2037 4195 perperam.
2064 4157 2133 4167 —
2155 4127 2415 4195 Rigecper·
