2975 4684
745 381 1199 450 EPITOME
1255 382 1398 450 ILI
1415 381 1683 451 ADOS
1740 382 2173 452 HOMERI.

2386 378 2529 479 539

485 500 780 595 Vimque
818 502 1012 571 times
1044 527 1062 569 ε
1095 502 1212 572 ubi
1245 527 1430 573 nunc
1464 503 1671 593 vires,
1713 504 1832 573 ubi
1864 504 2133 598 cognita
2164 502 2359 573 nobis
2450 523 2527 563 ιδ·

483 609 834 683 Ludorum
871 613 1216 708 quondam
1259 614 1446 683 vario
1487 614 1851 684 certamine
1882 614 1983 684 vis
2018 615 2157 685 est?

485 724 616 793 Hic
656 724 916 795 animos
957 724 1234 795 ostende
1277 741 1464 813 tuoS‚
1508 727 1604 796 nil
1643 726 1916 821 adjuvat
1950 749 2140 795 arma

483 834 816 905 Nobilitas
853 835 1118 923 formae,
1158 836 1330 907 duro
1367 842 1553 907 Mars
1588 836 1803 907 milite
1836 836 2105 932 gaudet.
2261 916 2267 921 ,

483 947 668 1016 Dum
701 948 924 1041 jaceas
967 950 1038 1018 in
1077 974 1305 1019 amore
1344 964 1498 1035 tuo,
1536 974 1661 1019 nos
1696 946 1869 1019 bella
1912 970 2220 1043 geremus

485 1056 794 1145 Scilicet,
838 1074 902 1129 et
941 1076 1244 1132 nostrum
1283 1059 1649 1131 fundemus
1683 1062 1753 1129 in
1790 1059 1983 1129 hoste
2018 1080 2349 1129 cruorem.
2451 1074 2529 1115 2⁶⁵

486 1170 770 1263 AEquius
804 1171 1100 1241 adversis
1133 1186 1351 1242 tecum
1389 1186 1748 1243 concurrat
1784 1172 1853 1240 in
1892 1170 2097 1239 armis

480 1282 777 1376 Impiger
813 1282 1080 1352 Atrides
1115 1309 1130 1352 ε
1167 1297 1420 1377 spectet
1451 1284 1899 1376 Danaumque
1925 1278 2401 1373 Phrygumque

486 1391 829 1486 Depositis
871 1393 1018 1463 telis
1056 1393 1382 1489 populus,
1425 1420 1543 1463 vos
1581 1393 1829 1463 foedere
1866 1394 2105 1488 juncto

485 1501 816 1573 Adversas
857 1505 1154 1574 conferte
1191 1530 1462 1591 manus,
1500 1504 1841 1575 decernite
1880 1504 2058 1573 ferro

492 1615 812 1683 Vestrum
843 1640 1028 1685 nunc
1063 1614 1386 1685 Helenam
1425 1631 1641 1685 sumat
1672 1616 1823 1710 quis
1864 1614 2113 1685 rectius
2145 1612 2427 1705 ipsam».
2458 1646 2534 1685 ατο

585 1728 808 1811 Dixit,
848 1752 997 1821 quae
1032 1743 1268 1797 contra
1307 1728 1536 1824 paucis
1569 1727 1937 1797 Priameius
1976 1727 2204 1810 herm,

487 1834 732 1925 «Quid
769 1837 969 1906 nimis
1005 1837 1328 1933 indignis,
1369 1839 1623 1933 inquit,
1662 1862 1769 1906 me
1812 1836 2089 1907 vocibus
2130 1856 2364 1929 urges»,

381 2012 604 2081 pugnari
623 2009 878 2065 dicuntur
896 2050 912 2076 ,
946 2012 1040 2085 qui
1066 2012 1220 2066 inviti
1257 2025 1311 2067 et
1336 2032 1418 2067 re-

389 2101 686 2164 pugnantes
703 2092 988 2144 vincuntur
1010 2094 1277 2165 precibus;
1293 2112 1420 2165 quo-

293 2200 300 2209 ·
388 2170 556 2224 modo
579 2173 856 2243 usurpavit
879 2172 1160 2227 Suetonius
1176 2212 1194 2237 ‚
1211 2174 1342 2227 Caes.
1364 2192 1416 2238 ι,

389 2248 572 2303 Tiber.
594 2268 680 2303 απ.
701 2251 858 2324 Apud
887 2252 1049 2306 ovid.
1080 2254 1204 2307 Her.
1231 2253 1416 2321 XVII,

392 2328 426 2383 3
443 2368 463 2393 ,
489 2326 711 2383 'Helena
749 2330 818 2383 ad
861 2331 1112 2387 Paridem
1140 2349 1155 2385 :
1195 2356 1222 2378 e·
1243 2332 1418 2387 Ausus

390 2427 448 2463 es
467 2448 484 2473 ,
520 2408 737 2481 hospitii
753 2414 1022 2465 temeratis
1040 2452 1058 2477 ‚
1090 2412 1292 2467 advena
1304 2454 1320 2480 ,
1338 2433 1420 2467 ea-

391 2488 530 2555 crh,
565 2489 882 2561 Legitimam
919 2504 1100 2564 nupta
1135 2492 1419 2547 sollicitare

387 2567 554 2622 fidem
564 2595 603 2621 -.
629 2569 865 2642 Propert.
884 2572 968 2624 111
985 2613 1001 2639 ,
1037 2574 1122 2637 13,
1147 2590 1180 2641 9
1205 2592 1218 2626 :
1248 2598 1272 2621 ι
1295 2574 1418 2627 Hoc

390 2647 550 2701 etiam
578 2648 784 2703 clausas
816 2663 1117 2724 expugnant
1146 2670 1296 2707 arma
1325 2672 1422 2724 pu-

391 2724 538 2781 dicas
558 2756 604 2783 α.
635 2759 708 2769 -
745 2731 1002 2796 Rutilius,
1037 2731 1164 2785 ltin.
1185 2734 1239 2799 1,
1261 2726 1378 2802 ‘359
1399 2751 1417 2786 τ·

391 2832 418 2853 ⁸
437 2808 612 2861 Aurea
629 2806 882 2880 legitimas
903 2824 1208 2883 expugnant
1235 2830 1420 2865 mune-

391 2906 452 2941 ra
493 2886 1100 2963 taedas,Virgineosque
1141 2892 1286 2945 sinus
1323 2910 1420 2945 au-

389 2986 515 3023 reus
557 2968 726 3021 imber
762 2971 910 3021 emit.
947 2972 1054 3023 En.
1091 3002 1162 3011 --
1199 2974 1280 3026 De
1321 2991 1420 3026 usu

394 3049 544 3102 verbi
571 3068 868 3119 expugnare
887 3051 1044 3122 plura
1071 3052 1278 3105 notavit
1293 3054 1422 3107 Bar·-

391 3126 538 3181 thius
559 3127 629 3183 ad
655 3128 784 3181 Stat.
800 3130 968 3183 Theb.
987 3131 1090 3195 IV,
1122 3134 1241 3201 187.

468 3212 590 3263 262.
629 3212 719 3259 Hic
752 3212 948 3261 animos
981 3216 1202 3263 ostende.
1227 3210 1418 3283 Vis-gil.

393 3287 628 3355 AEn.vl,
658 3290 754 3341 ’δι
783 3306 796 3341 :
825 3313 847 3335 ι
869 3289 1028 3342 Nunc
1051 3290 1243 3343 animis
1262 3309 1418 3361 opus,

393 3368 586 3429 Eum,
599 3386 746 3421 nunc
767 3380 978 3439 pectore
997 3368 1156 3422 firmo
1177 3370 1368 3423 ».—-G.
1389 3390 1416 3423 2

393 3444 520 3519 legit
543 3450 616 3499 nil
643 3449 851 3517 adjuvat
877 3451 1043 3500 amuis.

469 3524 589 3579 263.
649 3532 786 3579 Dure
828 3532 968 3581 Mars
1013 3531 1162 3583 milite
1211 3532 1416 3599 gaudee.

395 3602 600 3659 Helena
639 3604 708 3658 ad
745 3604 988 3659 Paridem
1024 3606 1064 3658 1.
1103 3626 1150 3660 c.
1192 3628 1240 3662 v.
1279 3609 1380 3662 253
1400 3628 1418 3662 ε

358 3744 363 3750 .
395 3708 424 3729 α
443 3684 580 3753 Apta
617 3685 789 3756 magis
824 3685 1024 3739 Veneri
1046 3728 1062 3753 ,
1101 3706 1262 3759 quam
1315 3688 1419 3741 sint

395 3775 488 3817 tua
515 3782 742 3835 corpora
764 3764 924 3819 Marti
949 3790 994 3820 ι.

467 3846 592 3906 264.
613 3848 744 3895 Dum
760 3846 943 3913 jaceas
977 3848 1030 3898 in
1056 3864 1252 3908 amore,
1287 3848 1344 3899 h.
1373 3866 1420 3902 e.

396 3922 598 3977 fractus
617 3922 842 3977 libidine
863 3924 1117 3997 langueas
1143 3938 1195 3980 et
1220 3926 1425 3995 otieris,

397 4000 573 4073 impar
619 4002 839 4058 militia.
877 4004 1006 4057 Tale
1051 4016 1130 4059 est
1175 4005 1228 4057 in
1271 4006 1420 4079 Virg.

397 4081 568 4135 Catal.
589 4081 663 4147 V,
689 4100 711 4133 1
737 4100 752 4135 ε
776 4084 998 4137 ..Iacere
1017 4103 1102 4139 me
1117 4124 1132 4150 ,
1154 4083 1298 4157 quod
1319 4086 1424 4139 alta

397 4178 510 4219 non
530 4161 756 4233 poesim,
775 4174 952 4235 putat,
969 4164 1042 4218 Ut
1065 4176 1210 4229 ante,
1226 4166 1425 4220 vecteri

1504 2012 1667 2079 freta,
1690 2013 1801 2065 Nec
1828 2011 1967 2063 ferre
1992 2010 2189 2063 durum
2217 2008 2383 2079 frigus
2398 2045 2413 2072 ,
2439 2014 2533 2058 ant

1506 2104 1689 2147 aestum
1726 2091 1865 2165 pati,
1896 2092 2082 2163 Neque
2124 2108 2275 2143 arma
2313 2085 2534 2142 victoris

1487 2173 1653 2245 sequi
1674 2198 1715 2227 a.

1583 2252 1701 2305 ²65.
1743 2257 1809 2304 Et
1850 2265 2064 2303 nostmm
2096 2249 2373 2317 fiandemus
2392 2284 2409 2307 ,
2456 2246 2533 2299 sic

1506 2331 1687 2385 Guelf.
1713 2351 1740 2384 a
1761 2369 1776 2395 ,
1796 2330 1939 2403 quod
1965 2330 2168 2403 pratuli
2192 2326 2405 2382 lectioni
2422 2326 2537 2378 vul-

1506 2422 1639 2481 gatoe
1658 2427 1711 2463 ue
1724 2412 2377 2479 nosmmfimdamus.-In
2398 2409 2535 2458 hoste

1506 2491 1793 2625 ‘5¹:332‘
1814 2489 2221 2625 Ἑωῖῗιῖζῗ
2244 2500 2537 2639 :2235ssss

1508 2663 1695 2705 auctor
1720 2650 1933 2704 videtur
1952 2649 2391 2722 Virgilium,AEn.
2419 2645 2499 2699 xl
2518 2683 2535 2708 ,

1508 2731 1606 2799 371
1636 2770 1651 2795 ,
1704 2731 1797 2784 ubi
1851 2732 2083 2784 Drances
2140 2728 2209 2783 ad
2251 2726 2497 2780 Turnum
2522 2744 2537 2778 ε

1506 2836 1533 2855 κ
1550 2807 1762 2863 Scilicet
1779 2849 1795 2874 ,
1815 2821 1874 2863 ut
1890 2811 2078 2863 Turno
2102 2807 2372 2877 contingat
2388 2803 2537 2876 regia

1506 2891 1723 2961 conjux,
1736 2892 1867 2953 Nos,
1886 2888 2074 2944 animo
2089 2889 2239 2950 viles,
2258 2886 2537 2939 inhumata

1508 2968 1793 3039 infletaque
1826 2969 1979 3023 turba
1997 3010 2013 3033 ,
2044 2969 2350 3023 sternamur
2387 2983 2535 3019 cem-

1510 3048 1591 3120 pis
1600 3074 1645 3101 n.
1668 3049 1737 3101 Et
1752 3060 1941 3103 auctor
1962 3046 2217 3101 orationis
2238 3045 2458 3099 Achillis
2478 3044 2535 3097 in

1510 3126 1877 3192 Parthenone,
1892 3146 2053 3199 quam
2074 3145 2237 3198 supra
2258 3124 2507 3179 dedimus
2520 3163 2541 3191 ‚

1510 3226 1567 3261 v.
1598 3210 1666 3278 57
1694 3228 1709 3263 ι
1749 3207 2025 3273 «scilicet,
2060 3220 2118 3260 ut
2146 3210 2344 3279 conjux
2372 3204 2539 3259 viduo

1509 3286 1767 3341 reddatur
1807 3286 1977 3341 Atridi
1996 3324 2012 3351 ,
2050 3284 2374 3340 Procumbat
2419 3285 2539 3347 vilio

1509 3366 1839 3421 Teucrorum
1861 3366 2077 3421 victima
2092 3366 2323 3421 Achilles
2338 3392 2382 3420 a.

1585 3450 1707 3503 266.
1736 3448 1839 3501 Hic
1864 3449 2053 3521 incipit
2078 3448 2175 3503 MS
2198 3444 2495 3501 Helmstad.

1580 3527 1703 3581 268.
1748 3532 1987 3597 Populus,
2026 3546 2127 3601 pro
2168 3527 2401 3581 exercitu
2416 3566 2433 3593 ,
2476 3536 2543 3579 ut

1506 3606 1812 3660 observavit
1835 3608 2106 3670 Bai-thius,
2133 3605 2268 3660 Λᾶν.
2296 3606 2420 3658 ux
2434 3644 2451 3672 ,
2484 3619 2537 3663 1-

1506 3684 1755 3739 Similiter
1776 3687 1919 3741 infra
1940 3706 1987 3741 v.
2016 3688 2117 3740 280
2144 3696 2195 3738 et
2224 3685 2345 3749 342.

1584 3768 1701 3833 269.
1714 3768 1941 3834 Conferte
1950 3786 2151 3819 matius.
2165 3766 2311 3837 Virg.
2324 3768 2446 3819 AEn.
2460 3765 2511 3818 X
2524 3805 2540 3832 ,

1512 3844 1617 3915 876
1636 3862 1653 3909 ;
1677 3846 1755 3899 XI
1770 3886 1785 3911 ‚
1806 3846 1931 3900 283.

1586 3942 1703 3995 ²7⁰·
1747 3932 1973 3977 Vestrum
2012 3944 2163 3979 nunc.
2214 3924 2320 3977 mc
2352 3942 2539 3979 versus

1512 4002 1658 4059 deest
1688 4005 1741 4057 in
1769 4004 1834 4058 G.
1866 4024 1911 4058 2.

1588 4102 1705 4154 ²71·
1729 4091 1853 4154 Quae
1872 4098 2067 4137 eontra.
2092 4084 2237 4157 Lipe.
2256 4104 2403 4152 quem
2422 4086 2539 4137 eon·

1512 4181 1617 4227 tra,
1644 4166 1779 4219 sicut
1806 4176 1858 4217 et
1880 4166 1945 4223 A,
