2975 4684
746 375 1156 446 CARMEN
1221 379 1358 446 AD
1417 372 2127 445 AUGUSTINUM.

2360 371 2497 463 4²7

471 501 762 598 Legibus
791 501 1087 586 invictiS,
1112 497 1505 570 contundite
1537 511 1805 590 pectora
1840 493 2117 590 palmis,

469 614 760 684 Stet-nite
789 612 1090 681 membra
1125 609 1300 693 solo,
1335 608 1737 700 meritosque
1768 605 1939 674 ciete
1978 601 2274 686 dolores»,

475 727 566 794 Et
601 722 952 818 prohibete
983 719 1170 790 nefas
1201 747 1216 788 :
1252 722 1441 789 Deus
1478 719 1763 811 imperat
1786 715 2099 784 omnibus
2136 737 2379 797 unum,
2458 737 2507 774 ⁵0

474 833 810 905 Admonet
840 833 1113 901 antistes
1133 885 1151 916 ‚
1179 843 1594 921 venturaque
1626 825 1903 895 flumina
1940 836 2212 893 terrent.

571 947 636 1013 Ο
672 943 838 1012 mihi
875 955 1244 1014 transactos
1281 953 1547 1008 revocet
1582 938 1636 1006 si
1672 937 1955 1031 pristina
1990 932 2159 1004 soles

476 1052 790 1124 Laetificis
809 1057 1072 1124 Aurora
1110 1053 1316 1137 rotie,
1359 1073 1529 1144 quos
1563 1046 1775 1117 libera
1807 1061 2027 1116 tecum

475 1167 634 1236 Otia
676 1178 1040 1252 tentantes,
1069 1177 1138 1232 et
1164 1159 1441 1230 candida
1474 1158 1631 1252 jura
1665 1158 2032 1240 bonorum,
2576 1237 2583 1250 ι

477 1275 812 1344 Duximus
851 1271 1059 1343 Italiae
1099 1269 1355 1358 medio,
1385 1283 1779 1362 montesque
1812 1291 1933 1360 per
1966 1265 2175 1353 altos;
2462 1282 2509 1322 ⁵⁵

477 1387 634 1457 Non
671 1408 780 1452 me
823 1383 990 1453 dura
1023 1382 1172 1481 gelu
1216 1363 1649 1475 prohiberent
1693 1379 1943 1474 frigora
1985 1401 2185 1463 cano,

381 1587 540 1641 clesia
554 1597 764 1640 orantes
779 1597 1076 1656 ,tamquam
1091 1585 1262 1640 socios
1273 1603 1398 1638 suos
1485 1583 1706 1638 fortasse
1732 1584 1803 1636 itu
1836 1581 2102 1654 scripserit
2120 1577 2389 1633 Licentius
2410 1617 2426 1644 ,
2452 1588 2514 1628 ut

381 1678 435 1719 et
453 1665 688 1739 ejusdem
710 1663 1026 1719 conditionis
1039 1701 1056 1726 ,
1079 1661 1401 1735 adloquitur,
1487 1673 1768 1735 usurparet
1799 1662 2085 1716 dictionem
2106 1659 2323 1731 Virgilii
2346 1699 2359 1726 ,
2400 1659 2516 1710 AEn.

383 1757 542 1817 atque
564 1755 624 1797 ut
645 1745 784 1800 hanc
810 1741 1229 1798 emendationem
1256 1759 1404 1794 men·

383 1824 469 1892 tis,
485 1824 734 1877 omnibus
749 1840 898 1894 eque
915 1822 1262 1876 necessariam
1291 1831 1344 1874 et
1369 1839 1402 1874 a

385 1905 497 1958 Deo
511 1906 712 1977 jussam
728 1943 742 1969 ,
758 1913 809 1956 et
823 1903 1084 1974 baptismo
1102 1899 1406 1970 accipiendo

385 1984 784 2038 convenientem
802 2019 818 2046 ,
851 1991 1119 2053 praeeunte
1160 1979 1406 2032 Antistite

383 2064 584 2138 pariter
610 2082 640 2115 a
669 2065 782 2115 Deo
807 2072 988 2134 petant
1003 2100 1019 2127 ,
1043 2059 1308 2112 hortatur.

457 2145 544 2210 48.
573 2145 781 2212 Legibus
807 2144 992 2193 invictis
1009 2177 1023 2200 ‚
1045 2138 1408 2212 preceptioni-

383 2225 486 2276 bus
512 2242 542 2276 e
569 2223 736 2274 verbo
763 2220 950 2276 divino
981 2218 1153 2272 ductis
1169 2255 1186 2283 ,
1213 2217 1408 2290 quibus

387 2301 656 2355 adversari
683 2301 835 2354 nefas
863 2311 939 2353 est
963 2317 980 2362 ;
1009 2297 1117 2350 vid.
1145 2315 1284 2350 vers.
1321 2297 1407 2362 34.

385 2381 702 2435 Reinhartus
759 2383 962 2432 notavit
975 2415 990 2441 ,
1043 2377 1177 2432 alios
1240 2376 1411 2448 legere

388 2464 550 2514 ιἠνίιὶε
568 2499 584 2523 ,
608 2461 690 2516 vel
717 2463 768 2517 ἔτι
793 2461 944 2521 viris,
968 2456 1114 2530 quod
1137 2456 1294 2510 nihili
1315 2468 1409 2509 est.

463 2548 546 2608 49.
599 2542 806 2592 Stemite
853 2541 1068 2590 membra
1114 2541 1236 2590 solo.
1285 2537 1414 2589 Erat

389 2619 530 2672 enim
556 2621 696 2672 inter
725 2618 1132 2672 catechumenos
1149 2615 1284 2670 ordo
1295 2636 1414 2685 pro-

389 2713 650 2752 stratorum
681 2710 733 2752 et
753 2699 1201 2770 genuflectendum.

463 2779 545 2832 50.
571 2783 636 2830 Ee
661 2781 913 2848 prohibete
954 2779 1122 2845 παίω,
1165 2788 1346 2829 cavete
1385 2795 1414 2828 a

389 2858 622 2930 peccatis
646 2894 662 2920 ,
705 2873 998 2928 eorumque
1017 2855 1222 2909 veniam
1249 2875 1280 2910 a
1305 2858 1418 2908 Deo

389 2939 582 3010 petite:
608 2936 795 2989 usitata
821 2935 1052 2990 formida
1077 2934 1430 3007 poetis.Virg.-

391 3020 510 3070 AEn.
526 3017 598 3083 V,
642 3035 775 3087 197:
825 3041 847 3063 ι
867 3016 972 3070 hoc
997 3015 1224 3081 vincite,
1251 3015 1421 3081 cives,

391 3097 461 3150 Et
484 3096 764 3168 prohibete
782 3096 928 3148 nefas
947 3121 968 3142 ι
991 3115 1006 3160 ;
1037 3107 1089 3147 et
1105 3094 1270 3148 Ovid.
1290 3095 1418 3146 Met.

393 3175 442 3229 X
457 3216 474 3242 ,
493 3177 593 3229 322
611 3216 626 3241 ‚
660 3175 810 3227 «Hoc
828 3173 1106 3245 prohibete
1130 3174 1298 3240 nefas,
1318 3191 1423 3226 sce-

395 3254 598 3326 lerique
635 3253 860 3307 resistite
895 3263 1042 3304 tanto
1060 3279 1102 3304 a.
1150 3251 1294 3306 Solet
1333 3253 1422 3304 Li-

393 3333 599 3387 centius
616 3351 874 3405 usurpare
891 3332 1032 3385 dicta
1046 3345 1426 3404 veterumpoe·

393 3425 595 3478 tarum,
625 3433 794 3486 eaque
823 3423 1028 3466 mutato
1070 3432 1226 3468 sensu
1263 3413 1422 3467 sacris

393 3493 709 3548 Christianis
731 3493 1166 3547 accommodare:
1193 3513 1262 3546 an
1283 3505 1426 3548 recte

398 3571 624 3645 ubique,
649 3592 794 3626 nunc
821 3592 932 3626 non
957 3573 1318 3645 disquirimus.

469 3651 550 3706 51.
597 3659 920 3722 Venturaque
947 3657 1172 3724 flwm'na
1227 3667 1423 3707 terrene.

392 3731 482 3784 Sic
519 3731 752 3786 Pithoeus
798 3745 852 3786 et
895 3731 1080 3786 Reinh.
1128 3731 1423 3786 ediderunt.

394 3809 669 3866 Benedict.
694 3813 939 3881 flamina.
968 3811 1216 3866 Barthius
1249 3811 1428 3883 legen·

395 3887 762 3960 dumflamina
794 3891 1013 3956 statuit,
1047 3909 1150 3962 qua
1187 3910 1318 3945 voce
1349 3892 1428 3946 in·

395 3968 594 4042 telligat
633 3971 892 4042 Spiritum
933 3969 1187 4022 Sanctum
1210 4011 1224 4037 ,
1267 3989 1428 4043 quem

397 4049 688 4103 missurum
703 4049 941 4122 judicem
961 4047 1150 4103 mundi
1174 4049 1229 4102 in
1255 4051 1427 4104 Evan-

397 4127 540 4198 gelio
587 4128 847 4203 promittit
892 4131 1150 4186 Sex-vator.
1205 4134 1430 4184 Fulmina

1489 1746 1517 1796 1
1537 1782 1553 1809 ,
1588 1745 1723 1796 230:
1770 1769 1795 1788 ιι
1817 1741 2047 1794 AEternis
2082 1739 2219 1810 regis
2253 1735 2517 1810 imperiis,

1492 1837 1545 1878 et
1577 1822 1801 1876 fulmine
1828 1835 1994 1874 terres
2018 1846 2039 1866 υ
2061 1861 2077 1886 ,
2118 1831 2211 1872 aut
2244 1817 2520 1872 adluderet

1494 1903 1563 1956 ad
1587 1903 1969 1974 legislationem
1992 1900 2320 1964 Sinaiticam,
2342 1895 2519 1950 fulmi-

1496 1984 1650 2036 nibus
1678 1993 1963 2035 terrentem
1984 2018 2001 2044 ,
2028 1997 2137 2052 quo
2162 1977 2425 2050 respicere
2448 1980 2520 2026 le-

1494 2082 1588 2132 ges
1610 2064 1803 2114 invicta·
1828 2080 1876 2114 v.
1914 2061 1981 2125 48
2005 2069 2245 2132 possunt.
2280 2053 2385 2110 Sed
2410 2072 2522 2108 ma·

1497 2144 1633 2196 xime
1677 2151 2086 2204 consentaneum
2128 2137 2295 2191 textui
2326 2147 2381 2188 et
2404 2151 2520 2188 sen·

1499 2222 1675 2276 tentio
1702 2234 1811 2287 est,
1838 2233 1899 2274 ut
1907 2222 2129 2290 flumina
2162 2218 2400 2290 legamus
2419 2252 2435 2277 ‚
2472 2225 2527 2265 et

1499 2301 1817 2373 baptismum
1836 2299 2261 2372 interpretemur,
2276 2293 2344 2347 sd
2366 2311 2527 2366 quem

1500 2379 1835 2454 praeparandi
1858 2391 2007 2434 erant
2034 2375 2427 2440 catechumeni,
2458 2373 2527 2426 de

1503 2463 1693 2533 quibus
1727 2461 1819 2514 hic
1846 2479 2020 2513 sermo
2044 2470 2135 2512 est.
2168 2463 2333 2508 Terret
2352 2455 2526 2527 bapti-

1504 2559 1673 2608 smus,
1717 2554 1811 2595 aut
1853 2552 2052 2594 terrere
2093 2539 2251 2591 debet
2309 2553 2526 2608 compe-

1502 2633 1693 2686 tentes,
1712 2622 1835 2694 quis
1862 2618 2197 2674 tremendum
2221 2615 2531 2688 mysterium

1506 2713 1601 2768 est,
1617 2701 1686 2754 ab
1710 2701 1941 2774 indignis
1966 2719 2079 2754 non
2102 2712 2299 2752 temere
2324 2695 2531 2768 capien-

1506 2781 1667 2834 dum:
1696 2781 1925 2834 rationes
1948 2781 2081 2840 alias
2102 2778 2347 2830 dedimus
2368 2776 2423 2826 in
2443 2793 2529 2827 ex-

1507 2860 1689 2914 tremis
1707 2861 1971 2913 Excursus
1992 2856 2229 2922 secundi,
2242 2854 2312 2908 ad
2330 2853 2535 2908 calcem

1508 2939 1675 3012 hujus
1700 2939 1961 2993 carminis.

1483 3067 1493 3073 .
1585 3019 1667 3076 52.
1698 3026 1741 3072 0
1764 3021 1881 3071 milti
1904 3031 2179 3070 transactos
2204 3026 2409 3066 revocet.
2429 3013 2534 3065 Ex-

1510 3099 1701 3172 pressit
1722 3097 2075 3170 Virgilianum
2120 3111 2331 3148 versum
2353 3131 2371 3158 ,
2412 3095 2533 3145 AEn.

1512 3179 1687 3244 VIII,
1739 3177 1869 3242 560,
1906 3201 1931 3221 ι
1970 3177 2020 3228 Ο
2062 3173 2195 3228 mihi
2237 3171 2535 3247 praeteritos

1513 3257 1709 3311 referat
1739 3255 1785 3308 si
1818 3257 2025 3328 Jupiter
2054 3273 2223 3326 annos
2247 3277 2295 3305 ιι.

1587 3337 1673 3400 54.
1690 3338 1804 3388 Otia
1820 3349 2081 3396 tonantes,
2103 3335 2239 3388 sorte
2256 3332 2537 3406 legendum

1516 3431 1771 3469 sectantes.
1808 3447 1879 3457 -—
1914 3419 2141 3468 candida
2158 3417 2277 3484 jura
2306 3416 2541 3466 bonorum

1515 3497 1827 3567 interpretor
1861 3497 1951 3568 jus
1989 3508 2043 3550 et
2076 3515 2233 3548 nsum
2274 3494 2539 3546 bonorum

1516 3587 1678 3647 atque
1696 3577 2087 3646 possessionum
2102 3617 2118 3643 ,
2136 3570 2544 3648 quechandide

1516 3673 1740 3708 invicem
1795 3655 2191 3710 communicant
2254 3651 2445 3707 sinceri
2492 3663 2545 3704 et

1518 3733 1730 3809 candidi
1762 3735 1936 3790 amici.
1972 3733 2204 3806 Respicit
2240 3751 2395 3785 usum
2429 3730 2543 3804 agri

1518 3825 1570 3866 et
1593 3813 1751 3876 villa,
1780 3830 1939 3887 quem
1963 3814 2258 3884 Augustino
2282 3823 2335 3864 et
2359 3811 2544 3865 amicis

1518 3909 1845 3950 concesserat
1874 3893 2225 3947 verecundus
2246 3933 2262 3960 ,
2310 3891 2379 3944 de
2432 3910 2541 3963 quo

1517 3991 1675 4028 versu
1701 3994 1809 4046 seq.

1592 4053 1675 4108 55.
1710 4057 1871 4106 Italics·
1904 4055 2094 4112 medio,
2134 4067 2421 4120 montesque
2452 4073 2545 4120 per

1520 4137 1660 4188 altos.
1695 4132 1947 4203 Intelligit
1988 4132 2167 4186 villam
2202 4133 2502 4187 verecundi
2524 4173 2541 4198 ,
