2975 4684
475 371 563 452 34
865 365 1128 434 EDIT.
1179 363 1302 430 ET
1369 359 1833 428 INTERPR.
1889 353 2225 422 AETNAE.

473 507 622 580 inni
652 499 766 594 (ι).
801 495 1158 586 Βεροηῑίπι
1193 495 1392 557 Corn.
1433 489 1649 554 Severi
1668 487 1953 568 AEtnam,
1982 501 2047 549 et
2078 505 2226 573 quoe
2262 489 2633 568 supersunt

472 613 864 698 fragmenta,
890 623 1042 666 cum
1073 599 1613 686 interpretatione
1635 642 1653 676 ,
1674 610 1867 682 atque
1894 593 2023 656 Ios.
2058 585 2365 677 Scaliger-i
2385 633 2406 667 ,
2445 582 2628 649 Frid.

473 707 1020 790 Lindenbruchii,
1065 707 1332 792 suisque
1375 701 1579 790 ipsius
1625 699 1795 764 notis
1818 747 1836 780 ‚
1878 697 2185 776 adjuncto
2216 693 2411 756 etiam
2446 688 2631 754 Petri

473 820 697 888 Bembi
749 815 920 879 libro
967 813 1050 876 de
1093 811 1290 878 AEtna
1337 805 1541 872 edidit
1578 801 1963 870 Theodorus
2002 800 2331 878 Gorallus,
2366 817 2491 861 seu
2524 794 2629 858 Jo.

474 927 762 992 Clericus
783 970 802 1004 ,
839 915 1308 986 Amstelodami
1346 911 1523 1000 apud
1558 913 1753 974 Henr.
1782 907 2033 974 Schelte
2072 904 2235 992 ¹7⁰3
2258 951 2277 984 ,
2322 917 2391 966 et
2424 903 2634 964 inno·

469 1047 620 1098 vato
647 1027 844 1094 titulo
877 1021 1054 1113 apud
1087 1021 1248 1084 Dav.
1294 1017 1575 1096 Mor-tier,
1613 1013 1814 1103 1715,
1844 1011 2010 1076 iri-8.
2046 1009 2459 1096 Proecipuum
2490 1007 2631 1072 Go-

471 1138 610 1204 ralli
648 1137 714 1198 in
750 1135 876 1196 hac
907 1129 1196 1192 editione
1229 1123 1539 1187 meritum
1572 1135 1699 1201 est,
1738 1117 1915 1207 quod
1952 1131 2182 1206 praeter
2204 1112 2633 1203 paraphrasin

473 1245 792 1324 adjectam
825 1253 892 1301 et
923 1231 1414 1299 emendationes
1439 1249 1474 1290 e
1506 1225 1873 1306 conjectura
1900 1225 2094 1288 factas
2113 1269 2132 1304 ,
2154 1221 2455 1310 pluribus
2484 1219 2637 1284 AEt-

477 1376 579 1416 nae
611 1349 768 1412 locis
797 1367 836 1407 e
865 1340 1137 1406 scientia
1169 1353 1236 1399 et
1271 1333 1543 1398 historia
1588 1331 1863 1395 naturali
1912 1329 2219 1408 majorem
2255 1328 2477 1390 lucem
2524 1345 2639 1389 ac·-

479 1453 702 1520 cendit
723 1499 741 1531 ‚
786 1443 1068 1512 subinde
1100 1441 1294 1505 etiam
1339 1437 1645 1525 Scaligeri
1679 1451 1883 1499 errata
1912 1433 2259 1522 castigavit.
2294 1435 2469 1496 Cum
2499 1451 2645 1494 ver-

480 1563 664 1625 sione
699 1555 910 1620 italica
935 1550 1136 1616 AEtna
1164 1547 1402 1633 legitur
1429 1541 1555 1605 sub
1586 1541 1810 1604 titulo:
1842 1539 1895 1603 l'
1932 1541 2108 1602 Etna
2132 1539 2208 1601 di
2233 1539 2311 1600 P.
2344 1536 2645 1601 Cornelio

483 1669 736 1742 Severo,
767 1657 1056 1724 tradotta
1089 1656 1156 1716 in
1201 1652 1362 1714 versi
1385 1647 1649 1734 volgari
1676 1646 1765 1708 da
1792 1645 2064 1711 Claudio
2093 1643 2327 1707 Nicolo
2364 1643 2647 1729 Stampa

481 1771 552 1834 in
591 1771 887 1854 Corpore
924 1762 1177 1825 Poetar.
1217 1755 1427 1819 Latin.
1467 1773 1619 1814 cum
1645 1749 1938 1814 versione
1964 1749 2204 1829 italica,
2242 1747 2649 1824 Mediolani,

491 1875 680 1963 1731,
711 1889 896 1936 tomo
923 1867 1203 1962 X,‘pag.
1243 1881 1387 1947 177.
1427 1856 1653 1929 Paullo
1680 1869 1827 1943 post
1858 1853 2097 1942 prodiit
2116 1853 2314 1918 AEtna
2342 1851 2648 1932 Parisiis,

481 1981 783 2047 versione
833 1971 1056 2064 gallica
1109 1983 1176 2031 et
1227 1959 1761 2028 adnotationibus
1816 1959 2129 2022 instructa
2184 1957 2309 2022 sub
2364 1955 2590 2019 indice
2628 1979 2647 2018 z

483 2086 718 2150 Z’Etna
744 2079 823 2144 de
855 2077 932 2141 P.
972 2069 1298 2139 Cornelius
1335 2067 1591 2132 Severus
1606 2111 1625 2144 ‚
1673 2077 1731 2127 et
1764 2062 1849 2126 les
1888 2063 2211 2127 Sentences
2242 2062 2324 2124 de
2362 2059 2653 2142 Publius

483 2191 712 2276 Syrus,
752 2181 1028 2248 traduics
1059 2199 1138 2238 en
1150 2173 1456 2262 franfois
1473 2219 1493 2250 ‚
1532 2191 1679 2232 avec
1712 2167 1819 2232 des
1854 2189 2238 2256 ramat-ques,
2276 2166 2385 2230 des
2410 2165 2653 2228 disser-

486 2300 726 2366 tations
757 2292 1051 2375 critiques
1065 2331 1084 2362 ,
1115 2282 1480 2366 historiques
1500 2325 1521 2356 ,
1548 2275 2041 2364 geographiques
2056 2323 2075 2354 ‚
2112 2291 2225 2339 etc.
2240 2323 2260 2353 ‚
2287 2291 2353 2340 et
2380 2274 2441 2337 le
2464 2287 2659 2338 texte

487 2405 652 2468 latin
682 2398 761 2461 de
797 2417 894 2458 ces
920 2392 1098 2456 deux
1119 2400 1374 2452 auteurs
1399 2382 1444 2445 ὰ
1465 2379 1605 2446 σότέ
1631 2381 1710 2444 de
1742 2381 1807 2444 la
1838 2381 2217 2444 traduc-tion.
2239 2381 2317 2444 P.
2344 2381 2397 2444 J
2392 2429 2409 2444 .
2432 2381 2659 2445 Acca-

485 2512 617 2573 rias
653 2505 732 2567 de
761 2502 1086 2575 Serionne,
1123 2491 1170 2555 ὰ
1198 2491 1414 2567 Par-zze,
1461 2486 1661 2574 1736,
1700 2487 1853 2550 in-8.
1892 2489 2203 2549 Λυσανίας
2236 2485 2317 2548 de
2340 2485 2659 2549 Serionne

489 2627 668 2676 texto
693 2609 894 2670 Corn.
923 2597 1142 2662 Severi
1169 2594 1254 2658 ad
1283 2591 1525 2656 Goralli
1560 2589 2000 2653 recensionem
2033 2590 2309 2677 repetito
2337 2590 2660 2676 apposuit

491 2717 788 2808 gallicam
817 2706 1187 2770 versionem
1207 2723 1222 2762 ε
1241 2696 1525 2762 versioni
1552 2711 1737 2758 notas
1766 2695 2035 2758 rariores
2062 2695 2367 2774 subJecit,
2400 2695 2663 2782 quibus

491 2845 597 2886 res
629 2813 970 2882 historicas
1001 2825 1068 2870 et
1101 2802 1572 2892 mythologicas
1592 2847 1611 2880 ,
1646 2800 2031 2886 plerumque
2068 2801 2395 2887 vulgares,
2441 2800 2659 2887 expli-

495 2941 620 2990 cat.
649 2916 968 2986 Praemisit
989 2915 1188 2975 vitam
1222 2910 1424 2971 Corn.
1471 2905 1686 2968 Severi
1716 2925 1945 2991 parum
1978 2919 2337 2968 accuratam
2357 2952 2375 2984 ,
2406 2905 2479 2967 in
2519 2928 2661 2992 qua

495 3049 715 3117 neque
761 3025 1071 3088 Severum
1117 3039 1155 3078 a
1211 3012 1430 3077 Cassio
1474 3011 1709 3104 Severo
1758 3024 2015 3070 oratore
2034 3055 2051 3088 ,
2098 3025 2163 3072 et
2220 3009 2444 3072 Cassio
2489 3009 2662 3074 Par-

497 3133 709 3201 mensi
743 3127 894 3192 satis
921 3119 1301 3208 distinguit,
1349 3131 1562 3200 neque
1601 3111 1984 3174 testimoniis
2024 3112 2449 3198 scriptorum,
2482 3137 2665 3202 quos

502 3241 738 3325 allegat
757 3281 775 3314 ‚
809 3246 988 3294 recte
1031 3225 1257 3288 utitur.
1291 3219 1559 3284 AEtnam
1598 3216 1790 3278 etiam
1827 3214 2185 3301 praecedere
2220 3218 2413 3296 jussit
2446 3221 2660 3285 Corn.

497 3341 718 3411 Severi
769 3339 1208 3424 fragmentum
1263 3324 1345 3388 de
1400 3337 1610 3384 morte
1664 3316 1989 3382 Ciceronis
2010 3365 2027 3396 ‚
2082 3320 2303 3407 gallice
2360 3345 2662 3391 versum.

499 3444 859 3526 Subjunxit
893 3453 1112 3502 autem
1153 3428 1671 3496 dissertationem
1704 3422 1785 3486 de
1818 3439 2039 3512 mon-te
2067 3424 2295 3505 AEtna‚
2340 3427 2457 3491 ubi
2494 3451 2671 3516 qna..

498 3574 658 3620 tuor
691 3545 1007 3636 capitibus
1042 3561 1145 3603 res
1191 3535 1274 3598 ad
1325 3555 1478 3597 eum
1516 3542 1806 3591 montem
1850 3527 2243 3613 pertinentes
2290 3553 2329 3592 e
2380 3545 2669 3622 geogra-

499 3661 656 3750 phia
678 3705 696 3738 ,
727 3645 1136 3740 mythologie
1159 3690 1175 3722 ‚
1203 3637 1474 3728 physica
1500 3649 1567 3696 et
1598 3631 1863 3694 historia
1896 3632 2182 3718 explicat.
2222 3634 2389 3715 Quae
2424 3637 2673 3704 disser-

501 3767 662 3832 tatio
693 3781 840 3824 meo
868 3753 1114 3836 judicio
1143 3744 1376 3810 melior
1403 3761 1555 3826 pars
1584 3737 1781 3799 totius
1809 3735 1957 3798 libri
1990 3753 2085 3799 est
2105 3785 2121 3815 ,
2152 3760 2563 3827 quamquam
2598 3763 2669 3808 et

569 4011 648 4076 (1)
683 4005 969 4074 Perperam
999 3992 1068 4044 de
1097 3987 1328 4039 editione
1349 3977 1561 4048 Virgilii
1590 3975 1911 4027 Masviciana
1947 3972 2034 4024 hic
2070 3977 2271 4029 mentio
2306 3979 2407 4041 fit3
2438 3999 2575 4035 nam
2608 3985 2671 4037 in

506 4100 604 4151 ista
631 4091 875 4146 editione
903 4079 1171 4134 catalecta
1193 4067 1408 4140 quidem
1432 4063 1673 4132 Virgilii,
1698 4081 1801 4112 non
1822 4061 1943 4111 item
1972 4062 2129 4112 AEtna
2150 4061 2362 4131 legitur.
2384 4067 2489 4118 En.
