2975 4684
637 366 1134 434 EPITOMES
1191 367 1597 434 HOMERI
1660 371 2250 442 EDITIONES.
2353 372 2492 446 503

554 497 784 576 sionis,
854 512 1170 582 quantum
1227 495 1488 582 quidem
1548 519 1583 560 e
1630 498 1879 562 Cinello
1931 502 2197 590 intelligi
2253 520 2496 592 potest,

555 616 850 666 notatum
875 601 1102 682 habet,
1135 624 1254 666 nec
1285 602 1403 664 alia
1437 604 1718 666 carmina
1743 603 2039 685 adjuncta
2057 656 2075 689 ,
2106 631 2251 694 quae
2274 627 2500 688 contra

555 706 620 768 in
672 703 986 770 Abstemii
1031 705 1316 770 editione
1351 729 1488 770 esse
1506 707 1773 772 Vossius
1818 709 2081 775 indicat.
2120 711 2254 794 Qui
2282 714 2335 776 si
2366 717 2497 802 pri-

555 833 725 874 mam
747 813 892 876 eam
905 809 1065 876 dixit
1081 860 1098 892 ‚
1121 812 1334 876 solum
1359 811 1617 876 videtur
1634 813 1892 878 Pindari
1918 815 2213 880 Thebani
2234 839 2497 900 nomen,

553 915 730 1002 quod
762 916 828 978 in
867 937 942 980 ea
971 917 1256 1004 primum
1283 934 1669 1004 usurpatum
1708 935 1838 999 est,
1878 922 2247 1007 respexisse.

472 1046 486 1062 ¹
513 1071 527 1086 .
577 1022 773 1086 Mich.
800 1021 1122 1104 Denisius,
1151 1024 1220 1086 in
1245 1023 1410 1088 Hiar.
1446 1040 1698 1113 typogr.
1719 1024 1951 1089 Vienn.
1978 1049 2045 1114 p.
2073 1025 2159 1112 93
2177 1027 2499 1114 antiquio-

553 1147 688 1192 rem
723 1125 1006 1192 editione
1033 1128 1344 1192 Abstemii
1375 1145 1595 1194 censet
1620 1151 1761 1192 eam
1779 1179 1795 1205 ‚
1832 1153 1973 1217 quoe
1991 1133 2278 1211 Parmoe,
2308 1155 2501 1219 opem

552 1231 984 1321 industriaque
1002 1234 1244 1321 Angeli
1267 1234 1568 1322 Ugoletti,
1593 1258 1651 1298 a.
1688 1239 1853 1321 1492
1871 1285 1887 1317 ‚
1920 1238 2069 1315 ἰπὶ-4
2088 1286 2107 1318 ,
2134 1236 2393 1324 prodiit.
2421 1239 2495 1300 ln

555 1337 746 1402 titulo
773 1337 910 1415 ejus
959 1337 1196 1404 dicitur
1227 1337 1577 1404 Pindarum
1600 1340 1771 1404 hanc
1793 1341 2123 1428 epitomen
2156 1342 2381 1406 fecisse
2418 1342 2499 1406 ad

554 1443 1025 1508 institutionem
1060 1443 1170 1508 fflii
1200 1445 1337 1524 sui,
1370 1439 1435 1508 et
1471 1445 1645 1508 nulla
1678 1447 1927 1510 mentio
1952 1446 2295 1511 Abstemii.
2338 1449 2454 1511 En.

507 1599 524 1614 .
571 1549 882 1614 Proximus
932 1551 1030 1614 his
1081 1550 1394 1616 editiones
1431 1550 1733 1616 videntur
1780 1575 1916 1616 esse
1972 1555 2331 1641 Lipsienses
2377 1578 2493 1641 per

555 1653 908 1718 Mal-tinum
926 1656 1459 1744 Herbipolensem
1477 1659 1680 1738 factas,
1704 1658 1911 1722 forma
1930 1659 2087 1736 ἰιι-4.
2112 1660 2265 1722 Duo
2288 1679 2501 1722 exem-

558 1760 758 1846 plaria
793 1760 860 1823 in
910 1761 1298 1826 bibliotheca
1343 1762 1701 1828 Academiae
1748 1763 2093 1851 Lipsiensis
2126 1781 2461 1828 servantur
2480 1813 2497 1845 ,

556 1880 620 1928 et
655 1865 724 1928 in
761 1867 1050 1955 catalogo
1101 1869 1472 1932 referuntur
1514 1867 1598 1932 ad
1632 1889 1879 1932 annum
1922 1871 2110 1954 1494.
2154 1869 2319 1951 Quoe
2354 1870 2500 1956 qui-

555 1970 703 2034 dem
768 1971 974 2036 forma
1019 1972 1352 2036 literarum
1373 2021 1393 2052 ,
1439 1971 1755 2036 divisione
1803 1974 2216 2062 paginarum,
2259 1991 2325 2037 et
2355 1997 2499 2038 ver-

553 2097 746 2138 suum
779 2076 844 2138 in
877 2075 1146 2163 singulis
1190 2097 1464 2140 numero
1510 2078 1701 2164 plane
1726 2105 1731 2110 ·
1756 2077 2190 2158 conveniunt3
2227 2078 2375 2158 sed,
2425 2095 2499 2141 ut

555 2179 808 2242 Reizius
823 2227 840 2255 ‚
859 2181 1186 2266 professor
1205 2179 1342 2259 ejus
1371 2179 1729 2244 Academiae
1750 2181 2137 2246 clarissimus
2152 2230 2171 2262 ,
2204 2182 2367 2246 mihi
2392 2184 2492 2246 lu-

553 2285 992 2350 culentissime
1021 2285 1433 2373 approbavit,
1469 2307 1603 2349 non
1632 2287 1827 2350 unius
1847 2286 2265 2374 ejusdemque
2281 2287 2503 2352 editio-

475 2437 480 2444 .
553 2392 650 2454 nis
669 2390 962 2472 sunt,se·d
981 2390 1362 2478 compendia
1376 2392 1729 2456 verborum
1752 2409 1817 2455 et
1828 2389 2177 2481 sphalmata
2192 2395 2504 2458 nonnulla

555 2494 806 2560 diversa
819 2495 1031 2560 haben
1039 2513 1081 2560 t.
1102 2496 1234 2559 Alia
1253 2496 1603 2582 Lipsiensis
1618 2517 1767 2560 cum
1786 2497 2117 2561 notatione
2138 2499 2291 2561 anni
2315 2501 2500 2585 1497,

553 2597 734 2682 ἱππ-4,
769 2617 1166 2666 memoratur
1197 2625 1232 2664 a
1279 2602 1549 2690 Lipenio
1588 2603 1653 2664 in
1702 2602 2008 2668 Biblioth.
2052 2604 2203 2667 reali
2254 2603 2496 2668 Philos.

555 2729 618 2793 p.
638 2708 790 2793 679.
805 2707 948 2772 Hoc
967 2708 1128 2772 mihi
1145 2707 1298 2772 inde
1318 2707 1579 2772 videtur
1594 2730 1732 2773 esse
1748 2757 1766 2790 ,
1797 2707 1977 2796 quod
2002 2710 2184 2773 alteri
2209 2711 2503 2797 exemplo

556 2810 962 2876 bibliothecae
997 2811 1343 2899 Lipsiensis
1380 2811 1679 2891 adjuncta
1712 2828 1867 2876 sunt
1894 2812 2179 2875 earmina
2201 2813 2396 2876 latina
2422 2813 2503 2876 de

556 2915 854 2983 laudibus
879 2917 1156 2996 Alberti,
1190 2917 1388 2982 Ducis
1415 2917 1741 2998 Saxnnim,
1775 2939 1924 2980 cum
1950 2933 2104 2980 nota
2120 2917 2275 2980 anni
2310 2921 2496 3004 ¹497·

555 3022 812 3086 Titulus
844 3043 1064 3086 earum
1102 3021 1462 3086 editionum
1490 3038 1589 3086 est
1610 3045 1627 3086 ε
1646 3024 1908 3086 Homeri
1924 3044 2253 3106 grecorum
2272 3037 2499 3110 poeta-

557 3149 698 3189 rum
723 3126 1058 3190 clarissimi
1087 3125 1146 3188 Y
1140 3124 1384 3188 liadum
1421 3147 1573 3213 opus
1598 3147 1719 3213 per
1733 3126 2087 3212 pindarum
2110 3128 2449 3192 thebanum
2478 3152 2500 3192 .·

553 3255 586 3294 e
613 3254 798 3318 greco
847 3234 914 3294 in
948 3231 1218 3294 latinum
1263 3228 1646 3294 traductum.
1681 3231 1825 3294 Fini
1857 3232 2170 3318 poematis
2218 3233 2505 3312 subjecta

553 3353 708 3400 sunt
720 3336 839 3400 tria
851 3337 1310 3425 epigrammata
1325 3383 1343 3416 ‚
1361 3335 1769 3422 Epitaphium
1795 3335 2077 3400 Hectoris
2087 3383 2107 3416 ‚
2130 3337 2305 3402 idem
2324 3339 2505 3421 illud,

554 3439 736 3528 quod
779 3441 951 3506 inter
983 3441 1441 3530 epigrammata
1486 3439 1782 3504 Pentadii
1822 3443 2283 3530 proposuimus
2328 3443 2505 3530 (vid.

555 3545 688 3626 huj.
725 3545 825 3609 ed.
863 3560 907 3610 t.
940 3546 1032 3620 11,
1075 3567 1216 3633 pag.
1265 3544 1411 3630 329.
1438 3544 1649 3629 En.);
1696 3544 1875 3610 aliud
1920 3545 2002 3610 de
2048 3549 2325 3612 Hectore
2366 3573 2507 3612 mo-

559 3650 930 3731 nostichon,
960 3650 1517 3738 rhythmicum,ex
1542 3673 1676 3714 aevo
1702 3651 2013 3734 barbar03
2052 3653 2335 3740 denique
2354 3655 2511 3743 Epi-

552 3755 836 3843 taphium
856 3754 1122 3819 Achille
1145 3779 1166 3818 .·
1199 3785 1226 3810 κ
1245 3755 1488 3818 Pelides
1532 3777 1653 3842 ego
1696 3777 1831 3819 sum
1848 3787 1871 3812 »ι
1893 3781 1921 3835 ;
1954 3756 2135 3842 quod
2183 3758 2247 3819 in
2286 3761 2505 3824 Burm.

556 3859 822 3924 Anthol.
842 3860 954 3924 lib.
977 3860 1040 3940 1,
1073 3881 1175 3947 ep.
1199 3859 1284 3944 98
1310 3860 1769 3948 legitur.—-Et
1796 3883 1913 3924 nos
1950 3861 2017 3923 in
2052 3877 2203 3925 nota
2239 3863 2320 3928 ad
2353 3863 2513 3928 Pen-

554 3963 706 4028 tadii
751 3985 854 4050 ep.
899 3964 1013 4044 IV,
1047 3961 1128 4026 de
1172 3963 1472 4028 Narcisso
1502 3964 1987 4050 exscripsimus,
2028 3964 2257 4030 eodem
2298 3983 2478 4032 tomo
2508 4019 2524 4052 ‚

554 4091 618 4154 p.
655 4067 803 4134 326.
829 4069 952 4132 En.
