2975 4684
713 385 1174 454 EPITOME
1239 381 1666 452 ILIADOS
1736 380 2203 449 HOMER1.·

2366 374 2501 445 601

463 506 685 590 Corde
712 509 957 602 premit
991 508 1276 602 gemitus
1305 530 1322 575 ε
1358 507 1568 575 instat
1604 503 1886 573 Nereius
1928 500 2160 586 heros,
2432 526 2513 573 9⁸..

461 619 968 713 Turbatumque
984 615 1218 712 procul
1243 616 1488 711 premit
1511 613 1811 707 undique
1828 636 1847 697 ;
1866 626 2025 680 tunc
2038 610 2203 703 jacit
2231 610 2510 693 hastam,

465 732 551 797 Et
582 728 832 798 medias
871 728 1088 823 rigida
1129 726 1463 797 transfixit
1496 724 1771 819 cuspide
1806 723 2051 791 fauces,

557 838 910 909 Exsultant
947 840 1200 924 Danai,
1237 842 1444 908 ¹Troes
1481 861 1601 905 sua
1632 834 1867 903 funera
1900 832 2167 901 deflent.

459 955 632 1020 Tum
668 953 764 1020 sic
796 952 1054 1021 amissis
1086 948 1318 1019 infelix
1353 949 1613 1017 viribus
1652 950 1937 1015 Hector:

458 1094 490 1127 α
517 1068 624 1134 En
660 1064 954 1133 concede
985 1086 1168 1131 meos
1205 1060 1465 1130 miseris
1498 1057 1913 1155 genitoribus
1943 1070 2162 1141 artus,

2433 1078 2511 1129 985

460 1175 652 1264 Quos
688 1188 876 1267 pater
914 1172 1140 1242 infelix
1175 1170 1388 1241 multo
1421 1170 1830 1239 mercabitur
1862 1192 2067 1236 auro:

459 1287 658 1354 Dona
697 1283 867 1352 feres
903 1285 1144 1353 victor.
1187 1283 1438 1353 Priami
1475 1306 1658 1349 nunc
1700 1278 1878 1349 filius
1920 1293 2097 1361 orat,

459 1394 554 1461 Te
583 1394 925 1477 Priamus,
961 1392 1098 1461 dux
1128 1391 1240 1461 ille
1269 1391 1555 1477 ducum,
1588 1415 1789 1485 quem
1822 1392 2085 1459 Graecia
2117 1387 2336 1457 solum
2396 1422 2399 1429 ·

461 1504 861 1574 Pertimuit:
899 1504 954 1573 si
991 1529 1114 1572 nec
1143 1503 1490 1599 precibuS‚
1530 1527 1655 1571 nec
1694 1527 1976 1570 munere
2007 1501 2251 1585 victus,

460 1615 602 1684 Nec
636 1612 942 1709 lacrymis
975 1615 1240 1699 miseri,
1275 1638 1401 1682 nec
1437 1611 1617 1682 clara
1648 1627 1845 1706 gente
1886 1612 2202 1695 moveris,
2432 1642 2509 1679 ρῳ

461 1721 736 1792 Adflicti
780 1724 1094 1794 miserere
1131 1724 1340 1818 patris
1376 1750 1392 1793 :
1424 1737 1689 1793 moveat
1726 1736 1841 1791 tua
1877 1721 2110 1793 Peleus

462 1836 738 1902 Pectora
783 1858 906 1927 pro
944 1836 1250 1917 Priame,
1288 1858 1412 1927 pro
1455 1847 1688 1901 nostro
1722 1858 2003 1927 corpore
2040 1834 2406 1927 Pyrrhus».

560 1942 750 2014 Talia
777 1944 1144 2014 Priamides
1165 1998 1184 2029 ‚
1215 1958 1450 2014 contra
1482 1968 1683 2038 quem
1729 1944 1938 2013 durus
1972 1941 2299 2014 Achilles:

463 2084 496 2117 α
523 2054 710 2145 Quid
747 2080 890 2125 mea
923 2055 1338 2151 supplicibus
1376 2070 1593 2123 tentas
1647 2055 1985 2125 inflectere
2022 2056 2218 2124 dictis

461 2166 995 2261 Pectora?quem
1020 2186 1280 2261 possem
1309 2166 1721 2260 discerptum
1760 2191 1947 2235 more
1984 2165 2275 2234 ferarum
2292 2218 2311 2249 ‚

363 2390 496 2442 meis
531 2392 798 2443 veteribus
837 2390 905 2443 H.
947 2390 1017 2443 G.
1063 2410 1112 2458 1,
1149 2394 1210 2444 A.
1238 2403 1291 2443 et
1330 2392 1392 2443 L.

363 2470 590 2523 Aberrat
618 2469 686 2523 G.
723 2492 750 2523 2
767 2512 783 2536 ,
823 2484 875 2523 et
901 2471 1113 2541 Auferre
1152 2473 1396 2522 aux-ilium

364 2548 562 2602 scribit.

438 2627 564 2695 981.
590 2632 767 2681 Premit
792 2635 974 2699 pmcn!
1003 2630 1068 2681 H.
1101 2630 1171 2683 G.
1200 2648 1222 2683 ι
1247 2648 1261 2681 :
1295 2646 1394 2682 tur-

365 2710 528 2759 batum
547 2714 725 2777 procul
744 2708 836 2763 hic
862 2708 994 2763 dicit
1009 2749 1023 2774 ,
1063 2728 1222 2783 quem
1255 2709 1390 2766 alias

362 2791 719 2855 proturbatum.

436 2868 562 2933 982.
591 2872 870 2940 Tmnsfioeit
884 2867 1098 2939 quidem
1124 2888 1308 2923 omnes
1329 2872 1396 2924 li·

367 2945 449 2998 bri
475 2946 581 2999 mei
599 2987 615 3013 ,
647 2946 739 2999 sed
765 2946 951 2999 malim
979 2951 1248 3019 tranfigie.

437 3026 560 3093 984.
593 3030 711 3078 Tum
745 3028 816 3077 εἰσ
848 3026 917 3079 G.
947 3044 968 3079 1
996 3044 1010 3078 :
1046 3029 1393 3081 ceterirmec.

365 3101 492 3157 Post
516 3103 660 3159 hunc
683 3123 896 3157 versum
929 3106 985 3157 in
1011 3104 1081 3157 G.
1106 3125 1135 3159 2
1159 3108 1398 3178 sequitur

365 3183 572 3237 bellum
597 3182 887 3237 emblema:
917 3184 1199 3249 -Achilles,
1219 3186 1263 3238 si
1285 3206 1394 3239 non

363 3261 500 3316 mihi
528 3264 608 3316 vis
635 3262 929 3317 concedere
956 3264 1144 3331 vitam,
1167 3266 1248 3319 En
1270 3286 1397 3321 con-

367 3342 498 3396 cede
516 3381 532 3407 ,
555 3356 660 3397 etc.
683 3369 708 3389 »-

439 3422 564 3494 985.
590 3428 668 3474 En
705 3428 922 3475 concede
956 3444 1124 3477 meos.-
1167 3426 1243 3479 sic
1269 3426 1336 3479 G.
1369 3446 1390 3478 1

368 3514 422 3556 et
466 3523 493 3555 a
533 3523 658 3557 cum
703 3502 830 3557 edd.
877 3510 1024 3557 Nunc
1071 3511 1290 3559 concede
1331 3508 1393 3560 H.

365 3584 656 3637 Dusseniue
683 3584 886 3636 mavult
913 3591 985 3637 Ae
1003 3590 1237 3648 concede,
1257 3598 1309 3639 et
1329 3586 1397 3641 de

367 3682 467 3715 usu
486 3662 648 3734 hujus
665 3663 938 3735 particula
956 3665 1236 3718 Heinsium
1263 3666 1397 3737 egis-

367 3761 423 3795 se
441 3742 515 3795 ait
532 3743 600 3795 ad
619 3744 775 3796 ovid.
799 3743 961 3816 Epist.
977 3746 1084 3797 XII
1102 3784 1118 3808 ,
1143 3764 1165 3797 1
1179 3786 1190 3797 .
1207 3745 1396 3818 Scripti

366 3833 568 3875 veteres
601 3823 914 3897 plerumque
949 3827 1079 3879 tales
1113 3828 1396 3897 particulas

365 3912 614 3955 notarum
641 3903 972 3975 compendiis
991 3906 1279 3960 obscurant
1295 3948 1311 3974 ,
1337 3920 1395 3960 ut

365 4001 486 4035 raro
514 4002 630 4035 vera
657 3985 906 4037 constitui
931 3998 1106 4057 queat.
1142 3988 1256 4058 Ego
1293 3988 1396 4041 hoc

365 4062 486 4116 loco
510 4061 617 4115 fere
647 4064 830 4116 malim
849 4070 956 4117 Heu
979 4072 1194 4119 concede
1207 4106 1222 4129 ,
1248 4068 1394 4139 quod

369 4160 402 4196 a
443 4140 666 4196 librariis
707 4144 820 4197 sine
869 4144 1224 4219 adspiratione
1270 4148 1392 4201 scri-

2430 2184 2507 2232 99⁵·

1484 2401 1638 2461 ptum
1667 2390 1821 2443 facile
1844 2392 2021 2462 potuit
2058 2392 2288 2462 migrare
2324 2390 2381 2442 in
2410 2395 2507 2441 En.

1556 2470 1683 2542 987.
1705 2476 1855 2524 Dona
1880 2472 2031 2539 refers
2056 2469 2122 2522 H.
2130 2472 2275 2541 filius
2308 2490 2395 2521 oro
2428 2468 2514 2521 ba-

1483 2550 1613 2603 bent
1626 2552 1876 2621 vulgatoe3
1898 2551 1989 2605 sed
2016 2550 2183 2604 multo
2200 2547 2388 2601 melius
2407 2559 2511 2602 tres

1485 2630 1665 2701 scripti
1662 2634 1807 2703 filans
1832 2646 1965 2693 orae,
1990 2644 2048 2684 ut
2073 2630 2229 2684 simul
2251 2630 2510 2681 referatur

1485 2708 1555 2761 ad
1584 2710 1854 2781 sequentia
1878 2716 1944 2762 Te
1968 2714 2205 2770 Priamus,
2232 2727 2348 2781 quae
2371 2708 2508 2760 bella

1485 2800 1561 2841 est
1590 2789 1852 2862 gradatim

1555 2869 1681 2940 989.
1710 2874 1817 2921 Nec
1850 2872 2059 2920 vulnere
2098 2870 2215 2919 victi
2236 2867 2304 2919 H.
2326 2864 2470 2937 quod
2493 2906 2508 2930 ,

1483 2946 1529 3000 ei
1552 2947 1619 3001 de
1644 2948 1871 3001 Hectore
1891 2947 2237 3017 intelligatur,
2272 2946 2384 2999 fere
2412 2945 2508 2998 ab·

1487 3044 1678 3078 sonum
1706 3040 1801 3080 est.

1558 3125 1657 3175 991
1671 3147 1682 3159 .
1701 3112 1901 3159 Mos-eae
1915 3120 1961 3157 ee
1980 3110 2150 3174 Pelops
2174 3105 2360 3158 vitiose
2378 3104 2444 3157 G.
2464 3123 2509 3156 2.

1557 3206 1677 3257 99²·
1722 3194 1811 3239 Pro
1856 3201 2024 3238 nostro
2063 3190 2275 3256 pignore
2314 3185 2513 3237 habent

1484 3266 1610 3321 edd.
1647 3267 1742 3321 sed
1772 3268 1939 3321 multo
1978 3268 2165 3319 melius
2200 3280 2367 3318 nostro
2404 3284 2511 3315 cor*-

1473 3368 1601 3417 pore
1620 3347 1687 3399 H.
1706 3347 1775 3400 G.
1798 3366 1847 3412 1,
1887 3365 1913 3398 2
1937 3387 1952 3411 ,
1989 3359 2043 3398 et
2066 3348 2134 3399 L.
2170 3347 2304 3400 Nam
2336 3364 2511 3413 corpus

1485 3445 1587 3498 pro
1614 3428 1725 3479 filio
1756 3446 1956 3500 ponere
1980 3426 2110 3479 solet
2134 3425 2361 3489 Noster3
2399 3425 2508 3478 vid.

1484 3526 1560 3560 vs.
1580 3508 1613 3559 8
1658 3548 1669 3561 .

1558 3526 1679 3655 9995.
1716 3594 1922 3638 Pectora
1938 3596 1965 3636 :²
1997 3607 2137 3653 quem
2158 3606 2369 3655 possem.
2406 3584 2512 3635 Pro

1486 3685 1550 3719 eo
1573 3666 1851 3729 Bormiae,
1875 3684 2068 3719 comm.
2094 3663 2163 3717 ad
2186 3664 2316 3716 Stat.
2343 3674 2377 3715 t.
2402 3664 2513 3727 111,

1485 3766 1602 3818 pag.
1630 3750 1732 3813 94²
1750 3784 1765 3809 ,
1787 3742 2127 3799 scribendum
2155 3745 2225 3797 ait
2256 3762 2397 3811 quem
2417 3763 2510 3810 po-

1484 3846 1654 3887 scam,
1694 3826 1730 3878 i.
1770 3844 1819 3877 e.
1860 3825 2015 3877 velim
2042 3865 2056 3890 ,
2096 3825 2311 3895 optem,
2350 3833 2508 3895 atque

1484 3906 1589 3959 hoc
1613 3905 1782 3958 verbis
1805 3904 2020 3957 Homeri
2045 3921 2339 3979 congruum
2366 3914 2513 3973 putat

1485 3986 1639 4040 Iliad.
1690 3986 1879 4051 XXII,
1918 3984 2037 4047 346.
2084 3982 2166 4035 Ad
2212 3984 2507 4053 exemplum

1484 4065 1691 4139 Tydei,
1730 4076 1889 4135 caput
1928 4076 1979 4115 et
2015 4064 2290 4116 cerebrum
2332 4050 2509 4115 Mena-

1483 4147 1617 4219 lippi
1660 4143 1982 4209 mordentis,
2012 4140 2159 4214 quod
2198 4142 2357 4197 refert
2390 4144 2509 4197 Sta-
