2975 4684
479 377 570 450 7²
897 353 1166 422 TEST.
1220 353 1356 422 DE
1413 355 1716 424 CORN.
1766 355 2201 424 SEVERO.

472 499 552 546 ut
581 503 816 571 poema
834 530 855 563 ,
891 480 1076 572 quod
1114 480 1196 549 de
1230 481 1430 548 AEtna
1447 483 1719 578 Virgilio
1746 481 2167 568 adscribitur,
2192 483 2437 548 Severo
2467 503 2640 546 non-

471 591 649 655 nulli
673 591 894 679 potius
923 591 1302 656 atu-ilunnt.
1343 591 1644 657 Citantur
1680 607 1747 657 et
1778 615 1815 656 a
1848 593 2093 658 Senec-
2129 593 2200 656 in
2228 591 2415 656 libris
2448 591 2635 653 Con·

469 697 934 762 troversiarum
971 695 1192 762 Severi
1233 719 1456 764 versus
1469 745 1488 782 ,
1512 697 1683 762 inter
1708 719 1875 787 quos
1914 719 2027 762 eos
2062 697 2337 788 probat,
2380 695 2635 786 quibus

471 801 564 868 M.
593 802 924 868 Ciceronis
951 824 1182 867 necem
1211 800 1591 891 deploravit.

781 1005 926 1072 VII.
968 1007 1140 1070 Imm
1187 1005 1581 1088 Grumum,
1618 1005 1813 1070 Dru..
1838 1007 2031 1084 VIII,
2074 1031 2129 1072 r.
2158 1003 2309 1086 435.

563 1199 720 1262 Erat
753 1213 821 1261 et
849 1217 1002 1260 cum
1029 1196 1136 1261 his
1170 1193 1531 1285 (Tragicis)
1566 1195 1839 1262 Severus
1858 1247 1876 1274 ‚
1924 1199 2041 1286 qui
2068 1198 2254 1264 Latio
2280 1195 2469 1262 dedit
2494 1217 2641 1260 cnr*-

469 1325 627 1368 men
659 1301 902 1390 regale,
945 1315 1024 1364 nt
1069 1297 1244 1364 idem
1285 1315 1476 1390 poeta
1516 1299 1869 1390 (Ovidius)
1895 1301 2123 1378 scribit
2142 1349 2161 1384 ,
2208 1317 2275 1366 et
2308 1301 2394 1366 ad
2424 1321 2637 1389 quem

469 1422 683 1472 exstat
701 1405 926 1496 Elegia
957 1404 1029 1470 in
1068 1419 1303 1494 quarto
1336 1403 1418 1469 de
1441 1405 1657 1470 Ponto
1676 1453 1696 1487 ,
1732 1405 1917 1487 cujus
1948 1421 2047 1471 est
2086 1407 2351 1472 initium
2378 1429 2399 1472 t
2436 1405 2647 1494 Quod

471 1511 664 1600 legis,
721 1533 762 1574 o
809 1523 991 1574 vaces
1007 1556 1030 1589 ,
1071 1525 1196 1575 etc.
1235 1507 1524 1592 Quidam
1568 1509 1869 1575 eumdem
1915 1534 2067 1576 cum
2114 1513 2339 1576 Cassio
2384 1511 2642 1576 Severo

471 1617 720 1699 fecere,
753 1636 878 1704 ego
909 1613 1080 1680 duos
1115 1615 1337 1702 potins
1373 1627 1630 1678 statuo:
1661 1637 1877 1704 neque
1902 1618 2079 1680 enim
2118 1617 2281 1680 mihi
2316 1613 2501 1681 idem
2534 1615 2641 1679 vi-

475 1721 674 1788 detur
705 1721 795 1803 i's,
837 1719 920 1786 ad
951 1743 1150 1809 quem
1183 1719 1460 1786 Ovidius
1498 1721 1669 1784 hanc
1708 1721 1931 1786 scribit
1974 1722 2277 1814 elegiam,
2318 1737 2384 1786 et
2422 1721 2479 1784 is
2517 1723 2641 1810 qui

475 1825 848 1893 Parmensis
873 1826 1000 1892 fuit
1026 1842 1092 1890 et
1112 1824 1327 1891 dictus
1355 1841 1473 1907 est,
1502 1840 1579 1889 ut
1607 1843 1839 1914 quarto
1865 1851 2166 1892 sermone
2190 1826 2641 1892 ostendimus,

560 2053 744 2118 VIII.
791 2053 961 2117 Gen.
1006 2054 1107 2118 Jo.
1141 2054 1416 2117 Vossms
1438 2099 1458 2134 ,
1503 2073 1589 2116 nn
1619 2051 1816 2116 Pon-r.
1857 2053 2013 2116 [ΛΤ.
2043 2075 2179 2117 cu».
2208 2075 2303 2136 u,
2338 2074 2398 2117 r.
2429 2049 2545 2116 33.

561 2245 844 2333 Augusti
885 2244 1045 2308 item
1080 2245 1488 2334 temporibus
1532 2245 1657 2310 fuit
1692 2249 2032 2313 Cornelius
2069 2247 2351 2313 Severus
2374 2298 2395 2330 ,
2436 2249 2643 2330 cujus

472 2363 681 2416 exstat
710 2370 974 2412 carmen
1009 2346 1094 2412 de
1129 2347 1365 2432 AEtna,
1412 2372 1747 2438 perperam
1785 2351 1942 2415 olim
1972 2351 2245 2444 Virgilio
2274 2353 2641 2420 tributum.

473 2451 680 2544 Apud
721 2452 815 2516 M.
857 2452 1169 2516 Senecam
1214 2452 1282 2516 in
1321 2451 1618 2518 Suasoria
1646 2455 1733 2521 VI
1762 2459 1955 2521 etiam
1992 2459 2131 2538 ejus
2165 2457 2248 2523 de
2286 2459 2643 2524 Ciceronis

473 2579 638 2652 nece
673 2577 899 2620 versus
933 2539 1288 2637 habemus}
1317 2557 1515 2622 credo
1548 2581 1626 2622 ex
1662 2559 1799 2638 ejus
1825 2584 2021 2648 opere
2054 2561 2135 2628 de
2161 2563 2336 2629 bello
2369 2565 2641 2644 Sicu10‚

475 2659 660 2750 quod
700 2661 1030 2750 scripsisse
1063 2663 1244 2726 testis
1267 2661 1513 2761 ⁸Fabius
1552 2663 1619 2728 in
1664 2663 1757 2748 X,
1796 2689 1931 2756 cap.
1972 2691 2028 2752 1,
2068 2669 2173 2756 89.

773 2867 891 2933 IX.
938 2869 1112 2933 Imm
1158 2892 1244 2932 nn
1287 2857 1470 2934 H1sr.
1520 2871 1675 2936 Lu,
1724 2895 1849 2938 un.
1896 2875 1969 2957 Ι,
2017 2901 2153 2942 cn».
2192 2901 2327 2944 xx1.

559 3059 774 3122 Etiam
800 3059 1117 3148 poematis
1133 3106 1152 3139 ‚
1179 3057 1361 3146 quod
1385 3057 1587 3122 AEtna
1620 3059 2025 3144 inscribitur,
2062 3067 2361 3153 falsoque
2383 3067 2642 3132 adscri-

464 3163 650 3229 bitur
670 3161 966 3237 Maroni,
988 3161 1262 3225 Severus
1285 3163 1398 3224 hic
1417 3177 1647 3226 auctor
1668 3181 1765 3228 est
1781 3213 1798 3244 ‚
1823 3181 1897 3229 ut
1916 3169 2245 3258 colligitur
2266 3193 2305 3234 e
2327 3173 2403 3238 L.
2428 3173 2643 3238 Sene-

470 3291 565 3333 cae
603 3268 788 3356 epist.
814 3265 1112 3329 LXXIX.
1136 3270 1219 3329 At
1257 3287 1393 3330 non
1433 3289 1616 3354 aeque
1650 3287 1979 3354 apertum,
2014 3274 2278 3342 idemne
2322 3301 2410 3342 an
2458 3281 2637 3344 alius

466 3374 764 3462 signetur
792 3371 873 3436 ab
903 3369 1176 3452 ovidio,
1203 3369 1314 3434 lib.
1345 3371 1438 3436 IV
1462 3369 1545 3434 de
1570 3373 1757 3437 Pont.
1783 3375 1941 3465 eleg.
1979 3380 2097 3443 ult.
2138 3382 2255 3446 ubi
2296 3385 2403 3447 sui
2452 3401 2638 3450 tem-

461 3479 642 3567 poris
687 3493 912 3564 poetas
961 3497 1337 3556 recensenS,
1385 3477 1557 3539 inter
1604 3477 1725 3541 alia
1766 3480 1853 3543 ait
1878 3503 1893 3544 z
1936 3483 2183 3573 Quique
2216 3489 2399 3553 dedit
2426 3491 2631 3556 Latio

463 3604 724 3648 carmen
755 3580 967 3671 regale
995 3579 1266 3645 Severus.

1035 3908 1085 3917 .-
