2975 4684
547 351 686 450 578

1393 355 1811 424 INCERTI

639 479 1101 561 obtruncant,
1129 477 1553 572 spoliantque
1588 479 1799 563 viros,
1839 477 2149 572 fusosque
2186 503 2304 572 per
2334 480 2612 548 herbam

635 589 1039 656 Exanimant
1077 589 1335 656 socios:
1379 603 1511 657 tam
1550 589 1724 658 tristi
1762 587 1941 658 caede
1980 605 2242 682 peracta

637 697 868 766 Praeda
906 697 1222 768 humeros
1257 713 1571 784 onerant,
1610 696 1827 767 multo
1870 698 2159 768 candore
2194 703 2484 770 nitentes
2602 725 2681 774 πε»

645 805 890 904 [Rhesi
929 808 1326 904 ventigenas
1362 831 1586 876 secum
1630 806 1963 876 adduxere
1995 805 2282 904 jugales]

636 917 914 987 Thracis
947 941 1152 1012 equos
1192 917 1497 1012 rapiunt,
1539 943 1709 1011 quos
1747 942 1869 986 nec
1910 917 2311 1012 praecederet
2348 924 2599 1006 Eurus,

634 1031 778 1101 Nec
813 1044 1036 1120 posset
1075 1025 1332 1097 volucri
1371 1053 1571 1097 cursu
1618 1052 1931 1122 superare
1976 1029 2235 1121 sagitta.

727 1139 894 1209 Inde
931 1141 1172 1206 iterum
1209 1136 1557 1232 Argolicas
1594 1139 1825 1232 primae
1862 1138 1986 1208 sub
2026 1153 2329 1230 tempore
2368 1137 2531 1206 lucis

631 1248 737 1321 Ad
773 1247 1011 1318 classes
1047 1247 1355 1336 redeunt,
1395 1273 1567 1342 quos
1598 1251 1903 1320 Nestoris
1938 1249 2178 1342 accipit
2220 1263 2408 1332 aetas,
2600 1275 2681 1323 :⁴0

534 1449 640 1503 que
659 1430 898 1484 Invisum
917 1429 1020 1482 hoc
1039 1427 1262 1482 detrude
1280 1439 1442 1501 caput
1459 1430 1559 1481 sub

534 1511 756 1564 Tartara
793 1507 899 1561 telo
933 1533 974 1562 -.
993 1509 1095 1562 En.
1131 1539 1202 1550 —
1227 1509 1328 1561 Pro
1349 1511 1553 1578 juveni,

1650 1429 1877 1481 formam
1912 1428 2060 1481 illam
2092 1433 2303 1481 Thraces
2342 1428 2399 1481 in
2444 1429 2675 1482 aliorum

1646 1519 1924 1578 poetarum
1954 1506 2227 1560 codicibus
2258 1509 2449 1580 saepius
2483 1527 2679 1561 occur-

533 1589 678 1664 quod
707 1589 762 1642 in
794 1587 864 1640 Η.
895 1599 949 1640 et
980 1589 1043 1640 Τ.
1068 1599 1176 1654 est,
1215 1587 1280 1641 G.
1323 1605 1373 1652 1,
1399 1589 1462 1642 A.
1510 1600 1561 1640 et
1648 1605 1793 1649 rere,
1818 1585 1960 1638 testis
1988 1597 2064 1638 est
2090 1585 2330 1640 Heinsius
2354 1586 2424 1639 ad
2452 1588 2552 1640 loc.
2581 1589 2673 1640 cit.

531 1671 594 1724 L.
608 1670 1019 1738 habeutjuvem's,
1039 1666 1184 1742 quod
1201 1667 1395 1721 rectius
1409 1679 1558 1740 puto.

605 1751 725 1822 733.
754 1755 847 1800 Per
873 1752 1048 1802 herbas
1074 1747 1143 1802 G.
1189 1767 1236 1800 s.

605 1832 729 1902 734.
749 1829 1085 1889 Exanimem,
1106 1846 1206 1898 pro
1223 1825 1438 1880 caedunt
1459 1827 1559 1879 fer·

531 1930 594 1964 ro
615 1922 665 1962 et
684 1905 1007 1972 interficiunt
1024 1944 1041 1970 ,
1061 1905 1235 1959 activa
1257 1905 1426 1959 forma
1443 1944 1460 1968 ,
1479 1923 1556 1960 ra-

530 1992 642 2044 rius
667 2001 800 2062 puto
828 1985 971 2058 apud
1000 1985 1244 2039 meliores
1275 1987 1556 2058 scriptores

532 2067 997 2124 inveniri—Tunc
1025 2068 1152 2116 visti
1176 2066 1432 2138 vulgatae:
1458 2084 1557 2136 ego

533 2148 697 2202 malui
720 2162 845 2206 tum,
869 2143 1018 2218 quod
1041 2157 1119 2197 est
1145 2144 1201 2196 in
1226 2144 1294 2198 G.
1324 2163 1374 2196 π.

604 2225 724 2297 735.
769 2228 993 2278 Candore
1035 2227 1261 2275 nitentes.
1310 2223 1557 2276 Similiter

531 2304 684 2378 Virg.
712 2307 832 2356 AEn.
863 2301 994 2368 XII,
1017 2301 1119 2366 84:
1145 2301 1288 2368 «Qui
1325 2299 1556 2355 candore

535 2383 683 2438 nives
708 2381 970 2435 anteirent
990 2421 1004 2446 ‚
1027 2380 1267 2434 cursibus
1287 2399 1442 2433 auras
1462 2405 1503 2432 ι.

607 2463 730 2532 736.
751 2463 899 2517 Rhesi
913 2463 1233 2528 ventigenas.
1254 2459 1354 2514 Hic
1373 2478 1557 2513 versus

534 2541 808 2594 manifeste
831 2537 1109 2602 insititius,
1129 2539 1248 2610 quia
1282 2552 1333 2591 et
1368 2539 1553 2592 seriem

535 2621 818 2676 verborum
835 2629 888 2670 et
903 2618 1347 2671 constructionem
1361 2619 1556 2684 turbat,

536 2713 587 2754 et
606 2695 872 2772 superflua
890 2694 1041 2750 dicit.
1063 2697 1129 2750 In
1148 2698 1256 2750 sola
1276 2695 1403 2750 edit.
1423 2697 1551 2750 Tor.

536 2795 587 2834 et
622 2777 818 2854 Spond.
848 2777 1061 2848 legitur;
1085 2776 1140 2830 in
1171 2777 1384 2848 scriptis
1424 2777 1554 2830 meis

534 2861 815 2924 omnibus,
842 2857 972 2929 quin
1015 2870 1066 2909 et
1108 2857 1165 2910 in
1206 2856 1422 2928 antiqua
1464 2855 1551 2908 ed.

535 2941 676 3012 Lips.
715 2938 944 2991 omissus
982 2949 1060 2990 est
1083 2955 1097 2989 ε
1127 2953 1226 2988 nec
1270 2935 1326 2988 in
1368 2934 1551 2988 codice

533 3018 687 3074 Leid.
724 3028 930 3072 exstare
962 3027 1178 3069 testatur
1207 3015 1277 3068 cl.
1319 3013 1552 3086 Dorpius

537 3100 576 3151 l.
599 3118 642 3150 c.
669 3118 721 3170 p.
749 3103 864 3160 124.

609 3179 731 3246 737.
767 3180 976 3228 Thraces
1012 3195 1163 3243 equos
1206 3171 1402 3226 habent
1439 3173 1553 3225 vul-

539 3269 683 3330 gatte.
709 3259 906 3306 Thracis
930 3255 1096 3306 voluit
1115 3252 1464 3306 Valkenarius
1498 3253 1553 3304 in

538 3336 704 3390 Diatr.
735 3335 790 3386 in
821 3333 1000 3404 Eurip.
1021 3331 1167 3404 perd.
1206 3329 1375 3384 dram.
1403 3331 1552 3404 reliq.

539 3435 594 3488 p.
620 3433 716 3484 '70¹
736 3412 958 3479 ,citante
978 3411 1174 3482 Dorpio
1197 3411 1233 3464 l.
1261 3430 1306 3463 c.
1330 3412 1423 3482 qui
1443 3411 1554 3482 ipse

539 3507 710 3546 tamen
749 3495 967 3544 Thracas
1014 3509 1162 3558 equos
1211 3489 1410 3542 mavult
1430 3531 1445 3554 ,
1489 3509 1553 3542 ex

537 3573 644 3626 hoc
674 3570 852 3624 Ovidii
879 3570 1006 3622 Met.
1029 3569 1106 3620 lx
1123 3606 1137 3630 ,
1170 3575 1266 3638 194
1290 3587 1302 3619 :
1326 3595 1349 3613 n
1375 3565 1556 3634 Quid?

539 3672 704 3726 quum
723 3651 959 3704 Thracas
983 3667 1145 3720 equos
1167 3647 1404 3702 humano
1430 3667 1551 3701 san-

537 3733 698 3806 guine
735 3730 984 3802 pingues,
1012 3727 1280 3799 Plenaque
1317 3728 1552 3797 corpori-

535 3813 636 3864 bus
662 3810 848 3864 laceris
879 3807 1134 3881 praesepia
1161 3805 1268 3860 vidi
1289 3833 1329 3859 a.
1361 3807 1553 3862 Dusse-

537 3892 686 3952 nius,
707 3909 759 3964 p.
791 3890 880 3959 37,
904 3887 1094 3940 dubius
1122 3900 1199 3940 est
1217 3925 1232 3950 ,
1259 3890 1454 3938 Thracis
1485 3907 1553 3939 an

543 3975 759 4022 Thracas
772 3965 1037 4020 emendari
1055 3966 1256 4020 debeat.
1274 3967 1386 4038 Ego
1405 3971 1555 4018 Thra-

539 4053 607 4100 cis
651 4045 851 4118 praetuli
867 4086 882 4108 ‚
907 4047 1034 4117 quia
1077 4047 1151 4100 sic
1199 4047 1451 4116 scriptum
1498 4045 1553 4098 in

537 4125 718 4177 codice
729 4123 828 4174 G.1
855 4141 978 4174 sane
999 4123 1198 4192 optimo
1214 4121 1388 4175 video.
1413 4123 1553 4176 Alias

1645 1663 1842 1718 Ovidii.
1895 1664 2121 1728 Statius,
2160 1665 2324 1718 Theb.
2364 1665 2480 1731 Vt,
2530 1669 2672 1729 486:

1645 1769 1669 1789 α
1688 1743 1781 1796 sed
1800 1743 2035 1797 Thraces
2064 1745 2188 1816 equi
2210 1755 2270 1796 ut
2290 1743 2470 1798 videre
2482 1748 2671 1817 jacen-

1642 1835 1751 1875 tem
1796 1821 2228 1896 Hippodamum;
2266 1823 2405 1878 redit
2449 1827 2541 1877 illa
2590 1827 2675 1876 fa-

1644 1921 1754 1956 mes
1778 1909 2039 1972 ·.—-Quos
2073 1923 2164 1954 nec
2178 1907 2463 1972 praecedere
2488 1919 2673 1956 ventus

1642 1993 1787 2034 tenet
1810 1980 1893 2034 ed.
1918 1981 2045 2034 Tor.
2076 1993 2127 2033 et
2153 1981 2242 2053 Sp.
2268 1981 2499 2054 Dor-pius
2520 2001 2676 2055 aeque

1644 2079 1707 2114 uc
1754 2065 2044 2116 Dussenius
2088 2061 2365 2134 corrigunt
2407 2083 2531 2130 quos
2580 2084 2676 2114 nec

1608 2142 1613 2150 '
1634 2144 1946 2209 pra-cederet
1960 2145 2118 2192 Eurus
2138 2178 2153 2203 ,
2172 2142 2297 2212 quia
2312 2154 2481 2214 poetae
2502 2143 2679 2194 solent

1645 2238 1862 2272 cursum
1888 2220 2119 2273 velocem
2150 2237 2271 2271 cum
2300 2223 2459 2273 Euro
2504 2219 2677 2292 inpri-

1644 2301 1743 2352 mis
1757 2317 2082 2372 comparare.
2096 2299 2373 2370 vid.Virg.
2384 2301 2645 2353 AEn.v111
2660 2342 2679 2365 ‚

1650 2379 1775 2445 223,
1796 2391 1846 2430 et
1883 2379 2068 2432 Horat.
2112 2379 2287 2432 Curru.
2320 2380 2407 2444 ΙΙ,
2438 2385 2499 2432 1ss
2520 2421 2535 2445 ,
2566 2389 2629 2443 πή
2654 2402 2675 2443 3

1645 2470 1697 2510 et
1718 2457 1862 2510 docti
1886 2459 1984 2511 viri
2001 2458 2141 2532 apud
2160 2458 2314 2532 Vix-g.
2341 2460 2395 2524 1,
2418 2459 2541 2528 317,
2572 2479 2676 2532 pro

1644 2541 1801 2589 Hebro
1842 2557 2043 2610 ponere
2080 2544 2263 2590 Eurum
2301 2539 2503 2591 volunt.
2554 2533 2675 2592 Hoc

1642 2615 1761 2670 loco
1775 2637 1842 2671 ne
1857 2621 2159 2692 conjectura
2180 2619 2395 2692 quidem
2410 2637 2545 2690 opus
2568 2635 2643 2672 est
2656 2661 2675 2682 ,

1642 2714 1807 2767 quum
1845 2716 2029 2750 omnes
2064 2698 2247 2770 scripti
2286 2699 2417 2764 mei,
2450 2711 2501 2751 et
2542 2719 2669 2752 cum

1644 2773 1727 2828 his
1756 2789 1899 2828 vetus
1935 2774 2022 2828 ed.
2062 2777 2208 2848 Lips.
2242 2799 2333 2828 nec
2366 2783 2677 2846 μνασθεῖσα

1645 2857 1803 2905 Eurus
1839 2867 2084 2920 teneant,
2106 2855 2352 2928 idemque
2386 2857 2441 2908 in
2480 2857 2674 2910 codice

1644 2935 1794 2989 Leid.
1826 2953 1935 2988 esse
1961 2937 2189 3008 Dor-pius
2216 2947 2451 2988 testetur.

1713 3016 1831 3086 738.
1858 3021 1971 3066 Non
1984 3032 2158 3084 posset
2174 3019 2394 3068 volucris
2415 3017 2481 3069 G.
2512 3035 2561 3066 α.
2588 3014 2673 3070 Si-

1639 3095 2343 3167 militerVirgilius,AEn.V,
2372 3089 2502 3158 245:
2532 3121 2559 3140 u
2578 3097 2669 3151 ina

1639 3175 1777 3227 Noto
1822 3175 1975 3227 citius
2006 3173 2314 3246 volucrique
2359 3177 2546 3246 sagitta
2585 3175 2673 3227 Ad

1642 3265 1835 3306 terram
1871 3253 2007 3325 fugit
2026 3280 2069 3306 -.

1714 3335 1837 3404 739.
1856 3339 1981 3388 ,Tum
2006 3337 2208 3404 quidam
2229 3337 2498 3402 Argolicas
2522 3335 2591 3386 G.
2620 3355 2671 3386 ι.

1713 3421 1831 3482 740.
1853 3416 2069 3465 Nestoris
2088 3415 2267 3482 accipit
2280 3427 2421 3476 (τίω,
2440 3411 2543 3464 hoc
2562 3425 2639 3465 est
2654 3453 2671 3472 .

1642 3491 1829 3545 Nestor
1856 3511 2013 3545 senex
2040 3492 2359 3564 primus-eos
2389 3491 2544 3543 sentit
2568 3489 2669 3544 ad-

1642 3573 1827 3624 venire
1846 3609 1861 3634 ,
1891 3581 1943 3624 et
1970 3571 2119 3624 laetus
2158 3567 2352 3642 accipit
2370 3608 2386 3629 ‚
2415 3569 2567 3642 quod
2604 3591 2667 3624 ex

1642 3649 1875 3704 Homero
1894 3689 1909 3712 ,
1940 3651 1989 3703 X
2009 3688 2023 3714 ,
2058 3651 2155 3702 532
2174 3691 2189 3715 ,
2216 3649 2438 3720 intelligi
2474 3661 2664 3722 potest.

1642 3729 1758 3782 Alio
1778 3731 1897 3782 loco
1916 3771 1930 3796 ,
1951 3749 1996 3783 v.
2020 3731 2111 3783 131
2124 3771 2138 3795 ,
2155 3730 2323 3782 utitur
2342 3727 2532 3780 Noster
2550 3729 2667 3782 abs-

1642 3820 1807 3862 tracto
1846 3812 2113 3876 prudentia
2159 3809 2403 3867 Nestoris,
2452 3806 2549 3859 ubi
2596 3807 2663 3859 de

1642 3885 1862 3941 consilio
1900 3885 2078 3940 dando
2113 3904 2286 3939 sermo
2326 3897 2431 3948 est;
2456 3885 2546 3940 hic
2568 3905 2661 3939 vo·

1642 3965 1831 4020 cabulo
1876 3981 2001 4017 oetas
2048 3969 2265 4018 Nestoris
2282 4004 2297 4026 ,
2338 3975 2657 4018 senectutem

1642 4057 1845 4099 tantum
1888 4045 2174 4116 respiciens
2195 4083 2211 4110 ,
2250 4043 2371 4116 quia
2400 4063 2549 4097 senes
2582 4043 2661 4096 in·

1642 4125 1824 4194 primis
1864 4125 2117 4194 juvenum
2168 4126 2388 4178 virtutes
2432 4137 2485 4176 et
2530 4125 2659 4176 bene
