2975 4684
532 363 622 434 50
841 363 1334 432 PETRONII
1384 364 1860 434 CARMINA
1908 367 2344 435 MINORA.

524 495 716 560 titulo
732 541 753 578 ‚
776 492 1017 558 Lucani
1052 492 1422 556 Catalecton
1458 490 1542 556 de
1574 491 1764 557 laude
1788 493 2168 581 Calphurnii
2208 496 2496 580 Pisonis,
2529 495 2655 560 Pa-

524 601 691 666 risiis
725 599 890 686 1590
910 646 929 680 ‚
982 599 1201 682 in-12,
1242 597 1417 686 apud
1452 597 1722 664 Gillium
1745 648 1766 681 ,
1809 615 2210 665 memoratur
2243 602 2312 665 in
2345 603 2657 692 Catalogo

522 705 831 772 Biblioth.
846 704 1207 786 Thuaneae,
1232 703 1430 768 PariS.
1461 705 1626 798 ¹679
1651 755 1666 782 ‚
1690 705 1834 769 in-8
1853 753 1870 786 ,
1895 721 2075 793 parte
2099 707 2164 771 II
2188 755 2206 788 ,
2238 731 2302 796 p.
2328 729 2474 794 279.
2503 709 2659 772 Edi-

520 813 777 876 tionum
802 810 1097 874 omnium
1127 811 1355 873 seriem
1385 825 1451 873 et
1480 809 1914 875 diversitatem
1945 811 2426 876 considerantes
2451 815 2655 879 intel-

517 919 775 1008 ligimus
794 963 812 999 ,
860 915 1019 981 duas
1064 916 1342 980 maxime
1388 917 1690 981 carminis
1733 917 1818 982 ad
1853 918 2154 982 Pisonem
2193 921 2604 985 recensiones
2631 969 2651 1002 ,

518 1041 893 1088 caeterarum
917 1021 1237 1110 principes
1255 1069 1274 1102 ,
1315 1021 1511 1085 factas
1543 1044 1701 1087 esse.
1732 1021 1948 1087 Prima
1979 1023 2106 1086 fuit
2133 1023 2352 1088 Jacobi
2373 1025 2618 1112 Micyui
2636 1073 2654 1107 ,

519 1130 633 1218 qui
656 1127 819 1193 illud
852 1149 1110 1192 cannen
1143 1125 1357 1191 Ovidii
1382 1127 1693 1215 operibus
1713 1127 2092 1208 adjunctum
2119 1130 2306 1194 Basil.
2339 1130 2507 1216 1549
2526 1131 2659 1220 pri-

519 1257 705 1300 mum
738 1232 978 1314 edidit,
1010 1232 1190 1301 haud
1224 1231 1423 1297 dubie
1448 1255 1527 1298 ex
1559 1232 1782 1300 codice
1824 1235 2067 1323 scripto
2101 1249 2216 1298 aut
2251 1257 2490 1300 excuso
2535 1260 2655 1301 an-

520 1341 820 1428 tiquiore,
844 1339 957 1426 qui
982 1337 1145 1402 illud
1174 1338 1347 1404 inter
1370 1355 1600 1404 caetera
1628 1338 1864 1403 Ovidio
1889 1340 2220 1428 supposita
2249 1341 2650 1407 continebat.

519 1447 673 1512 Haec
690 1467 824 1510 non
846 1467 1077 1532 parum
1095 1443 1411 1509 mendosa
1432 1461 1500 1508 et
1517 1444 1890 1533 perturbata
1915 1446 2070 1528 fuit,
2104 1445 2426 1534 siquidem
2455 1447 2653 1512 Hadr.

519 1552 785 1632 Iunius»,
814 1549 1280 1630 Animadv.VI,
1327 1574 1383 1631 1,
1418 1551 1878 1638 conqueritur,
1911 1551 2114 1615 multa
2147 1553 2315 1616 illius
2351 1554 2654 1619 carminis

520 1659 587 1721 in
614 1657 884 1746 vulgatis
912 1655 1245 1720 codicibus
1266 1677 1618 1744 'perperam
1651 1657 2041 1743 transposita
2065 1679 2202 1722 esse
2223 1705 2242 1737 ,
2277 1673 2344 1721 et
2370 1658 2656 1748 Scaliger

516 1765 587 1828 in
621 1779 758 1828 not.
796 1762 880 1826 ad
910 1784 1073 1826 vers.
1106 1765 1226 1846 49,
1260 1784 1401 1850 pag.
1436 1760 1596 1843 280,
1631 1761 1966 1843 observat,
2001 1760 2114 1826 diu
2147 1761 2344 1826 finem
2381 1766 2657 1829 carmini

516 1869 828 1951 abfuisse,
874 1890 1071 1956 quem
1118 1867 1255 1955 ipse
1292 1865 1558 1931 tandem
1599 1867 1666 1929 in
1715 1866 1938 1931 codice
1971 1889 2092 1931 suo
2137 1871 2470 1957 repererit.
2511 1872 2658 1934 Hoc

516 1997 670 2040 vero
696 1975 929 2040 vitium
964 1973 1365 2062 praecipuum
1392 1971 1461 2035 in
1489 1972 1730 2062 Micylli
1765 1971 2049 2037 editione
2073 2021 2092 2054 ,
2124 1975 2394 2062 ejusque
2421 1998 2656 2063 sequa-

517 2082 735 2162 cibus,
770 2095 943 2159 erat‚
978 2077 1161 2166 quod
1192 2093 1475 2140 extrema
1513 2077 1818 2142 carminis
1853 2100 2002 2166 pars
2038 2076 2192 2142 inde
2229 2102 2265 2142 a
2303 2102 2492 2144 versu
2527 2079 2658 2145 250

522 2186 785 2273 Quodsi
796 2200 931 2249 tam.
949 2181 1195 2246 valida>
1208 2183 1618 2269 transposita,
1639 2183 1790 2246 etin
1811 2181 2100 2247 medium
2117 2184 2419 2250 carminis
2436 2185 2656 2252 locum

518 2308 667 2380 post
702 2311 959 2354 versum
997 2311 1072 2376 71
1112 2289 1464 2352 Caesareum
1497 2301 1687 2375 grato
1726 2288 1958 2368 rejecta
1977 2337 1996 2371 ‚
2032 2289 2368 2378 legebatur
2387 2339 2406 2370 ,
2463 2293 2548 2356 ita
2581 2309 2658 2358 ut

520 2417 778 2462 carmen
809 2394 1132 2459 desineret
1160 2394 1231 2456 in
1271 2415 1462 2456 versu
1501 2395 1662 2479 249:
1697 2397 2003 2481 Coeperat,
2033 2409 2098 2458 et
2123 2395 2423 2461 nondum.
2457 2398 2657 2480 Quod

520 2501 747 2566 videns
768 2501 1049 2588 Scaliger
1064 2547 1082 2579 ,
1122 2519 1243 2562 nec
1260 2496 1688 2585 transpositos
1717 2521 1857 2564 esse
1875 2521 2099 2564 versus
2123 2501 2272 2564 satis
2297 2502 2660 2586 advertenS,

520 2607 721 2673 finem
757 2605 979 2670 deesse
1022 2603 1290 2667 carmini
1332 2604 1735 2670 existimabat
1767 2602 1880 2691 (1).
1926 2605 2144 2670 Altera
2183 2629 2386 2694 eaque
2429 2609 2664 2674 melior

592 2877 671 2947 (1)
698 2875 831 2940 Quae
860 2871 961 2925 hac
987 2871 1180 2944 pagina
1208 2869 1277 2922 de
1306 2869 1522 2923 turbato
1553 2869 1744 2924 ordine
1773 2889 2024 2923 versuum
2050 2871 2107 2922 in
2136 2871 2374 2948 carmine
2393 2873 2548 2928 Saleii
2567 2893 2663 2928 an·

519 2965 793 3038 tiquarum
816 2959 1109 3015 editionum
1126 2997 1143 3022 ‚
1165 2977 1335 3031 eoque
1361 2977 1455 3028 per
1485 2957 1653 3010 Hadr.
1683 2959 1902 3010 Junium
1936 2972 1988 3013 et
2017 2959 2125 3012 Jos.
2159 2960 2479 3033 scaligerum
2505 2963 2662 3017 aliter

521 3051 807 3123 disposito,
832 3048 1049 3120 scripsi3
1074 3065 1137 3100 ea
1162 3045 1409 3117 deinceps
1429 3045 1580 3099 aliter
1601 3044 1934 3098 considerare
1961 3058 2013 3100 et
2033 3045 2273 3118 judicare
2293 3051 2454 3121 coepi,
2477 3051 2660 3122 plane·

521 3157 625 3209 que
649 3135 928 3209 perspexi,
962 3133 1239 3190 meliorem
1278 3132 1502 3186 omnino
1536 3131 1782 3186 ordinem
1809 3151 1953 3198 esse,
1995 3152 2155 3205 quem
2190 3134 2436 3208 Micyllus
2465 3137 2660 3210 aliique

520 3226 842 3298 antiquiores
861 3223 1089 3276 editores
1106 3222 1475 3284 observarunt,
1493 3239 1665 3293 neque
1686 3220 1916 3274 adsensu
1942 3220 2155 3292 dignam
2174 3240 2287 3278 esse
2311 3227 2662 3281 mutationem

524 3333 553 3367 a
589 3311 748 3365 sunio
790 3311 1003 3364 factam.
1042 3311 1178 3362 Nam
1206 3309 1444 3381 profecto
1470 3327 1652 3361 versus
1684 3305 1785 3361 250
1823 3327 1948 3360 cum
1986 3328 2129 3381 seqq.
2157 3309 2225 3362 ad
2263 3311 2424 3365 finem
2451 3333 2658 3386 usque,

522 3401 689 3454 multo
714 3399 909 3452 rectius
937 3408 988 3451 et
1023 3398 1194 3468 aptius
1220 3397 1470 3468 leguntur
1504 3407 1626 3468 post
1653 3415 1863 3448 versum
1895 3415 1956 3466 71
1987 3435 2002 3460 ,
2046 3401 2317 3450 Coesareum
2339 3417 2518 3469 grato,
2559 3417 2658 3457 etc.

520 3488 668 3562 quod
694 3490 751 3541 in
777 3486 889 3540 istis
916 3485 1117 3539 Saleius
1146 3483 1213 3536 de
1241 3484 1548 3556 eloquentia
1573 3483 1784 3537 Pisonis
1811 3485 1982 3556 pergit
2007 3483 2182 3538 dicere
2199 3524 2214 3550 ,
2253 3497 2304 3539 et
2330 3488 2398 3542 ad
2423 3491 2663 3563 privatas

518 3577 939 3648 domesticaque
966 3577 1079 3647 ejus
1103 3571 1504 3626 exercitationes
1535 3571 1723 3625 transit
1740 3608 1756 3634 ,
1801 3591 1920 3642 quae
1945 3583 2067 3644 post
2095 3591 2304 3627 versum
2331 3595 2395 3646 7²
2433 3579 2664 3651 amplius

519 3675 877 3740 exponuntur.
901 3664 968 3716 Et
995 3661 1273 3716 manifesta
1298 3673 1378 3714 ent
1409 3661 1671 3715 connexio
1697 3660 1915 3714 extremi
1941 3680 2126 3715 versus
2147 3680 2162 3714 τ
2189 3669 2343 3731 plura
2371 3685 2657 3735 supersunt,

526 3760 647 3822 Quae
670 3757 881 3806 laudare
905 3755 1030 3804 velis·
1052 3755 1247 3803 inventa
1254 3753 1519 3818 penatibus
1541 3753 1680 3816 ipsis,
1701 3761 1956 3804 eteorum
1976 3787 1992 3814 ,
2011 3769 2129 3822 quoe
2155 3771 2312 3806 versu
2333 3773 2400 3824 7²
2425 3759 2660 3828 s'equun-

522 3855 649 3895 tur:
683 3847 792 3892 Huc
816 3843 967 3892 etiam
994 3841 1215 3910 (nempe
1249 3839 1307 3890 in
1344 3850 1560 3910 penates
1591 3841 1742 3908 tuos)
1779 3853 1884 3889 eota
1912 3843 2158 3892 concurrit
2183 3845 2249 3892 ab
2279 3847 2404 3893 Urbe
2414 3847 2660 3912 juvencus.

521 3931 637 3982 Hoc
666 3927 883 4001 quidem
912 3927 1099 3981 ordine
1127 3945 1375 3980 versuum
1408 3928 1546 3979 facto
1571 3945 1784 3979 carmen
1812 3926 2000 3980 desinit
2032 3929 2086 3980 in
2128 3949 2284 3983 versu
2319 3937 2418 3999 249
2438 3971 2453 3995 ,
2499 3936 2662 4000 θωμο-

522 4021 615 4076 νὶε,
640 4032 691 4068 ec
708 4020 925 4068 nondum
946 4019 1185 4068 vicesima
1204 4017 1399 4066 venerit
1415 4029 1584 4076 testas,
1608 4014 1664 4067 in
1687 4034 1795 4086 quo
1819 4034 1930 4068 non
1959 4016 2084 4069 satis
2122 4036 2382 4089 apparere
2407 4019 2661 4073 decursus

524 4117 577 4158 et
601 4104 995 4159 finis-carminis
1018 4103 1245 4166 videtur,
1277 4102 1419 4156 unde
1448 4103 1678 4174 Scaliger
1707 4117 1758 4156 et
1781 4103 1870 4157 alii
1895 4105 2146 4176 suspicati
2171 4117 2296 4159 sunt
2312 4107 2518 4171 ,finem
2545 4127 2662 4162 car·
