2975 4684
445 345 830 439 QUIBUS
879 343 1178 418 AETNA
1228 301 1659 446 CARMEN
1706 337 2273 424 TRIBUTUM.
2346 345 2428 448 17

299 478 470 553 inde¹
485 499 524 541 a
554 474 824 541 Claudio
869 475 940 538 in
985 475 1433 541 naumachiam
1484 477 1883 542 translatum.
1926 479 2195 545 Fallitur
2240 483 2434 548 etiam

297 584 454 649 Adr.
488 581 874 664 Turnebus,
903 581 1018 670 qui
1057 579 1326 647 Advers.
1367 583 1477 648 lib.
1528 584 1593 646 II
1610 630 1629 664 ,
1676 606 1817 672 cap.
1850 605 1925 648 21
1956 633 1975 665 ,
2009 583 2191 652 hunc
2220 587 2437 654 AEtnae

301 689 524 754 locum
560 687 643 752 de
673 687 943 752 Tritone
975 687 1356 775 simpliciter
1393 703 1726 777 tamquam
1762 689 1845 753 de
1880 689 2151 756 Tritone
2188 695 2440 759 marin‘o

301 797 577 885 accepit,
603 795 750 860 loco
775 795 923 883 ipso
945 817 1086 858 non
1109 810 1352 860 attente
1370 796 1561 861 lecto·
1583 796 1831 861 Verum
1852 797 2220 862 machinam
2241 800 2443 867 fuisse

303 925 530 968 recens
569 889 901 966 inventam
918 949 938 984 ,
990 901 1284 989 quamvis
1327 923 1406 966 ex
1435 901 1801 968 rationibus
1846 903 1999 968 artis
2049 903 2441 993 hydraulicas

307 1023 744 1073 constructam
767 1054 786 1090 ,
830 1022 1052 1072 tamen
1079 1007 1168 1071 ita
1193 1023 1444 1096 aptam,
1481 1023 1561 1072 ut
1586 1007 1854 1074 demum
1885 1009 1956 1072 in
1982 1010 2200 1076 medio
2240 1035 2443 1101 aqua·

305 1137 456 1179 rum
477 1113 684 1202 posita
699 1163 718 1191 ‚
739 1113 1034 1201 impulsu
1055 1135 1278 1178 earum
1299 1111 1519 1178 inflata
1548 1115 1838 1180 sonitum
1868 1117 2195 1182 emitteret
2211 1165 2230 1200 ,
2262 1118 2444 1183 haud

307 1217 656 1284 difficulter
705 1240 742 1283 e
786 1219 1082 1284 Suetonii
1127 1217 1440 1284 relatione
1489 1219 1836 1309 colligitur.
1878 1222 2106 1309 Itaque
2144 1239 2285 1288 tum
2328 1223 2443 1289 de-

307 1347 494 1388 mum
543 1325 738 1414 vulgo
777 1337 933 1388 nota
983 1324 1328 1388 memorari
1371 1347 1408 1388 a
1438 1339 1631 1414 poeta
1664 1326 1803 1408 ejus
1852 1327 2163 1415 temporis
2207 1331 2445 1419 potuit.

309 1431 468 1495 Post
491 1431 828 1495 Tritonem
859 1430 1103 1518 organi
1121 1429 1484 1516 hydraulici
1510 1432 1583 1494 in
1615 1431 1881 1497 theatris
1924 1433 2121 1521 positi
2147 1435 2449 1500 meminit

309 1553 537 1602 auctor
567 1536 816 1619 AEtnae,
837 1561 899 1602 v.
929 1537 1056 1624 293
1076 1587 1093 1614 ‚
1132 1560 1332 1626 quem
1367 1537 1587 1602 locum
1619 1538 1747 1604 vol.
1785 1541 1854 1621 l,
1890 1554 2060 1604 nost.
2088 1561 2154 1628 p.
2190 1541 2341 1629 697,
2376 1543 2446 1606 in

311 1646 558 1733 praelat.
591 1644 673 1709 ad
691 1644 1040 1733 Porphyrii
1065 1643 1380 1734 Organon
1404 1644 1735 1710 luculente
1764 1645 2209 1733 exposuimus.
2246 1647 2342 1711 Ex
2368 1670 2449 1712 eo

314 1750 609 1814 similiter
667 1750 902 1839 colligo
919 1799 939 1834 ,
994 1766 1254 1838 poetam
1301 1748 1517 1815 AEtnae
1564 1751 1849 1816 Neronis
1910 1771 2047 1815 aevo
2091 1752 2444 1840 scripsisse.

317 1857 734 1945 Quamquam
773 1857 948 1921 enim
975 1854 1356 1944 hydraulica
1385 1856 1597 1920 multo
1631 1872 1783 1920 ante
1824 1849 2089 1920 inventa
2122 1873 2189 1920 et
2218 1859 2452 1922 usitata

317 1985 456 2027 esse
480 1977 736 2026 constat
753 2010 772 2045 ,
801 1977 1020 2026 tamen
1041 1963 1267 2027 Romae
1290 1961 1569 2027 Neronis
1592 1977 1660 2026 et
1686 1963 1946 2026 Senecae
1971 1977 2157 2026 aetate
2177 1963 2451 2027 maxime

318 2067 626 2132 celebrari
642 2115 661 2148 ,
711 2083 777 2131 et
810 2067 1074 2132 theatris
1111 2065 1619 2155 spectaculisque
1653 2067 1929 2155 publicis
1974 2067 2270 2132 adhiberi
2324 2091 2453 2132 coe-

301 2174 487 2264 'pisse
502 2222 521 2257 ,
553 2189 726 2238 recte
756 2171 930 2238 mihi'
949 2173 1173 2238 videor
1197 2196 1234 2238 e
1262 2172 1653 2263 quibusdam
1671 2174 1983 2239 Veterum
2007 2175 2169 2239 locis
2199 2175 2453 2263 perspi-

317 2303 482 2345 cere.
511 2279 860 2345 Suetonius
887 2281 1223 2346 Neronem
1253 2280 1549 2369 inprimis
1589 2278 1985 2354 delectatum
2023 2300 2163 2345 esse
2196 2281 2455 2370 organis

319 2386 714 2475 hydraulicis
729 2387 953 2452 scribit
969 2409 1108 2476 cap.
1131 2389 1210 2464 41
1231 2399 1513 2476 :partem
1529 2386 1659 2450 diei
1665 2409 1787 2475 per
1804 2401 2056 2474 organa
2074 2387 2455 2474 hydraulica

321 2497 468 2559 novi
493 2509 552 2558 et
571 2496 775 2583 ignoti
797 2496 1044 2581 generis
1067 2494 1512 2560 cab-cumdum&
1548 2494 1697 2581 Ipse
1731 2493 2081 2582 liyd'raules
2106 2493 2457 2581 aliquando

321 2599 584 2688 prodire
618 2601 825 2665 voluit
865 2601 936 2664 in
966 2599 1222 2664 theatro
1238 2648 1257 2683 ‚
1290 2621 1430 2690 cap.
1481 2599 1585 2678 54.
1637 2599 1722 2663 Et
1765 2599 2175 2686 frequentem
2226 2622 2454 2664 eorum

323 2727 517 2771 usum
549 2705 618 2769 in
643 2705 908 2772 theatris
939 2729 1058 2772 sua
1087 2723 1272 2770 aetate
1301 2721 1575 2772 testatur
1597 2705 1843 2770 Seneca
1864 2706 2052 2794 epist.
2075 2705 2413 2770 LXXXIV
2438 2729 2455 2770 ε

329 2813 544 2901 Quum
569 2835 778 2878 omnes
803 2814 950 2878 vias
970 2811 1128 2878 ordo
1157 2815 1519 2878 canentium
1543 2811 1841 2900 implevit,
1870 2827 1929 2878 et
1956 2834 2152 2876 cavea
2180 2823 2461 2876 oeneato-

326 2919 494 2982 ribus
523 2921 736 2984 cineta
761 2932 884 3001 est,
917 2933 986 2984 et
1007 2943 1096 2982 ex
1127 2917 1382 3008 pulpito
1419 2941 1601 2982 omne
1638 2917 1933 2981 tibiarum
1958 2939 2159 3005 genus
2184 2939 2461 3006 organo·

323 3047 584 3114 rumque
608 3027 950 3100 consonuit.
974 3024 1210 3090 Nullus
1228 3025 1390 3090 mihi
1407 3025 1837 3090 vetustiorum
1864 3025 2255 3111 scriptorum
2276 3023 2461 3088 locus

327 3116 686 3212 succurrit,
715 3131 832 3218 qui
856 3130 1230 3220 hydraulica
1264 3130 1332 3193 in
1363 3129 1631 3195 theatris
1668 3129 1985 3194 maturius
2023 3144 2330 3216 usurpata
2363 3145 2461 3193 te-

329 3249 572 3319 stetur3
607 3251 673 3300 et
703 3248 898 3324 poeta
933 3235 1132 3325 igitur
1151 3285 1170 3318 ,
1216 3237 1432 3301 AEtnae
1465 3236 1743 3324 scriptor
1764 3285 1785 3320 ,
1818 3235 1935 3325 qui
1972 3256 2049 3298 ea
2077 3229 2145 3298 in
2198 3233 2463 3299 theatris

270 3371 278 3380 ·
331 3341 636 3425 collocat,
671 3343 932 3406 Senecae
957 3359 1254 3432 tempore
1287 3342 1549 3408 videtur
1574 3342 1921 3430 scripsisse.

415 3447 572 3527 Ejus
616 3463 834 3513 autem
874 3450 1186 3538 temporis
1229 3471 1363 3513 non
1403 3448 1565 3513 alius
1584 3495 1601 3530 ,
1656 3447 1765 3512 cui
1796 3445 1995 3512 AEtna
2026 3448 2293 3512 meliore
2319 3447 2465 3526 jure

331 3551 658 3617 tribuatur
677 3599 698 3635 ,
736 3555 1054 3637 occurrit,
1092 3577 1290 3644 quam
1332 3554 1470 3643 ipse
1514 3555 1619 3618 ille
1669 3553 1915 3617 amicus
1950 3553 2239 3633 Senecae,
2270 3553 2463 3616 Luci-

329 3657 454 3721 lius
471 3705 490 3740 ,
524 3656 605 3721 ad
635 3681 834 3746 quem
875 3659 1098 3724 scribit
1137 3659 1408 3748 epistola
1440 3657 1758 3724 LXXIX:
1790 3655 2015 3721 Morbo
2047 3673 2157 3721 tuo
2200 3657 2465 3720 daturus

331 3787 470 3828 eras
480 3813 500 3842 ,
541 3767 789 3828 etiamsi
827 3789 1006 3830 nemo
1049 3765 1390 3830 mandaret
1423 3764 1574 3845 cibi,
1612 3763 1814 3828 donec
1846 3767 1936 3827 AE
1937 3777 2115 3827 cnam
2152 3763 2464 3827 describas

331 3873 398 3934 in
421 3885 529 3934 tuo
560 3872 839 3936 carmine
859 3921 882 3954 ‚
925 3885 989 3938 et
1017 3865 1184 3938 hunc
1213 3872 1531 3938 solennem
1563 3871 1845 3935 omnibus
1876 3872 2084 3959 poetis
2113 3867 2321 3933 locum
2364 3883 2467 3932 at·

335 3977 560 4063 tingas.
596 3975 873 4042 Videtur
914 3977 1180 4067 quidem
1215 3979 1459 4042 Seneca
1504 3977 1633 4042 hoc
1668 3978 1816 4042 loco
1848 3973 2241 4064 significare,
2275 3974 2469 4040 Luci-

333 4079 496 4144 lium
524 4103 662 4146 non
693 4083 910 4170 aliter,
955 4105 1152 4172 quam
1191 4083 1499 4173 Virgilius
1521 4131 1541 4166 ,
1577 4082 1849 4148 Ovidius
1882 4097 1949 4146 et
1975 4083 2171 4146 Corn.
2198 4081 2469 4145 Severus

531 4191 671 4258 III.
2136 4213 2175 4255 2
