2975 4684
541 387 682 459 :350
1391 388 1809 460 INCERTI

635 517 710 580 In
741 511 962 580 vultus
1001 513 1137 580 ruit
1175 511 1279 580 ille
1307 537 1488 598 suos,
1526 511 1943 606 calidumque
1970 538 2277 582 cruorem

634 625 769 690 Ore
801 624 1046 709 vomit,
1095 636 1473 716 stratusque
1509 647 1711 717 super
1736 648 1851 692 sua
1892 623 2173 718 palpitat
2209 649 2412 694 arma.

633 733 972 825 Sanguine
1017 733 1340 802 Dardanii
1379 732 1745 802 manabant
1785 733 2081 828 undique
2118 737 2376 829 campi,

633 843 1001 911 Manabant
1027 867 1254 910 amnes
1293 837 1569 937 passfim,
1610 844 1951 938 pugnabat
1982 843 2231 938 ubique
2582 869 2656 907 ³⁸⁵

633 955 961 1023 Immixtis
988 955 1228 1024 ardens
1263 957 1613 1023 amborum
1646 955 1971 1023 exercitus
2006 955 2208 1022 armis
2232 1009 2251 1040 ,

626 1066 713 1130 Et
749 1063 950 1132 modo
976 1066 1284 1157 Trojanis
1323 1064 1565 1152 virtus,
1605 1064 1805 1133 modo
1843 1065 2079 1133 crescit
2106 1066 2414 1148 Achivis,

633 1175 949 1268 Laetaque
985 1200 1102 1266 per
1139 1176 1353 1243 varios
1391 1177 1642 1268 petitur
1679 1175 1956 1242 victoria
1993 1198 2203 1243 casuS.

731 1287 815 1352 V.
859 1284 988 1354 Sed
1018 1300 1366 1379 postquam
1408 1287 1720 1353 Danaum
1760 1283 1953 1378 longe
1982 1282 2283 1352 cedentia
2312 1283 2482 1350 vidit

635 1395 918 1486 Agmina
953 1394 1270 1488 Tydides,
1307 1395 1771 1489 tumidumque
1810 1397 2173 1463 increscere
2208 1395 2495 1462 Martem
2517 1449 2537 1484 ,
2584 1419 2659 1469 ³⁹·

637 1507 719 1572 ln
751 1505 1004 1574 medias
1039 1505 1244 1588 aciae,
1289 1531 1418 1598 qua
1458 1503 1787 1599 plurimus
1833 1506 2136 1573 imminet
2178 1505 2418 1592 hostiS,

637 1615 877 1699 Iri-uit,
911 1631 980 1684 et
1015 1639 1231 1684 versas
1271 1617 1631 1710 prosternit
1666 1615 1843 1684 caede
1889 1613 2282 1710 phalange3‚

636 1727 786 1794 Huc
825 1724 982 1794 illuc
1014 1751 1368 1820 ensemque
1403 1725 1586 1794 ferox
1620 1727 2008 1819 hastamque
2043 1742 2369 1800 coruscat.

638 1833 878 1904 Bellica
915 1835 1128 1906 Pallas
1161 1837 1380 1921 adest,
1415 1837 1897 1930 flagrantiaque
1932 1837 2197 1930 ignibus
2232 1862 2417 1904 arma

641 1944 954 2038 Adjuvat‚
995 1962 1194 2040 atque
1239 1947 1497 2014 animos
1530 1946 1757 2039 juveni
1802 1949 2103 2041 viresque
2140 1947 2499 2018 ministrat.
2590 1973 2662 2023 ³⁹⁵

637 2053 792 2144 Ille,
836 2058 1040 2126 boum
1077 2055 1278 2126 veluti
1321 2059 1464 2128 viso
1502 2081 1699 2151 grege
1734 2081 1901 2126 saeva
1938 2055 2175 2144 leaena,

537 2265 628 2305 aut
667 2253 945 2324 ignoravit.
968 2283 1036 2294 --
1055 2253 1339 2324 Usurpavit
1381 2265 1553 2306 tamen
1714 2252 1831 2318 392.
1880 2255 2127 2302 Adversas
2160 2251 2426 2318 prosternit
2462 2249 2663 2304 habent

537 2331 760 2384 Ovidius
798 2331 854 2384 in
901 2331 1117 2384 materia
1161 2335 1306 2383 tenui
1347 2331 1555 2402 proprie
1642 2327 1763 2383 edd.
1802 2329 2052 2383 Substitui
2096 2343 2147 2380 et
2184 2347 2385 2390 versas,
2422 2329 2574 2398 quod
2614 2341 2665 2382 et

538 2429 653 2462 eam
706 2422 910 2482 partem
963 2409 1195 2482 corporis
1243 2409 1554 2481 designans,
1644 2409 1819 2480 aptius
1853 2421 1959 2473 est,
1998 2423 2049 2461 et
2080 2408 2137 2461 in
2174 2406 2293 2460 cod.
2336 2405 2509 2478 Lugd.
2552 2409 2662 2463 Bar.
2716 2469 2721 2474 ⁸

455 2483 460 2488 ⁸
538 2493 649 2543 Art.
689 2491 805 2543 Am.
845 2489 927 2541 111
947 2528 962 2554 ‚
1001 2490 1102 2558 ²73
1131 2511 1149 2539 ε·
1181 2515 1206 2534 ιι
1223 2489 1557 2540 Conveniunt
1644 2489 1848 2559 legitur,
1876 2499 2095 2540 testante
2120 2485 2345 2557 Dorpio.

537 2581 721 2622 tenues
761 2568 988 2639 scapulis
1028 2567 1345 2622 analectidee
1375 2569 1493 2621 altis
1512 2595 1553 2620 n.
1714 2568 1835 2636 393.
1876 2573 1983 2618 Huc
2022 2568 2136 2618 illue
2174 2569 2322 2617 volae
2360 2585 2477 2617 ense
2500 2567 2663 2634 sema·

532 2649 600 2701 Et
613 2649 716 2701 hoc
729 2649 892 2702 verbo
903 2645 1183 2700 claudian.
1202 2663 1330 2699 usus
1345 2645 1551 2700 est.En.
1639 2647 1867 2699 Torinus
1907 2658 1960 2698 et
1998 2643 2190 2716 spond.
2228 2643 2511 2697 dederunt.
2558 2651 2663 2697 Hae

608 2730 728 2783 383.
759 2732 1040 2794 seramque
1064 2743 1208 2794 super
1231 2745 1322 2776 sua
1337 2729 1555 2793 palpitat
1636 2728 1753 2777 illue
1790 2745 2045 2793 ensemque
2066 2727 2225 2793 sero-2·
2266 2723 2335 2776 Η.
2381 2737 2435 2776 et
2470 2723 2545 2778 G.
2594 2745 2661 2790 ²3

533 2807 826 2860 amastrae
844 2818 920 2858 est
932 2804 1298 2876 Virgilii,AEn.
1319 2805 1393 2867 X,
1413 2807 1548 2868 488:
1638 2825 1849 2874 enseque
1862 2807 2022 2875 sema:
2052 2808 2299 2873 hastaque
2320 2807 2381 2855 A.
2406 2815 2457 2857 et
2482 2806 2551 2856 L.
2575 2809 2665 2856 lm-

533 2915 556 2937 ·
578 2889 790 2942 Corruit
814 2887 871 2938 in
890 2883 1112 2938 vulnus:
1135 2883 1364 2936 sonitum
1391 2901 1547 2954 super
1636 2899 1860 2953 stumque
1888 2889 2077 2937 retorsit
2098 2883 2166 2936 G.
2202 2903 2229 2936 ει
2256 2901 2557 2956 perperam.

531 2986 678 3021 arma
698 2965 892 3020 dedere
908 2991 950 3017 1·-
1708 2967 1825 3034 394.
1872 2969 2057 3017 Bellica
2101 2969 2269 3016 Pallas
2314 2967 2475 3014 adest.
2528 2963 2657 3017 Haec

603 3045 723 3099 385.
741 3048 1028 3114 Ριιςηαῠαες
1059 3061 1157 3114 pro
1175 3061 1282 3115 quo
1291 3057 1551 3113 pugnatur
1641 3055 1848 3114 sumpta
1892 3063 1954 3097 ex
1999 3042 2227 3109 ovidio,
2270 3043 2398 3095 Met.
2440 3040 2518 3107 V,
2558 3050 2657 3112 47:

531 3125 746 3179 exhibet
770 3126 834 3176 L.
855 3143 1151 3196 perperam.
1634 3123 1867 3176 «Bellica
1910 3122 2081 3178 Pallas
2124 3122 2302 3188 adest,
2339 3133 2391 3174 et
2434 3123 2662 3194 protegit

603 3205 724 3273 389.
767 3207 858 3255 Hic
884 3218 1148 3272 postquam
1174 3203 1412 3274 vulgata.
1451 3208 1551 3254 Sed
1632 3201 1799 3273 aegide
1826 3203 2037 3255 fratrem
2056 3241 2072 3264 ,
2092 3204 2299 3274 Datque
2323 3201 2526 3254 animos
2540 3228 2659 3254 u.—

520 3301 784 3356 postquam
811 3285 877 3336 H.
902 3294 954 3335 et
974 3282 1039 3334 G.
1068 3302 1095 3334 π
1116 3323 1132 3350 ,
1157 3281 1300 3354 quod
1325 3281 1547 3353 pratuli.
1636 3285 1929 3350 flagrantia
1946 3285 2138 3350 ignibus
2152 3301 2293 3332 arma
2307 3279 2396 3334 dat
2412 3279 2661 3333 Diomedi

531 3365 598 3417 A.
621 3369 770 3432 longe
796 3363 1066 3413 tendentia.
1638 3378 1701 3412 ex
1747 3361 2015 3427 Homero,
2044 3351 2112 3426 V,
2151 3368 2183 3425 4
2202 3397 2217 3425 ,
2254 3361 2348 3432 qui
2387 3358 2659 3436 Pell-adem

601 3443 719 3512 390.
745 3444 1090 3506 Tumidumque
1113 3443 1382 3492 inerescere
1407 3445 1549 3491 Mar*
1638 3439 1770 3492 dicit
1794 3440 1969 3510 ignem
2000 3439 2277 3493 assiduum·
2292 3439 2349 3491 in
2372 3440 2483 3511 ejus
2506 3440 2658 3510 galea

526 3542 650 3579 tem:
676 3523 964 3575 formatum
988 3520 1204 3571 fortasse
1226 3537 1286 3570 ex
1313 3520 1414 3572 hoc
1438 3519 1551 3573 Ma·
1638 3531 1689 3571 et
1712 3519 1898 3592 clypeo
1924 3518 2134 3573 radiare
2160 3519 2372 3572 fecisse:
2395 3523 2513 3574 Δαῑί
2534 3522 2577 3573 οἱ
2600 3522 2657 3574 ἐκ
2706 3581 2713 3588 ,

526 3604 693 3665 tonis,
725 3607 835 3652 ΕΙ).
863 3599 940 3650 lx
958 3635 974 3662 ‚
997 3597 1100 3667 687
1121 3615 1136 3648 τ
1175 3622 1197 3644 ι
1214 3598 1354 3650 Tum
1383 3600 1547 3670 magis
1636 3603 1823 3672 κόρυθός
1840 3621 1897 3652 τι
1920 3601 2003 3654 καὶ
2022 3595 2236 3662 ἀσπίδος
2257 3601 2516 3671 ἀκάματον
2538 3607 2652 3670 πῦρ.

525 3684 824 3736 increscunt
840 3677 1034 3732 animis
1053 3675 1386 3730 discordibus
1407 3678 1544 3730 ira».
1634 3677 1699 3729 Et
1720 3679 1818 3731 inf.
1840 3695 1890 3731 v.
1914 3679 2031 3748 467,
2070 3679 2259 3730 Noster
2281 3677 2347 3730 de
2368 3677 2651 3730 Diomede:

599 3765 721 3829 39¹·
745 3760 990 3830 Vulgatae
1031 3757 1212 3829 legunt
1248 3760 1424 3808 eminet
1454 3761 1543 3810 ho·
1615 3761 1956 3828 flagrantibus
1982 3761 2123 3809 irruit
2145 3761 2315 3809 armis.

525 3844 610 3892 scis
627 3861 647 3891 .·
663 3857 844 3894 sunam
871 3837 1147 3891 lectionem
1173 3837 1390 3888 bmninee
1411 3837 1545 3890 Duu-
1705 3838 1974 3906 396.Soeva
1992 3841 2170 3889 Ieoena.
2194 3835 2649 3907 Comparationem

523 3919 729 3981 senius,
755 3937 810 3990 p.
843 3923 908 3979 ²4
927 3955 944 3980 ,
984 3934 1013 3968 e
1041 3918 1364 3987 conjecture,
1390 3927 1442 3968 et
1469 3917 1536 3968 cl.
1628 3915 1797 3968 leonis
1840 3915 1896 3968 in
1940 3930 2123 3986 greges
2165 3913 2415 3966 irruentis
2462 3913 2646 3986 saepius

522 3999 772 4067 Domina,
801 4016 852 4068 p.
877 4015 994 4064 119,
1021 4015 1050 4046 e
1077 3994 1198 4047 eod.
1228 3993 1398 4067 Lugtl.
1419 3995 1537 4048 Bai.
1630 4007 1847 4066 usurpat
1866 3993 2119 4065 Virgilius
2136 4033 2151 4059 ‚
2176 4004 2234 4045 ut
2253 3997 2379 4046 AEn.
2406 3993 2517 4057 IX,
2546 3993 2645 4060 339

521 4075 772 4137 restituit,
797 4076 882 4126 cui
907 4076 1223 4142 suffragatur
1257 4073 1378 4127 cod.
1417 4074 1541 4126 Hel·-
1629 4091 1741 4144 seq.
1770 4086 1823 4126 et
1846 4074 1896 4125 X
1914 4114 1930 4137 ,
1952 4074 2052 4143 723
2072 4091 2219 4144 seqq.
2248 4073 2511 4125 Homerus
2533 4071 2645 4144 qui·—

524 4162 642 4211 ωσι.
665 4164 716 4205 et
739 4151 824 4204 ed.
848 4152 912 4203 L.
1630 4151 1751 4204 dem
1774 4151 2048 4205 Diomedis
2072 4151 2324 4223 impetum
2352 4151 2522 4206 fluvio
2541 4163 2643 4204 tor-
