2975 4684
487 340 628 423 304

1065 326 1551 401 PETRONII
1613 320 2037 390 ARBITRI

584 458 877 529 Flectere
911 452 1199 523 Phoebus
1233 471 1440 542 equos
1477 440 1781 513 revoluto
1816 438 2081 533 cogitur
2120 434 2306 504 orbe.

582 574 874 641 Tantum
917 564 1094 633 dicta
1129 554 1394 629 valent!
1434 558 1819 637 Taurorum
1857 549 2129 618 flamma
2171 542 2479 640 quiescit,

588 676 928 773 Virgineis
963 672 1285 743 exstincta
1323 666 1547 737 sacris.
1586 662 1894 735 Phoebeia
1928 660 2124 729 Circe

588 786 1024 860 Carminibus
1058 780 1333 875 magicis
1370 777 1585 847 socios
1620 772 1905 843 mutavit
1946 767 2192 863 Ulyssi.

585 903 865 969 Proteus
909 919 1048 963 esse
1085 890 1284 977 solet,
1318 882 1651 983 quidquid
1686 880 1869 952 libet.
1908 880 2029 950 His
2066 901 2197 973 ego
2234 872 2482 945 callens

593 1011 869 1081 Artibus
888 1060 908 1093 ‚
939 1004 1152 1075 Idaeos
1183 1000 1456 1071 frutices
1495 1000 1567 1065 in
1604 994 1868 1089 gurgite
1897 992 2125 1059 sistam
2147 1041 2166 1076 ,
2582 999 2627 1035 ¹⁵

589 1126 672 1191 Et
710 1142 976 1189 rursum
1014 1112 1251 1183 fluvios
1291 1112 1360 1178 in
1397 1132 1661 1178 summo
1703 1103 1947 1173 vertice
1984 1124 2255 1196 ponam.

498 1362 654 1415 nibus
681 1370 734 1412 et
756 1352 1206 1410 incantationibus
1232 1347 1478 1421 usurpari
1501 1385 1518 1410 ,

501 1439 678 1497 notavi
716 1434 924 1490 dudum
964 1432 1032 1486 ad
1069 1430 1284 1485 Catonis
1329 1428 1480 1479 Diras
1504 1466 1520 1492 ‚

505 1544 560 1575 v.
593 1522 641 1573 8.
668 1548 737 1558 —-
763 1522 1026 1566 Taurorum
1063 1524 1118 1562 ut
1129 1512 1350 1582 flamma
1385 1508 1523 1574 quie-

501 1616 610 1655 scat
631 1596 756 1669 legit
780 1592 944 1649 Delrii
970 1588 1170 1655 codex,
1200 1604 1495 1660 perperam.

577 1700 600 1734 1
613 1699 656 1732 ι.
681 1676 924 1744 Vir-gineis
941 1672 1188 1742 fxstincea
1209 1668 1364 1719 sacris
1378 1704 1395 1731 ,
1412 1665 1448 1716 i.
1473 1682 1521 1715 e.

503 1758 724 1815 Medeae.
747 1754 886 1807 Nam
921 1750 1046 1803 hinc
1079 1745 1527 1800 nobilissimarum

507 1856 750 1913 sagarum
795 1836 932 1887 facta
969 1828 1166 1883 extollit
1189 1864 1204 1891 ,
1231 1824 1434 1878 Medeae
1479 1833 1531 1874 et

506 1921 682 1973 Circes
705 1957 720 1983 ‚
764 1912 1015 1985 adjuncto
1055 1909 1258 1960 Proteo.
1305 1901 1534 1974 Respicit

507 1998 578 2053 ad
601 1995 832 2051 fabulam
853 1990 920 2044 de
940 1989 1142 2056 artibus
1163 1982 1390 2045 Medea,
1418 1982 1537 2053 qui-

505 2082 606 2133 bus
627 2075 839 2149 adjutus
855 2072 1016 2124 Jason
1044 2068 1100 2119 in
1127 2063 1338 2119 Colchis
1359 2074 1539 2115 tauros

511 2158 806 2232 ignivomos
849 2149 1161 2223 perdomare
1178 2185 1194 2212 ‚
1225 2144 1393 2214 iisque
1433 2152 1538 2193 ter·

510 2256 626 2293 ram
641 2253 790 2289 arare
805 2230 996 2304 potuit.
1011 2227 1190 2291 Quam
1203 2220 1541 2295 Apollonius,

509 2320 703 2388 Argon.
737 2313 829 2364 lib.
867 2310 987 2371 1113
1019 2304 1203 2358 Valer.
1227 2302 1401 2355 Flacc.
1443 2299 1537 2351 lib.

509 2396 647 2458 VI1;
671 2389 832 2444 ovid.
859 2388 1080 2440 Metam.
1099 2382 1240 2448 VII,
1265 2386 1362 2442 104
1391 2397 1536 2450 seqq.

509 2488 564 2529 et
610 2468 828 2524 Heroid.
876 2466 987 2520 xn
1005 2502 1022 2529 ‚
1064 2464 1132 2532 93
1182 2479 1290 2532 seq.
1341 2460 1537 2530 aliique

506 2554 685 2627 plures
719 2544 1369 2606 referunt.--Phoeboeaque
1403 2540 1538 2590 Circe

510 2630 698 2686 habuit
725 2625 891 2680 Delrii
907 2662 924 2688 ,
942 2621 1186 2675 Memmii
1210 2630 1261 2672 et
1285 2618 1538 2689 scaligeri

514 2711 698 2767 codex.

595 2789 676 2843 13.
701 2786 1000 2839 Canninibus
1019 2781 1248 2848 magicis.
1265 2778 1433 2829 Totus
1453 2774 1543 2827 hic

519 2887 704 2927 versus
737 2877 816 2919 est
847 2882 910 2916 ex
944 2862 1098 2932 Virg.
1128 2856 1410 2919 Eetvm,
1445 2873 1540 2924 70:

522 2978 544 2999 ·
569 2945 906 3005 Carminibus
933 2941 1088 2995 Circe
1124 2937 1293 2990 socios
1320 2933 1547 2987 mutavit

523 3032 596 3084 Ul
633 3030 686 3083 xi
707 3053 750 3079 ι.

595 3052 680 3174 {4-
698 3113 893 3158 Proteus
907 3120 1015 3153 esse
1025 3102 1166 3151 solet.
1183 3096 1346 3166 Cujus
1360 3092 1541 3148 fabula

523 3186 806 3263 exponitur
828 3192 1069 3252 respectu
1086 3176 1160 3235 ad
1175 3176 1327 3247 Virg.
1349 3174 1543 3245 Georg.

523 3271 624 3331 lv,
658 3263 757 3331 405
784 3280 928 3332 seqq.

603 3346 683 3399 15.
710 3344 871 3393 Idoeos
897 3338 1128 3406 frutices.
1152 3336 1348 3387 Vetera
1375 3350 1547 3385 exem-

524 3426 690 3502 plaria
727 3424 908 3493 legunt
939 3422 1078 3469 Ida-o
1110 3419 1160 3467 in
1195 3416 1419 3483 gurgite.-
1439 3428 1545 3483 qua

523 3502 774 3562 mendosa
793 3499 1019 3553 lectione
1037 3494 1290 3567 deceptus
1301 3490 1548 3545 Barthius

527 3587 596 3643 ad
619 3580 897 3639 Claudian.
925 3578 1014 3630 lib.
1041 3579 1070 3629 I
1095 3578 1154 3627 in
1175 3573 1304 3626 Ruf.
1328 3590 1378 3623 v.
1410 3570 1509 3623 158
1532 3606 1549 3633 ,

527 3664 732 3741 putavit
757 3656 1076 3714 mutandum
1099 3660 1259 3723 AEgeo
1264 3654 1475 3723 frutices
1499 3654 1551 3701 in

525 3746 744 3816 gurgite,
772 3738 920 3812 quod
970 3754 1116 3789 mare
1162 3731 1299 3785 illud
1341 3730 1554 3783 notissi-

529 3842 678 3879 mum
696 3863 711 3887 ,
731 3835 782 3873 et
806 3817 1022 3870 flumina
1049 3812 1118 3866 ad
1144 3822 1376 3865 montem
1401 3810 1554 3863 Idam

529 3900 772 3975 Phrygiae
820 3899 904 3949 vix
960 3894 1114 3966 digna
1175 3908 1560 3944 commemora·

532 3985 692 4037 tione.
713 3981 778 4030 At
791 3994 918 4029 vero
932 3979 1095 4027 Idaeos
1116 3972 1333 4025 frutices
1347 4006 1364 4034 ,
1401 3970 1561 4021 saltus

1608 1346 1719 1398 suis
1767 1342 1970 1395 artibus
2019 1356 2170 1411 posse
2211 1334 2385 1389 vicino
2430 1331 2635 1403 gurgite

1608 1423 1761 1477 fluvii
1777 1420 2024 1476 collocari
2039 1458 2057 1483 ,
2070 1415 2217 1491 quod
2238 1415 2291 1468 in
2312 1412 2636 1483 teratologiis

1610 1501 1832 1574 magicis
1854 1510 2125 1571 poetarum
2150 1504 2498 1548 memoratur.
2518 1490 2637 1545 Cal-

1610 1580 1974 1656 purnius,XI‚
2005 1594 2102 1649 70:
2142 1602 2164 1624 ι
2183 1572 2460 1638 Cantavit,
2490 1570 2639 1644 quod

1612 1666 1763 1715 Luna
1788 1662 1936 1715 timet
1956 1700 1971 1726 ,
1993 1675 2103 1729 quo
2130 1654 2395 1726 rumpitur
2414 1652 2603 1723 anguis
2622 1691 2640 1715 ,

1616 1744 1739 1809 Quo
1756 1751 1979 1796 cui-runt
2001 1734 2203 1809 scopuli
2224 1773 2241 1798 ,
2254 1734 2480 1805 migrant
2500 1743 2611 1785 sata
2626 1772 2642 1799 ‚

1617 1821 1826 1876 vellitur
1863 1818 2018 1873 arbos
2036 1842 2079 1869 a.
2111 1812 2304 1868 Claud.
2328 1813 2387 1865 in
2426 1811 2553 1865 Rus.
2584 1812 2641 1874 1,

1626 1902 1725 1957 158
1742 1920 1755 1954 ε
1770 1926 1791 1948 ι
1810 1902 1897 1953 Ire
1916 1916 2072 1971 vagas
2094 1912 2319 1968 quercus
2333 1931 2349 1958 ‚
2369 1902 2423 1946 et
2437 1890 2643 1944 fulmen

1624 1995 1762 2036 stare
1790 1979 1938 2053 coegi
1961 2004 1983 2027 ι
2005 2018 2022 2045 ,
2046 1975 2191 2049 quod
2224 1972 2473 2026 Heinsius
2509 1972 2645 2025 bene

1624 2060 1868 2116 restituit.
1890 2057 1997 2113 Sed
2022 2054 2164 2128 apud
2183 2052 2340 2107 Ovid.
2367 2052 2646 2125 EpistNI,

1628 2145 1715 2214 87,
1732 2136 2254 2209 obliquaque'fltlminu
2271 2138 2395 2186 sistit
2409 2132 2550 2187 male
2566 2152 2651 2185 re-

1627 2222 1795 2295 ponit.
1825 2220 2087 2273 Caeterum
2108 2215 2451 2287 saepefidmen
2478 2217 2651 2284 etfln-

1630 2322 1740 2354 men
1762 2309 2054 2353 mutantur.
2083 2292 2168 2347 Ad
2194 2294 2390 2347 Tibull.
2416 2294 2560 2364 Eleg.
2588 2291 2645 2357 1,

1632 2400 1687 2447 a,
1710 2386 1811 2445 44:
1850 2404 1876 2424 ιι
1893 2378 2044 2431 Hanc
2067 2393 2165 2447 ego
2195 2374 2263 2428 de
2289 2373 2417 2427 caelo
2443 2372 2648 2426 ducen-

1625 2472 1735 2513 tem
1768 2458 1939 2512 sidera
1966 2455 2110 2521 vidi,
2140 2453 2399 2507 Fluminis
2422 2452 2539 2507 hnc
2565 2472 2653 2505 ra·

1623 2538 1737 2611 pidi
1782 2537 2016 2591 carmine
2060 2534 2196 2588 sistit
2246 2535 2346 2588 iter
2376 2558 2402 2579 ι·
2421 2575 2437 2602 ,
2476 2534 2652 2587 clarus

1626 2616 1987 2671 Brouckusius
2017 2618 2252 2667 Fulminis
2292 2614 2654 2686 propugnavit

1628 2710 1680 2751 et
1700 2695 1885 2750 edidit.
1906 2696 2007 2747 En.
2026 2726 2096 2733 —
2114 2693 2217 2746 Alii
2238 2690 2449 2746 codices
2472 2691 2562 2744 hic
2582 2692 2656 2744 le-

1630 2788 1763 2849 gunt
1776 2780 1940 2827 Idoeos
1958 2777 2127 2827 latices
2140 2811 2157 2835 ,
2176 2770 2323 2845 quod
2343 2784 2525 2825 contra
2543 2792 2658 2825 sen·

1631 2855 1853 2909 tentiam
1880 2866 1974 2907 est.

1711 2938 1789 2988 16.
1813 2938 1874 2985 In
1916 2953 2103 2985 summo
2136 2936 2348 2995 vertice,
2372 2934 2483 2987 scil.
2516 2931 2657 2997 Idae,

1636 3014 1760 3088 quia
1782 3012 2044 3086 praecessit
2073 3016 2237 3063 Jdoeos
2250 3012 2464 3080 fiucices
2477 3035 2498 3074 ‚·
2523 3023 2573 3066 et
2602 3014 2657 3066 in

1632 3094 1735 3147 alio
1754 3091 1987 3148 carmine
2000 3091 2279 3145 Petronius
2296 3110 2309 3145 :
2337 3118 2360 3140 ι
2374 3091 2522 3146 Idaeo
2533 3113 2660 3166 qua-

1632 3174 1709 3226 les
1723 3170 1859 3225 fudit
1873 3170 1943 3224 de
1956 3171 2149 3223 vertice
2160 3170 2317 3224 flores
2329 3198 2370 3223 n.
2380 3172 2663 3227 Gonsalius

1633 3252 1790 3326 plane
1814 3250 1945 3303 falso
1969 3248 2211 3323 intelligit
2231 3250 2376 3303 hunc
2390 3251 2589 3319 locum,
2610 3266 2664 3306 et

1635 3336 1867 3383 verticem
1888 3370 1902 3389 ,
1936 3330 2038 3395 ait,
2059 3329 2163 3383 hoc
2197 3331 2318 3383 loco
2346 3348 2377 3384 a
2420 3332 2666 3387 Petronio

1634 3410 1841 3475 vocari,
1864 3408 2009 3481 quod
2036 3408 2263 3463 Ovidius
2295 3422 2455 3481 caput
2478 3408 2631 3464 fluvii
2649 3451 2666 3476 ,

1638 3486 1819 3543 Amor.
1859 3489 1921 3553 1,
1956 3490 1988 3543 8
2010 3530 2025 3556 ‚
2060 3492 2123 3553 6,
2151 3514 2176 3535 ιι
2196 3490 2369 3562 Inque
2402 3502 2563 3563 caput
2602 3493 2668 3544 li-

1638 3568 1831 3643 quidas
1853 3581 1965 3623 arte
1986 3581 2228 3622 recurvat
2254 3587 2416 3641 aquas
2432 3587 2489 3633 -;
2512 3573 2668 3641 quasi

1642 3652 1745 3704 hoc
1788 3650 1907 3702 loco
1948 3648 2087 3701 dicat
2135 3667 2255 3721 saga
2277 3686 2293 3712 ‚
2336 3646 2523 3703 fluvios
2571 3669 2665 3703 sua

1644 3740 1757 3782 arte
1784 3728 1903 3799 cogi
1926 3726 1997 3782 ad
2017 3729 2189 3781 fontes
2210 3746 2332 3781 suos
2354 3728 2540 3782 relabi.
2564 3728 2673 3783 Sed

1644 3810 1759 3862 haec
1774 3806 1953 3879 prodit
1981 3807 2237 3862 sententia
2256 3825 2272 3860 ε
2293 3807 2487 3861 Potero
2512 3810 2677 3863 arbo-

1646 3908 1732 3941 res
1760 3908 1789 3941 e
1816 3900 1997 3941 monte
2039 3889 2096 3941 in
2138 3888 2361 3942 fluvium
2379 3929 2395 3950 ‚
2428 3900 2481 3943 et
2508 3888 2669 3941 vicis-

1647 3969 1747 4021 sim
1779 3968 1997 4021 fluvium
2037 3969 2095 4022 in
2131 3986 2398 4021 summum
2436 3983 2675 4022 montem

535 4076 587 4114 et
637 4060 849 4113 arbores
889 4056 1083 4106 montis
1120 4050 1227 4104 Idas
1247 4092 1262 4115 ,
1310 4066 1435 4120 saga
1489 4048 1564 4101 ait
1650 4047 1947 4101 traducere.
