2975 4684
1812 218 1833 246 l

473 326 604 400 552
1225 327 1234 348 ⁸
1321 339 1733 406 INCERTI

569 458 865 540 Eminet,
909 475 977 527 et
1016 459 1238 553 prodit
1275 459 1563 554 scapulis
1597 483 1751 553 pars
1781 457 1983 526 altera
2022 455 2233 524 fossis,
2522 479 2604 520 tu·

677 569 874 635 Hunc
911 569 1026 636 ubi
1063 568 1450 638 fundentem
1494 567 1783 638 calidum
1828 567 1911 636 de
1944 581 2215 660 pectore
2250 565 2537 648 flumen,

570 675 1092 770 Versanteinque
1132 677 1393 765 oculoS,
1431 680 1853 771 animamque
1898 701 2017 769 per
2058 701 2175 743 ora
2218 687 2601 743 vomentem

571 787 937 879 Conspexit
977 787 1204 876 frater,
1249 791 1479 859 stricto
1522 787 1693 857 celer
1729 787 1992 856 advolat
2032 811 2225 872 ense,

571 895 1023 989 Germanique
1048 901 1237 992 cupit
1271 900 1561 969 fatorum
1598 899 1907 968 exsistere
1942 897 2200 964 vindex.

572 1005 702 1070 Sed
737 1029 954 1098 neque
993 1008 1124 1074 vim
1161 1011 1312 1076 saevi
1335 1063 1352 1096 ,
1391 1033 1515 1076 nec
1554 1008 1751 1076 fortia
1788 1008 2067 1076 sustinet
2101 1031 2285 1074 arma
2522 1026 2603 1070 ωε

569 1115 874 1207 Tydidae,
912 1133 1278 1212 contraque
1315 1134 1549 1186 tamen·
1576 1116 1925 1188 defendere
1961 1130 2193 1186 tentat.

561 1228 658 1294 Ut
695 1225 1026 1310 volucris,
1069 1227 1342 1323 derepta
1379 1231 1481 1302 sui
1518 1253 1723 1322 quum
1766 1251 2047 1323 corpora
2080 1229 2216 1294 nati

565 1337 965 1430 Accipitrem
1007 1337 1255 1408 laniare
1297 1340 1510 1424 videt,
1556 1364 1675 1407 nec
1713 1338 1983 1407 tendere
2018 1351 2278 1420 contra,

567 1445 905 1515 Auxilium
950 1473 1075 1516 nec
1113 1448 1284 1516 ferre
1319 1474 1440 1517 suo
1475 1449 1649 1517 valet
1677 1449 1873 1516 anxia
1906 1461 2097 1532 nato,

567 1555 900 1650 Quodque
920 1573 1170 1651 potest,
1193 1559 1442 1628 levibus
1470 1557 1728 1652 plangit
1752 1583 1869 1626 sua
1890 1570 2158 1651 pectora
2180 1553 2450 1648 pennis;
2520 1578 2603 1618 ⁴2-

566 1665 674 1732 Sic
717 1665 972 1734 hostem
1003 1667 1225 1736 Idaeus
1265 1670 1563 1762 germani
1603 1667 1780 1736 caede
1817 1665 2175 1759 superbum

569 1776 842 1867 Spectat
877 1791 1098 1862 atrox,
1145 1779 1520 1872 miseroque
1549 1778 1781 1870 nequit
1826 1800 2212 1845 succurrere
2244 1775 2473 1854 fratri,

542 1964 572 2020 4
584 1975 602 2008 1
611 1975 658 2009 0.
671 1962 875 2018 Eeninet,
891 1964 1118 2026 etprodit,
1127 1973 1223 2011 etc.
1235 1959 1319 2011 Sic
1330 1959 1486 2012 Ovid-

470 2036 680 2090 Metam.
727 2038 805 2089 lx
825 2079 840 2103 ,
887 2057 980 2108 1²7
1007 2059 1020 2090 ε
1075 2066 1098 2084 ·‹
1121 2051 1260 2110 terga
1305 2040 1487 2109 sagitta

469 2114 721 2184 Trajicit:
761 2117 992 2168 exstabat
1039 2118 1235 2170 ferrum
1285 2116 1352 2170 de
1397 2137 1488 2188 pe-

470 2205 615 2246 ctore
651 2193 999 2260 aduncum-3
1036 2209 1086 2249 et
1129 2197 1219 2248 lib.
1245 2198 1313 2262 V,
1363 2197 1487 2250 138:

475 2299 496 2318 ιι
517 2273 752 2344 Torquet
781 2275 832 2326 in
874 2276 1017 2329 hunc
1055 2277 1252 2328 hastam
1270 2313 1284 2338 ,
1313 2273 1488 2327 media

469 2369 586 2422 quae
629 2372 756 2405 nare
799 2367 1002 2426 recepta
1048 2354 1266 2407 Cervice
1307 2365 1489 2406 exacta

474 2444 549 2482 est
568 2471 583 2493 ,
614 2432 668 2481 in
699 2445 979 2504 partesque
1019 2434 1216 2484 eminet
1243 2433 1427 2486 ambas
1443 2460 1485 2485 u.

473 2512 587 2563 Hoc
618 2528 768 2562 sensu
795 2513 1016 2562 emissum
1049 2517 1192 2563 telum
1224 2511 1368 2583 quod
1392 2532 1488 2583 per

469 2591 690 2642 alterum
717 2589 853 2641 latus
879 2589 1006 2655 exit,
1031 2589 1226 2642 dicitur
1252 2610 1281 2641 a
1305 2589 1489 2642 Gratio

474 2667 526 2720 in
555 2667 777 2721 Halieut.
799 2687 846 2719 v.
867 2671 951 2720 62.
980 2667 1190 2721 -vid.
1215 2669 1372 2738 hujus
1399 2687 1486 2740 op.

472 2759 510 2798 t.
533 2747 560 2798 Ι
579 2785 594 2808 ,
615 2759 744 2818 part.
772 2765 821 2810 1,
849 2763 972 2817 pag.
1001 2753 1118 2809 πά.
1157 2747 1258 2799 En.

546 2835 606 2892 41
619 2845 663 2877 1.
699 2828 916 2877 Calidum
958 2829 1021 2876 de
1049 2841 1249 2893 pectore
1267 2830 1488 2895 flumen.

474 2908 622 2978 Virg.
644 2908 762 2958 AEn.
783 2907 886 2971 lx,
914 2913 1016 2971 414
1036 2925 1050 2958 :
1087 2905 1363 2959 ·Votvitur
1383 2905 1493 2970 ille,

475 3005 691 3038 vomens
739 2983 970 3037 calidum
1018 2983 1085 3038 de
1127 2995 1342 3056 pectore
1389 2983 1490 3036 fln-

477 3084 596 3116 men
621 3081 675 3126 »ς
701 3075 753 3115 et
770 3063 861 3116 lib.
883 3063 988 3128 XI,
1007 3067 1143 3116 668:
1172 3090 1194 3110 u
1213 3063 1493 3135 Sanguinis

473 3143 562 3195 ine
588 3161 806 3194 vomens
829 3142 972 3196 rivos
999 3143 1138 3196 cadit
1154 3169 1196 3196 a.

551 3221 668 3285 413.
690 3225 860 3272 Ser-icto
881 3227 1012 3273 celer
1035 3226 1248 3274 advolat.
1272 3221 1488 3276 Helmst.

475 3304 603 3352 celer
618 3313 837 3350 extracto
856 3303 1072 3352 advolat.

551 3385 673 3442 414,
699 3382 835 3447 Cupit
858 3383 1094 3430 exsistere
1119 3381 1331 3430 vindex.
1369 3379 1494 3434 Hoc

477 3457 682 3530 phrasis
705 3456 926 3510 Barthio
960 3457 1344 3510 barbarismum
1379 3461 1498 3512 sub-

479 3538 621 3589 olere
643 3535 879 3600 videtur,
910 3535 1133 3588 Advers.
1155 3537 1337 3588 LVIII
1352 3579 1366 3604 ,
1397 3547 1460 3602 14
1479 3576 1495 3601 ‚

480 3627 530 3670 et
548 3615 698 3680 LIX,
722 3634 770 3678 1,
797 3635 848 3686 p.
866 3633 1000 3684 ²77⁰
1019 3633 1032 3667 ε
1054 3625 1108 3666 et
1127 3613 1310 3666 eodem
1335 3615 1499 3668 modo

481 3695 644 3747 verbo
669 3697 918 3746 subsistere
939 3711 1060 3745 usos
1087 3712 1198 3745 esse
1217 3691 1378 3745 medii
1399 3694 1498 3746 aivi

477 3774 759 3844 scriptores
782 3815 798 3841 ‚
846 3770 1076 3844 quodam
1123 3772 1241 3825 loco
1287 3771 1499 3825 Alboini

479 3852 770 3924 presbyteri
798 3851 1003 3922 probat.
1043 3851 1110 3902 Et
1145 3869 1269 3904 sane
1293 3849 1501 3922 langui-

479 3931 606 3986 dum
635 3947 842 3983 versum
876 3927 1038 3981 efficit
1077 3948 1134 3983 ea
1168 3928 1330 3982 dictio
1349 3967 1364 3992 ‚
1391 3949 1500 4002 qua

479 4005 632 4078 prisci
661 4008 758 4060 aevi
779 4019 946 4078 poete
967 4008 1021 4060 in
1043 4009 1348 4062 universum
1374 4010 1497 4062 abs-

480 4085 698 4140 tinuisse
726 4085 990 4140 videntur.
1028 4089 1136 4142 Nec
1172 4097 1346 4140 tamen
1375 4107 1497 4160 pro·

1577 1971 1745 2029 pterea
1788 1957 1855 2010 ad
1894 1957 2243 2008 barbarismos
2282 1953 2479 2005 referre
2518 1969 2608 2003 ve·

1577 2038 1667 2088 lim
1682 2077 1696 2102 ,
1720 2049 1769 2088 et
1788 2037 1957 2089 sot-tan
1979 2039 2214 2086 exsistere
2229 2034 2284 2086 h.
2308 2035 2346 2084 l.
2369 2031 2607 2103 positum

1578 2128 1655 2168 est
1690 2134 1786 2186 pro
1821 2127 2051 2179 enatare,
2090 2113 2321 2166 eminere
2340 2149 2357 2174 ,
2393 2109 2609 2180 conspi-

1577 2213 1735 2247 cuum
1762 2213 1893 2247 esse.
1924 2195 2003 2245 De
2028 2192 2189 2245 verbo
2214 2195 2466 2242 subsistere
2491 2207 2607 2242 oer-

1578 2275 1683 2327 tius
1704 2287 1781 2326 est
1802 2315 1817 2339 ,
1843 2273 1895 2326 id
1925 2272 1993 2328 ad
2024 2271 2455 2326 scholasticorum
2483 2270 2608 2321 bar·

1578 2355 1755 2406 baram
1784 2354 2089 2405 latinitatem
2114 2351 2391 2424 pertinere.
2410 2379 2481 2390 -—
2497 2347 2607 2402 Sed

1578 2436 1814 2484 exsistere
1840 2435 2061 2503 profieri
2074 2433 2155 2484 vel
2182 2451 2289 2482 esse
2309 2428 2519 2483 videtur
2534 2428 2607 2480 ab

1577 2511 1839 2565 inferioris
1872 2512 2035 2566 aetatis
2072 2510 2412 2581 scriptoribus
2438 2509 2607 2560 intro-

1577 2589 1812 2643 ductum.
1830 2589 1963 2642 Nam
1986 2591 2059 2642 sic
2078 2589 2252 2642 Julius
2268 2589 2605 2658 Exsuperan-

1578 2671 1681 2724 tius
1700 2688 1714 2721 t
1730 2669 1929 2722 «Facile
1946 2671 2083 2722 enim
2104 2680 2347 2742 poterant
2360 2667 2609 2720 exsistere

1578 2747 1900 2820 proditores3
1919 2749 2042 2820 quia
2062 2759 2261 2819 egestas
2281 2745 2429 2800 haud
2452 2745 2609 2798 facile

1580 2827 1807 2880 habetur
1830 2828 1944 2880 sine
1974 2827 2170 2880 damno
2194 2853 2235 2879 ιο.
2278 2827 2344 2877 Et
2377 2826 2607 2877 Lactan-

1582 2907 1687 2958 tius
1716 2905 1854 2960 Plac.
1883 2907 1938 2957 in
1964 2907 2181 2976 Argum.
2206 2905 2422 2957 Metam.
2442 2904 2609 2956 ovid.

1580 2983 1785 3050 tib.v1‚
1810 2985 1919 3038 fab.
1939 2985 1995 3038 3:
2016 3012 2041 3030 a
2057 2987 2261 3037 Latona
2280 2994 2463 3054 questa
2480 3000 2607 3035 cum

1582 3063 1702 3116 filiis
1713 3105 1727 3129 ,
1743 3063 1888 3136 quod
1906 3083 2119 3117 suarum
2136 3063 2445 3136 injuriarum
2466 3064 2610 3114 ulto·

1518 3165 1526 3170 ·
1580 3161 1663 3197 res
1688 3163 1795 3197 non
1822 3145 2122 3198 exsisterent
2138 3171 2181 3195 a.
2212 3143 2309 3196 En.

1649 3225 1769 3288 415.
1802 3229 1975 3292 Neque
2004 3227 2109 3275 vim
2134 3224 2287 3292 sortis
2324 3241 2417 3274 nec
2439 3222 2608 3291 sonia

1582 3304 1647 3354 A.
1673 3304 1928 3370 neesortis
1951 3305 2153 3354 sustinet
2178 3299 2245 3353 G.
2272 3319 2320 3353 s.

1655 3383 1778 3442 416.
1810 3387 1963 3449 Quem
1990 3395 2089 3432 tum
2113 3394 2285 3430 eontra
2307 3379 2607 3447 defendere:

1586 3459 1658 3511 sic
1684 3458 1890 3512 videtur
1910 3459 2080 3532 legere
2100 3459 2164 3512 G.
2190 3479 2237 3510 ο.

1657 3547 1777 3608 417.
1804 3543 2019 3606 Decepta
2055 3542 2133 3589 sui
2165 3536 2235 3589 Η.
2272 3549 2324 3589 et
2361 3537 2419 3587 A.
2450 3535 2525 3588 sic
2554 3548 2611 3587 et

1586 3614 1650 3668 G.
1698 3635 1723 3668 2
1744 3657 1759 3682 ,
1788 3627 1839 3668 et
1868 3617 2021 3668 simul
2068 3617 2280 3684 desecta.
2321 3613 2571 3667 Barthius
2591 3651 2608 3676 ,

1585 3695 2089 3825 Ξῗέἔιῖὲὲἶὲἶζεὴ
2122 3691 2609 3842 &zm-§2233

1586 3851 1722 3905 duce
1766 3851 1986 3904 Helmst.
2028 3791 2229 3918 2⁶1:er
2246 3890 2261 3910 ,
2308 3869 2501 3921 nempe
2540 3849 2611 3902 de

1584 3929 1715 3984 nido
1742 3931 1943 3983 matris.

1659 4016 1776 4077 419.
1802 4011 2103 4078 Λητὼ-[ατο
2126 4008 2190 4061 G.
2216 4029 2261 4061 2.

1659 4095 1777 4152 420.
1810 4093 2047 4157 Quodque
2054 4101 2219 4156 potest
2246 4089 2392 4140 levius
2414 4086 2479 4138 G.
2504 4106 2552 4137 2.
