2975 4684
524 393 661 462 AD
708 389 1007 480 QUEM
1054 393 1479 466 CARMEN
1529 393 2058 466 SCRIPTUM
2104 393 2310 462 EST.
2407 393 2494 475 41

368 543 619 611 giusti.
662 519 953 587 Aderant
997 523 1193 587 etiam
1236 525 1537 608 fortuita,
1573 547 1814 615 corpus
1859 545 2204 614 procerum
2222 569 2241 603 ‚
2271 520 2506 586 decora

370 627 587 691 facies.
618 626 747 691 Sed
770 629 1003 716 procul
1044 629 1319 718 gravitas
1360 653 1620 694 morum
1641 679 1661 712 ,
1695 647 1810 694 aut
1835 629 2242 717 voluptatum
2295 625 2506 716 parci-

370 733 595 796 monia
618 755 639 798 ε
662 733 911 798 lenitati
936 755 1013 798 ac
1032 733 1526 824 magnificentiae
1551 785 1570 818 ,
1605 753 1674 800 et
1694 733 2044 823 aliquando
2069 733 2256 798 luxui
2285 729 2512 797 indul-

372 838 603 928 gebat:
636 837 837 928 idque
862 839 1163 929 pluribus
1208 841 1643 930 probabatur;
1681 842 1796 930 qui
1817 889 1836 923 ‚
1873 842 1942 904 in
1979 855 2158 905 tanta
2193 839 2502 902 vitiorum

372 941 719 1008 dulcedine
740 993 761 1026 ‚
792 967 1126 1010 summum
1168 947 1520 1036 imperium
1551 969 1688 1012 non
1735 945 2102 1010 restrictum
2122 992 2142 1027 ‚
2187 965 2312 1008 nec
2353 963 2508 1030 per·

372 1071 674 1114 severum
704 1051 939 1115 volunt
956 1083 1003 1116 -.
1034 1052 1279 1118 Similia
1316 1053 1417 1118 his
1448 1054 1648 1118 refert
1675 1068 1862 1120 vetus
1893 1050 2267 1116 scholiastes
2301 1049 2498 1112 Juve-

374 1155 535 1219 nalis
564 1154 701 1243 (1),
744 1156 1061 1222 nonnulla
1090 1158 1285 1222 etiam
1320 1159 1481 1242 alia,
1517 1181 1662 1246 quae
1699 1180 1796 1222 res
1835 1158 1906 1221 in
1949 1155 2236 1221 carmine
2281 1167 2509 1218 nostro

370 1277 761 1326 memoratas
791 1261 1063 1351 propius
1094 1263 1492 1353 attingunt.
1464 1263 1657 1328 Piso
1693 1262 2114 1352 Calpurnius,
2143 1259 2398 1348 inquit,
2431 1279 2511 1322 ex

370 1365 639 1453 antiqua
676 1366 955 1450 familia,
996 1368 1257 1432 scenico
1296 1368 1528 1433 habitu
1561 1366 1900 1458 tragoedias
1941 1365 2268 1434 actitavit.
2307 1365 2374 1428 in
2420 1364 2508 1428 la·

372 1471 663 1536 trunculi
682 1471 835 1536 lusu
856 1487 987 1535 tam
1020 1475 1345 1562 perfectus
1366 1489 1433 1538 et
1454 1473 1760 1556 callidus,
1779 1487 1858 1537 ut
1885 1471 1969 1537 ad
1999 1495 2150 1536 eum
2175 1469 2510 1536 ludentem

374 1591 765 1642 curreretur.
803 1577 911 1641 Ob
934 1577 1122 1642 hoec
1102 1580 1469 1644 insinuatus
1495 1583 1570 1645 C.
1597 1579 1826 1645 Coesari
1845 1627 1864 1661 ,
1897 1593 2166 1668 repente
2201 1577 2394 1641 etiam
2417 1597 2516 1638 re·

378 1681 631 1770 legatus
662 1698 763 1747 cst
782 1731 803 1766 ‚
832 1682 1013 1771 quod
1038 1685 1587 1750 consuetudinem
1617 1685 1904 1774 pristina
1929 1685 2150 1748 uxoris
2165 1731 2186 1764 ,
2213 1681 2510 1746 abductae

370 1785 497 1850 sibi
526 1786 609 1852 ab
628 1787 807 1876 ipso,
848 1786 1089 1854 deinde
1108 1791 1397 1856 remissae
1415 1838 1434 1872 ,
1470 1789 1803 1880 repetiisse
1829 1788 2330 1854 existimabatur.
2353 1788 2510 1852 Mox

368 1892 495 1957 sub
536 1893 817 1959 Claudio
856 1896 1194 1962 restitutus
1214 1943 1235 1979 ,
1260 1913 1329 1962 et
1352 1914 1506 1986 post
1531 1897 1956 1962 Consulatum
1997 1909 2286 1960 materna
2321 1893 2514 1958 haere-

366 1999 569 2064 ditate
612 1999 856 2066 ditatus
873 2049 892 2083 ‚
942 2003 1616 2094 magnificentissimus
1655 2001 1848 2086 vixit,
1881 2001 2126 2066 meritis
2171 1999 2508 2065 sublevare

364 2105 599 2194 inopes
642 2129 724 2172 ex
771 2123 1053 2196 utroque
1072 2109 1329 2191 -ordine
1360 2109 1594 2176 solitus
1609 2157 1628 2190 ,
1675 2108 1760 2174 de
1803 2108 1994 2197 plebe
2049 2123 2268 2172 autem
2299 2123 2507 2171 certos

366 2212 721 2298 quotannis
748 2213 831 2278 ad
854 2231 1225 2301 equestrem
1250 2238 1520 2280 censum
1546 2214 2060 2304 dignitatemque
2087 2213 2502 2302 provehere».

370 2317 711 2407 singulare
739 2317 907 2401 hoc,
946 2319 1125 2409 quod
1156 2319 1530 2386 scholiastes
1574 2319 1656 2384 de
1689 2320 1917 2409 peritia
1953 2319 2204 2384 Pisonis
2234 2319 2304 2383 in
2345 2315 2506 2383 ludo

366 2423 891 2490 latrunculorum
912 2443 1229 2492 memorat
1246 2475 1265 2510 ‚
1287 2427 1553 2516 copiose
1569 2425 1871 2492 laudatur
1895 2425 1977 2491 ab
2004 2441 2270 2490 auctore
2301 2447 2506 2514 pane·

368 2530 577 2619 gyrici
606 2553 669 2594 v.
707 2531 831 2596 180
860 2551 1045 2622 seqq.
1095 2534 1379 2600 Uxorem
1407 2533 1662 2598 Pisonis
1697 2554 1736 2599 a
1765 2535 1839 2598 C.
1872 2535 2120 2599 Caesare
2157 2529 2504 2596 abductam

370 2651 439 2698 et
465 2637 809 2702 remissam
838 2638 1194 2704 Suetonius
1210 2640 1403 2704 etiam
1430 2655 1680 2719 narrat,
1714 2639 1958 2704 Liviam
1998 2637 2360 2704 Orestillam
2386 2659 2506 2702 no-

370 2743 635 2808 minans
658 2743 790 2832 (2);
812 2744 928 2810 sed
944 2745 1053 2810 hic
1076 2769 1212 2811 non
1237 2747 1542 2812 Pisonem
1565 2747 1653 2810 ob
1671 2745 2018 2834 repetitum
2042 2767 2236 2810 usum
2261 2743 2504 2825 uxoris,

366 2862 437 2910 at
470 2869 745 2913 uxorem
779 2851 984 2938 ipsam
1012 2851 1359 2942 relegatam
1396 2867 1691 2916 testatur.
1737 2851 2105 2938 Utrumque
2147 2849 2502 2940 relegatum

368 2949 527 3017 dicit
564 2955 695 3018 Dio
726 2957 1017 3040 Cassius,
1044 2957 1156 3022 lib.
1192 2959 1361 3022 LIX.
1406 2957 1485 3022 ld
1521 2959 1761 3022 factum
1793 2961 1871 3022 A.
1901 2957 1983 3023 U.
2019 2956 2146 3046 789
2179 2954 2294 3044 (3).
2324 2956 2501 3020 Con-

367 3057 649 3125 sulatum
681 3061 821 3143 ejus
860 3063 987 3127 sub
1018 3062 1294 3128 Claudio
1325 3078 1582 3154 gestum
1618 3085 1944 3153 nusquam
1985 3063 2285 3146 invenio,
2333 3085 2498 3152 prte-

368 3177 665 3252 terquam
694 3168 776 3230 ab
803 3168 932 3232 hoc
958 3167 1297 3235 scholiaste
1318 3217 1337 3252 ,
1370 3185 1841 3251 memoratum3
1883 3185 2138 3234 tantum
2159 3171 2500 3234 Fastorum

369 3265 824 3336 Consularium
848 3273 1252 3338 confectores
1271 3321 1292 3355 ,
1312 3289 1376 3338 et
1396 3273 1463 3337 in
1486 3274 1588 3338 his
1614 3274 1998 3364 Onuphrius
2021 3273 2373 3340 Panvinius
2392 3273 2504 3337 Fa-

370 3388 623 3440 storum
650 3377 818 3442 libro
847 3377 911 3443 H
930 3427 949 3462 ,
982 3382 1062 3444 A.
1086 3381 1167 3446 U.
1206 3378 1325 3444 801
1366 3403 1518 3445 cum
1553 3381 1758 3446 Lucio
1785 3380 2045 3445 Vitellio
2087 3402 2166 3444 ex
2193 3378 2498 3444 Kalendis

368 3480 551 3551 Iuliis
570 3485 919 3550 suffectum
938 3486 1137 3552 fuisse
1152 3485 1301 3552 Tib.
1316 3487 1591 3552 Claudio
1611 3487 1842 3552 Caesari
1863 3503 1930 3553 et
1945 3489 2019 3553 A.
2039 3485 2295 3552 Vitellio
2313 3487 2492 3551 Coss.

434 3641 514 3708 (ι)
550 3635 637 3692 Ad
659 3635 850 3706 sav,
877 3657 929 3694 v.
964 3657 1082 3710 109.

436 3755 603 3826 (a).1n
634 3753 802 3826 caus.
822 3771 941 3828 cap.
966 3755 1051 3810 ²5.

434 3869 515 3940 (3)
535 3869 649 3922 Etsi
666 3868 773 3925 hoc
796 3887 986 3942 passus
1010 3869 1130 3924 Piso
1148 3887 1181 3924 a
1200 3869 1263 3924 C.
1284 3869 1487 3924 Coesare
1513 3883 1660 3940 erat,
1691 3869 1833 3924 idem
1856 3881 2036 3924 tamen
2053 3868 2294 3924 Ρίοοιιοπι
2317 3879 2498 3941 postea

366 3959 548 4012 fec‘ase
566 3995 583 4022 ,
605 3957 821 4013 Tacitus
846 3959 1037 4024 refert,
1070 3971 1123 4012 et
1146 3977 1369 4014 uxorem
1395 3960 1552 4014 amici
1587 3959 1929 4014 matrimonio
1955 3957 2252 4012 abstulisse.
2293 3957 2498 4010 Nomen

366 4045 577 4100 mulieri
608 4047 765 4102 Arria
798 4048 956 4103 Galla
974 4087 991 4116 ,
1036 4047 1199 4122 priori
1231 4049 1421 4102 marito
1452 4049 1718 4103 Domitius
1759 4047 1916 4102 Silius
1959 4047 2069 4102 suit.
2101 4047 2266 4102 Tacit.
2303 4045 2496 4100 Annal.

366 4133 491 4199 XV,
520 4151 637 4208 cap.
662 4133 751 4203 59.
