2975 4684
729 355 1180 425 EPITOME
1249 355 1671 423 ILIADOS
1736 352 2163 421 HOMERI.

2366 344 2503 421 555

577 482 680 548 Tu
713 504 981 573 quoque
1017 479 1290 575 Tydidae
1335 492 1741 575 prostratu8‚
1787 476 2123 559 Pandare,
2168 477 2399 545 dextra

480 586 749 657 Occidis
789 587 1050 675 infelix,
1087 605 1362 684 accepto
1399 588 1679 659 vulnere·
1713 588 1915 663 tristi.
2432 609 2509 655 ⁴⁵0

479 698 773 765 Dextera
800 723 930 792 qua
968 700 1150 768 naris
1189 700 1392 770 fronti
1437 698 1875 793 conjungitur
1910 698 2093 779 imae,

475 808 775 901 Dissipat
811 825 877 878 et
911 812 1261 881 cerebrum
1299 810 1501 907 galeae
1538 834 1689 879 cum
1733 823 1920 903 parte
1964 806 2295 876 revulsum
2317 859 2335 890 ,

478 920 780 1011 Ossaque
815 920 1096 989 confossi
1139 924 1394 1018 spargit
1425 921 1763 1017 Tydideus
1787 922 1981 989 ensis.

475 1031 758 1123 Jamque
793 1055 1063 1100 manum
1101 1036 1340 1102 AEneas
1377 1030 1573 1101 simul
1614 1046 1683 1099 et
1716 1027 2124 1123 Calydonius
2160 1026 2357 1094 heros

479 1138 929 1209 Contulerant
965 1142 1160 1235 jactis
1186 1144 1376 1242 ‘inter
1415 1168 1484 1211 se
1520 1142 1826 1212 cominus
1854 1138 2096 1223 hastiS‚

2431 1159 2508 1204 45⁵

477 1249 796 1345 Undique
834 1252 1167 1321 rimabant
1193 1253 1468 1323 inimico
1497 1267 1775 1348 pectora
1810 1250 2021 1333 ferro,

479 1362 568 1429 Et
605 1361 808 1431 modo
843 1361 1171 1432 cedebant
1203 1376 1424 1448 retro,
1463 1361 1665 1430 modo
1701 1358 1941 1429 deinde
1975 1358 2267 1427 coibant.

381 1566 559 1621 Nostri
575 1606 591 1631 ,
629 1568 770 1623 infra
806 1570 1202 1623 occurrentibus
1225 1610 1242 1637 ,
1281 1588 1396 1623 mo-

379 1646 613 1701 nendum
637 1650 921 1702 erit.-Ad
947 1652 1158 1701 Tartara
1179 1654 1318 1703 ducit
1336 1653 1398 1705 A.

451 1732 573 1795 449.
598 1734 868 1780 Prusa-atus
883 1732 1122 1790 Pindum
1143 1740 1201 1781 ut
1214 1748 1373 1801 supra
1385 1770 1400 1795 ,

379 1804 468 1859 hic
488 1811 720 1860 Pandare
740 1808 805 1861 G.
825 1826 870 1861 a.

1459 1598 1466 1605 ·
1485 1568 1739 1623 indicium
1758 1568 1863 1621 hoc
1882 1580 1959 1621 est
1980 1564 2235 1637 sequioris
2252 1561 2350 1615 ovi
2364 1602 2380 1630 ,
2404 1581 2512 1633 quo

1488 1650 1671 1703 formo
1691 1650 1804 1701 isto
1826 1648 2109 1701 verborum
2132 1642 2336 1696 dudum
2360 1643 2510 1695 obso-

1488 1731 1603 1783 letoe
1621 1727 1857 1783 revocari
1888 1728 1942 1779 in
1970 1742 2123 1779 usum
2158 1722 2417 1777 solebant.
2439 1750 2509 1761 -—

1487 1808 1806 1879 Exemplum
1830 1804 1977 1859 aliud
2000 1802 2257 1865 vidimus,
2292 1815 2510 1853 comem-

451 1888 572 1951 451.
605 1892 716 1955 Qua
737 1892 876 1941 naris
893 1890 1062 1957 fiunti
1085 1893 1403 1959 conjungitur
1479 1892 1718 1959 plac-eric,
1768 1888 1823 1939 in
1864 1886 2163 1955 fragmento
2199 1883 2407 1935 Nemes.
2441 1878 2510 1932 de

378 1970 506 2018 imoe.
549 1966 852 2021 Mutuatum
893 1968 998 2021 boc
1044 1988 1154 2023 esse
1193 1966 1399 2022 videtur

379 2045 450 2098 ab
483 2044 676 2098 Ovidio
693 2084 709 2111 ,
731 2047 861 2101 Met.
885 2047 1014 2113 lm,
1055 2046 1155 2101 315
1177 2065 1191 2100 ε
1222 2072 1244 2093 ·
1263 2046 1400 2101 inter

379 2127 490 2179 duo
543 2126 740 2179 lumina
797 2127 995 2180 smum
1023 2164 1040 2190 ‚
1085 2126 1206 2192 Qua
1259 2126 1398 2179 naris

377 2206 542 2259 fromi
563 2206 932 2268 committitur,
959 2205 1177 2277 accipit,
1201 2205 1318 2257 imae
1337 2230 1377 2255 n.

450 2285 571 2350 453.
601 2292 827 2354 Ossaque
850 2287 1083 2352 confossa
1111 2288 1298 2355 spat-gie
1317 2284 1394 2337 le-

377 2378 512 2435 gunt
560 2363 680 2418 edd.
729 2384 853 2418 cum
901 2365 961 2416 A.
1015 2376 1069 2417 et
1114 2364 1360 2417 Bar-thius
1378 2403 1393 2430 ,

377 2443 517 2497 Adv.
545 2464 601 2517 p.
636 2462 774 2515 ²770
799 2455 930 2497 extr.
959 2444 1062 2497 hoc
1085 2442 1395 2497 eruditionis

378 2542 491 2577 esse
517 2536 664 2579 notat
689 2523 836 2597 quod
863 2536 1048 2579 auctor
1079 2524 1134 2576 in
1161 2525 1396 2593 confossa

375 2603 634 2676 syllabam
655 2604 868 2675 longam
889 2604 1070 2657 fecerit
1087 2614 1208 2657 ante
1221 2603 1397 2658 literas

377 2704 462 2752 sp‚·
495 2682 588 2737 sed
611 2684 830 2751 confossi
843 2683 1022 2754 potius
1051 2682 1153 2755 leg.
1181 2700 1295 2735 esse
1319 2682 1397 2734 vi-

377 2762 570 2815 derunt
596 2762 826 2835 Dor-pius
851 2774 902 2815 et
929 2762 1217 2817 Bussenius
1241 2761 1294 2814 ll.
1317 2780 1393 2815 cc.

377 2841 626 2915 idemque
657 2854 860 2917 exstare
895 2842 954 2894 in
993 2840 1112 2896 cod.
1141 2842 1234 2895 MS
1263 2840 1395 2894 Bur-

376 2922 561 2975 manni
582 2933 858 2983 testantur,
878 2921 962 2973 cui
981 2940 1082 2992 ego
1102 2920 1395 2992 adjungere

375 3000 615 3054 codicem
639 3000 857 3053 Helmst.
879 3018 1107 3071 possum.
1127 3000 1294 3053 Aliter
1311 3011 1394 3052 ta-

375 3100 498 3135 men
521 3080 588 3135 G.
617 3100 644 3133 a
665 3099 680 3134 ε
707 3086 930 3148 Ossaque
954 3100 1062 3131 omn
1081 3083 1238 3147 galea
1257 3098 1396 3149 spar-

372 3164 452 3229 gie
469 3164 743 3227 Thsydeius
764 3160 846 3213 vel
865 3163 1071 3212 Tke'et'eus
1089 3166 1235 3211 ensis.

447 3240 566 3306 454.
593 3248 806 3308 Jamque
825 3260 1025 3293 manum
1043 3244 1233 3291 AEneas
1255 3241 1398 3290 simul

375 3336 424 3373 ee
448 3322 762 3386 Cahdom'us.
777 3318 862 3373 sic
883 3320 1088 3391 scripsi,
1109 3317 1274 3371 ductu
1301 3335 1392 3370 co·

375 3400 507 3455 dicis
535 3398 754 3453 Helmst.
789 3410 838 3450 et
866 3398 933 3451 G.
976 3416 1024 3450 2.
1055 3400 1188 3451 Nam
1208 3396 1392 3450 Torini

375 3479 461 3533 ed.
503 3498 626 3533 cum
668 3476 786 3531 cod.
825 3478 889 3530 A.
915 3476 1156 3529 scabrum
1181 3494 1394 3531 versum

375 3560 584 3613 exhibet
605 3578 618 3612 ε
652 3566 864 3626 Jamque
908 3576 1082 3609 manus
1122 3560 1306 3607 Encas
1347 3572 1397 3607 et

378 3640 672 3706 Cah‘dom‘us
689 3642 848 3689 heros.
873 3637 1014 3707 Lips.
1035 3635 1191 3688 etiam
1209 3635 1394 3688 vitiose

375 3724 587 3787 Jamque
599 3722 787 3769 AEneas
813 3720 959 3768 simul
981 3734 1156 3767 mames
1183 3730 1232 3766 ec
1245 3718 1392 3779 Caly·

375 3802 548 3851 danius
569 3802 725 3850 heros.

447 3878 566 3943 456.
597 3881 824 3946 Undique
855 3880 1116 3928 rimabam.
1157 3876 1242 3928 Sic
1280 3892 1390 3927 om-

373 3976 468 4011 nes
493 3956 672 4029 scripti
692 3970 743 4011 et
761 3955 959 4019 excusi,
977 3974 1110 4027 quos
1127 3955 1252 4009 vidi.
1277 3956 1392 4008 Hoc

373 4048 546 4091 tamen
563 4038 786 4090 verbum
813 4037 978 4090 activa
1007 4035 1178 4089 forma
1209 4034 1262 4087 iu
1301 4054 1393 4087 no·

373 4116 559 4175 biliore
579 4128 730 4191 poeta
748 4115 963 4189 reperiri
983 4115 1070 4167 vix
1101 4128 1248 4189 puto.
1287 4111 1392 4168 Sed

1487 1971 1735 2043 aucupio,
1758 1990 1810 2025 v.
1826 1970 1879 2035 33
1897 1967 2057 2039 hujus
2075 1984 2163 2037 op.
2182 1976 2221 2017 t.
2245 1964 2290 2029 1,
2310 1981 2362 2033 p.
2388 1961 2507 2015 182.

1486 2050 1585 2105 En.
1625 2081 1695 2091 —
1739 2050 2001 2103 Caeterum
2038 2044 2322 2097 verborum
2360 2044 2509 2093 n'ma-

1486 2134 1611 2182 bant
1618 2128 1975 2200 pectorasem
1991 2142 2172 2178 sensus
2192 2134 2269 2176 est
2282 2164 2297 2187 ,
2327 2139 2511 2194 specu·

1482 2211 1731 2263 labantur
1752 2220 1801 2261 et
1820 2206 2115 2270 tentabant,
2131 2222 2237 2276 qua
2258 2213 2409 2275 parte
2428 2200 2509 2253 vel

1484 2309 1592 2361 quo
1614 2289 1733 2343 loco
1759 2292 1953 2343 vulnus
1992 2283 2289 2356 infligerent
2320 2280 2509 2335 adver-

1485 2370 1658 2431 sarim
1692 2367 1853 2441 idque
1880 2366 2048 2437 magis
2070 2362 2303 2418 declarat
2326 2380 2509 2417 versus

1487 2450 1609 2515 458,
1628 2460 1743 2501 tum
1763 2466 1923 2500 versu
1947 2444 2051 2515 ⁵93
2072 2443 2255 2497 eadem
2279 2444 2505 2497 formula

1483 2530 1691 2599 plenius
1724 2527 1998 2601 repetitur.
2038 2558 2109 2567 -
2148 2523 2249 2579 Sed
2288 2524 2507 2577 fortasse

1482 2608 1765 2680 legendum
1786 2620 1864 2661 est
1881 2610 2139 2667 limabant,
2168 2605 2201 2656 i.
2223 2622 2267 2657 e.
2283 2606 2509 2676 stringe-

1485 2689 1613 2741 bant
1631 2731 1646 2754 ‚
1674 2688 1910 2741 terebant
1927 2726 1944 2752 ,
1964 2687 2049 2739 vel
2068 2686 2316 2745 libabant,
2359 2682 2505 2754 quod

1483 2767 1715 2821 occurrit
1752 2784 1907 2820 versu
1950 2770 2071 2818 διο.
2107 2766 2210 2817 En.
2258 2795 2327 2803 —
2371 2762 2507 2815 Hinc

1483 2858 1731 2919 apparet,
1778 2846 1958 2918 inepta
2007 2857 2060 2896 et
2108 2844 2177 2896 ab
2222 2841 2506 2913 interpola·
2559 2894 2572 2902 ‚

1483 2928 1627 2979 tione
1665 2926 1901 2996 profecta
1943 2942 2055 2976 esse
2090 2922 2253 2974 verba
2273 2960 2288 2986 ,
2313 2922 2507 2993 quibus

1483 3004 1607 3058 cod.
1636 3004 1859 3057 Helmst.
1898 3004 2041 3056 hunc
2075 3020 2282 3055 versum
2320 3002 2505 3055 fulcit:

1487 3087 1711 3151 Undique
1725 3086 1974 3135 rimabane
1987 3084 2283 3149 inimicaque
2300 3102 2507 3151 corpora

1465 3165 1722 3232 fiendum.-
1745 3162 1837 3215 sed
1854 3161 1918 3214 G.
1942 3181 1969 3214 2
1993 3162 2117 3233 legit
2136 3162 2503 3231 corpor-asem.
2567 3210 2573 3215 .

1480 3242 1731 3297 Similiter
1753 3241 1953 3295 Saleius
1968 3242 2161 3295 Bassus
2176 3242 2229 3293 in
2248 3260 2413 3295 carm.
2438 3242 2507 3295 ad

1482 3322 1753 3387 Pisonem,
1771 3340 1823 3374 v.
1852 3340 1945 3393 171
1968 3341 1981 3375 :
2020 3348 2045 3367 α
2069 3320 2135 3373 Et
2162 3340 2307 3374 nunc
2334 3322 2505 3375 vivaci

1480 3403 1731 3455 scrutaris
1758 3413 1971 3473 pectora
1998 3400 2178 3454 dextra
2198 3441 2213 3467 ,
2246 3401 2403 3453 Nunc
2428 3402 2505 3454 la-

1481 3492 1567 3533 tus
1608 3480 1891 3533 adversum
1934 3498 2033 3532 nec
2080 3480 2237 3551 opino
2280 3481 2509 3550 percutis

1479 3560 1587 3613 ictu
1614 3585 1657 3612 ι.
1680 3590 1751 3601 —-
1770 3560 2113 3613 Luculentius
2141 3559 2285 3611 hunc
2307 3560 2509 3614 riman·

1481 3638 1539 3691 di
1567 3653 1619 3693 et
1644 3639 1961 3693 observandi
1997 3652 2173 3691 actum
2207 3639 2505 3693 describere

1479 3716 1691 3772 videtur
1712 3738 1836 3771 sane
1856 3719 2033 3785 Silius,
2054 3716 2185 3771 xm
2202 3759 2217 3782 ,
2245 3716 2341 3771 163
2361 3738 2375 3769 :
2396 3744 2421 3763 α
2437 3720 2505 3771 At

1479 3816 1590 3850 non
1628 3797 1769 3850 idem
1804 3798 2011 3849 animus
2050 3796 2275 3860 Rutu103
2305 3808 2504 3867 specta-

1479 3888 1589 3940 tur,
1623 3889 1675 3930 et
1722 3875 1867 3929 omni
1910 3876 2145 3948 Corpore
2190 3877 2502 3947 perlustrat,

1479 3974 1587 4026 qua
1620 3954 1685 4009 sit
1716 3954 1999 4008 certissima
2032 3954 2172 4007 ferro
2214 3956 2277 4007 In
2312 3956 2503 4017 vulnus

1479 4035 1559 4085 via
1576 4072 1591 4098 ,
1632 4053 1774 4087 nunc
1796 4032 2003 4096 vibrat,
2038 4052 2179 4086 nunc
2200 4035 2503 4107 comprimit

1479 4112 1719 4181 hastam,
1758 4124 1859 4165 etc.
1890 4139 1913 4158 ··
1946 4112 2043 4173 Eu.
