2975 4684
382 367 518 466 398

1045 333 1839 431 EPITHALAMIUM

476 493 659 584 Quid
705 511 1062 558 memorem
1101 509 1316 556 mores
1347 483 1625 577 juvenili
1660 485 1729 551 in
1760 481 1960 550 corde
2000 477 2277 560 seniles,

474 611 692 699 Atque
725 600 968 671 Italum
1006 597 1346 692 ingenium
1382 599 1682 663 Romana
1718 593 1966 664 fervere
2004 586 2277 682 lingua?

473 719 578 784 Tu
618 714 761 782 fora
780 765 798 798 ,
837 725 912 778 tu
949 708 1127 802 leges
1165 703 1489 792 celebras,
1532 718 1970 796 sanctumque
2012 696 2340 780 tribunal,

476 829 922 916 promptaque
961 817 1334 912 impavidus
1371 830 1444 884 tu
1482 829 1712 885 suetus
1748 813 1969 881 dic‘ere
2000 809 2263 878 dextra:

477 931 572 1006 Te
604 936 896 1003 insontes
929 927 1218 1024 palmam
1257 950 1518 1020 semper
1553 925 1845 994 tribuere
1882 935 2203 1015 patron03
2460 933 2511 970 2⁵

472 1053 568 1119 Te
610 1058 844 1114 contra
879 1040 1246 1109 adstantem
1284 1059 1545 1129 semper
1580 1035 1861 1102 timuere
1894 1043 2229 1098 nocenteS.

478 1164 758 1230 Prorsus
791 1151 996 1220 habes
1023 1149 1287 1242 juvenis
1321 1161 1539 1215 totum
1584 1142 1766 1238 quod
1790 1138 2049 1210 Tullius
2085 1149 2318 1206 auctor

483 1263 902 1339 Caussidicos
944 1259 1230 1327 retinere
1265 1257 1489 1350 jubet:
1529 1277 1685 1322 nam
1713 1249 1919 1322 fultus
1954 1263 2269 1338 utroque,

481 1379 608 1447 Vir
647 1377 862 1444 bonus
903 1395 971 1439 es
1007 1369 1323 1436 nimium.
1358 1421 1372 1434 .
1404 1419 1420 1435 .

581 1487 686 1557 Ad
730 1501 796 1554 te
831 1508 968 1552 non
1005 1480 1318 1564 breviter,
1358 1501 1517 1548 nam
1552 1477 1647 1544 sic
1684 1490 1750 1543 te
1788 1471 1958 1541 velle
1998 1481 2349 1564 putamus,
2458 1480 2513 1520 ³0

401 1657 414 1672 .
478 1597 699 1668 Verba
721 1649 740 1683 ,
763 1591 984 1688 puella
1003 1645 1022 1678 ,
1060 1590 1302 1659 feram:
1333 1586 1620 1682 pulchro
1654 1584 1945 1654 formosa
1989 1569 2245 1664 colore,

484 1707 654 1780 Lilia
691 1731 812 1776 ceu
845 1705 1101 1772 niteant
1133 1697 1353 1768 rutilis
1386 1697 1745 1766 commixta
1782 1692 2046 1776 rosetis,
2145 1740 2153 1746 -

391 1915 586 1964 nonnae
603 1905 886 1979 legendum
915 1914 992 1958 est
1017 1903 1235 1954 nomina.
1266 1901 1407 1951 Lau·

390 2003 566 2046 rentes
587 1984 848 2060 Nympha!
874 1982 1005 2035 dant
1028 1980 1120 2034 tibi
1139 2021 1154 2045 ‚
1173 1981 1408 2032 Lauren-

390 2070 428 2122 ti
445 2111 461 2137 ,
479 2066 711 2122 nomina.
732 2062 834 2118 Sed
855 2061 923 2115 ad
940 2061 1082 2113 hanc
1099 2057 1410 2112 sententiam

391 2149 622 2205 auctoris
659 2141 1029 2197 illustrandam
1087 2139 1254 2208 magis
1303 2137 1410 2208 apti

394 2241 517 2283 sunt
537 2244 716 2280 versus
731 2223 886 2295 Virg.
922 2219 1167 2272 AEn.vll
1190 2256 1205 2281 ,
1244 2217 1308 2280 45
1331 2236 1409 2289 sq.

393 2336 418 2355 a
436 2309 545 2361 Rex
585 2323 705 2358 arva
746 2301 967 2354 Latinus
1003 2311 1056 2351 et
1096 2299 1253 2350 urbes
1291 2297 1410 2348 Jam

394 2387 570 2443 senior
589 2385 746 2453 longa
773 2377 1007 2452 placidas
1033 2378 1088 2429 in
1115 2393 1246 2447 pace
1269 2393 1414 2447 rege·

393 2469 500 2520 bat.
527 2465 684 2516 Hunc
708 2461 894 2512 Fauno
925 2469 976 2510 et
996 2455 1246 2530 Nympha
1270 2455 1414 2528 geni·

395 2560 510 2599 tum
529 2546 792 2596 Laurente
807 2538 1012 2591 Marica
1030 2535 1331 2608 Accipimus
1349 2559 1389 2587 n.

470 2642 551 2676 21.
572 2627 734 2672 Mores
741 2618 950 2687 juvenili
960 2618 1012 2666 in
1043 2618 1193 2667 eorde
1214 2615 1409 2666 seniles.

394 2702 658 2778 Spurinna
672 2737 686 2764 ,
707 2696 813 2750 od.
839 2698 868 2748 1
885 2733 900 2759 ,
921 2713 977 2765 7,
1003 2719 1030 2739 «ι
1051 2693 1255 2747 senium
1273 2711 1416 2746 men·

395 2787 462 2838 tis
491 2779 790 2852 compositas
807 2803 832 2822 a
867 2785 1054 2838 vocat3
1095 2771 1415 2826 Claudianus

397 2892 424 2911 α
439 2862 674 2916 animum
693 2855 968 2920 senilem»,
990 2852 1058 2905 de
1075 2852 1236 2906 Cous.
1255 2851 1412 2904 Proh.

404 2945 502 3008 154
527 2984 542 3008 ,
571 2967 596 2986 α
619 2937 719 2994 Sed
748 2934 993 3008 gravibus
1017 2932 1158 2986 curis
1181 2931 1415 2984 animum

401 3016 600 3076 sortita*
611 3017 828 3071 senilem
853 3015 1016 3085 Ignea
1039 3013 1282 3083 longoevo
1307 3011 1414 3063 fre.-

399 3113 555 3154 natur
580 3096 740 3152 corde
756 3097 1005 3168 juventus
1031 3117 1075 3146 ι.

476 3199 560 3233 22.
592 3183 818 3229 Romana
835 3173 1035 3241 server-e
1057 3174 1252 3240 Iin'gua,
1285 3170 1419 3223 mul·

400 3275 516 3312 tum
549 3254 782 3309 exerceri
820 3250 1122 3322 eloquentia
1152 3253 1416 3314 Romana,

401 3351 453 3394 et
473 3335 669 3392 caussis
693 3333 746 3384 in
769 3332 884 3383 foro
914 3329 1168 3383 dicendis.
1231 3361 1240 3368 -

477 3415 636 3470 25.Te
648 3413 1113 3476 insontespalmam‚
1131 3408 1186 3460 h.
1205 3426 1251 3461 e.
1269 3420 1322 3460 te
1333 3406 1422 3462 de·

401 3495 650 3551 fendente
666 3490 896 3543 insontes
911 3504 1147 3538 caussam
1162 3487 1422 3556 vicerunt,

402 3594 569 3648 eoque
594 3570 690 3623 tibi
715 3567 942 3640 palmam
968 3563 1290 3620 detulerunt.
1315 3568 1420 3619 Lo·

403 3675 496 3710 cus
529 3653 620 3706 hic
659 3665 854 3701 morem
875 3684 890 3708 ‚
915 3656 1256 3716 patronorum
1285 3646 1423 3699 fores

405 3734 588 3808 palmis
651 3724 973 3791 exornandi,
1017 3722 1248 3777 declarat
1308 3737 1424 3796 post

289 3814 304 3832 ⁸
408 3817 570 3884 alios,
613 3829 747 3884 quos
794 3803 1106 3859 adduximus
1157 3802 1222 3858 ad
1271 3804 1423 3860 Saleii

405 3895 550 3948 Bassi
573 3907 784 3944 carmen
800 3925 814 3950 ,
843 3905 894 3937 v.
919 3887 1005 3938 31.

482 3977 566 4025 26.
594 3975 658 4020 Te
693 3981 868 4019 eontra
902 3969 1203 4025 adstantem,
1229 3963 1282 4016 id
1310 3975 1387 4017 est
1408 4003 1424 4027 ,

409 4049 762 4106 adversarium
785 4083 801 4108 ‚
824 4043 910 4096 vel
939 4056 1313 4098 accusatorem.
1341 4045 1426 4098 sic

403 4125 633 4184 Martial.
665 4127 694 4178 1
717 4166 732 4191 ,
769 4125 836 4187 54
856 4161 872 4186 ,
901 4141 996 4176 12:
1027 4151 1053 4170 α
1075 4123 1190 4178 Stat
1213 4131 1427 4180 contra,

1496 1897 1727 1970 dicitque
1754 1895 1851 1948 tibi
1888 1906 1980 1947 tua
2006 1892 2199 1966 pagiua
2222 1907 2236 1940 :
2266 1889 2353 1940 fur
2398 1905 2451 1942 es
2472 1913 2518 1938 ι.

1496 1977 1757 2048 Spurinna
1777 2014 1793 2039 ,
1811 1975 1912 2038 IV,
1944 1980 1975 2037 4
1991 2015 2005 2039 ,
2031 1999 2053 2019 ι
2072 1973 2156 2026 Sta
2184 1979 2362 2022 contra
2389 1967 2521 2021 assi-

1498 2057 1605 2111 duo
1630 2055 1766 2128 pede
1784 2082 1829 2108 n.

1570 2139 1652 2190 28.
1678 2136 1980 2188 caussidicos
2000 2135 2206 2184 retinere
2218 2131 2373 2197 jubet.
2398 2126 2521 2178 Ma-

1498 2218 1685 2272 nifeste
1714 2214 1925 2287 respicit
1948 2213 2207 2267 celebrem
2232 2209 2373 2262 illam
2400 2207 2523 2260 fini-

1500 2299 1695 2351 tionem
1715 2293 1940 2349 oratoris
1955 2333 1970 2359 ,
1991 2311 2023 2346 a
2043 2291 2370 2356 Quintiliano
2389 2329 2405 2352 ,
2426 2287 2521 2340 lib.

1501 2377 1607 2428 XII
1625 2418 1640 2442 ‚
1682 2394 1705 2428 1
1734 2413 1750 2440 ,
1786 2374 2012 2426 multum
2052 2368 2321 2422 laudatam
2364 2377 2523 2436 atque

1501 2455 1771 2510 defensam
1795 2492 1811 2519 ,
1842 2471 1946 2526 qua
1988 2450 2259 2504 dicebatur
2302 2465 2413 2501 esse
2436 2450 2527 2498 vir

1502 2540 1655 2588 bonus
1669 2575 1685 2598 ‚
1732 2537 1929 2587 dicendi
1960 2533 2167 2601 peritus.
2228 2529 2358 2594 Quoe
2396 2527 2524 2580 licet

1500 2617 1729 2689 primum
1749 2625 2013 2668 auctorem
2026 2611 2101 2662 Μ.
2114 2611 2365 2663 Catonem
2380 2647 2396 2672 ,
2413 2625 2524 2660 non

1503 2697 1807 2751 Ciceronem
1827 2735 1843 2760 ,
1866 2692 2139 2754 habuerit,
2162 2701 2293 2742 teste
2332 2687 2523 2742 eodem

1503 2775 1667 2828 Fabio
1682 2775 1716 2828 1.
1732 2793 1780 2828 c.
1802 2784 1851 2825 et
1871 2772 2045 2825 Plinio
2058 2811 2072 2836 ,
2087 2769 2253 2842 Epist.
2268 2767 2372 2833 IV,
2390 2785 2447 2837 7,
2465 2767 2495 2820 5
2508 2806 2527 2832 ,

1504 2867 1683 2908 noster
1720 2868 1898 2907 tamen
1938 2863 2121 2905 auctor
2154 2847 2393 2903 Ciceroni
2424 2847 2525 2899 tri-

1504 2935 1640 2994 buit,
1662 2934 1769 2986 sive
1784 2932 2032 2985 memoria
2054 2929 2215 2982 falsus
2226 2969 2241 2993 ,
2258 2927 2367 2981 sive
2382 2923 2528 2998 quod

1504 3014 1811 3068 Ciceronem
1847 3011 1989 3064 idem
2026 3010 2225 3062 sentire
2253 3019 2307 3060 et
2334 3006 2526 3077 sapius

1502 3095 1765 3147 inculcare
1781 3131 1795 3158 ,
1832 3103 1893 3145 ut
1927 3089 1995 3144 de
2028 3090 2177 3144 Orat.
2216 3089 2297 3153 11,
2337 3105 2401 3139 ὀ
2419 3127 2436 3152 ,
2474 3097 2531 3138 et

1505 3173 1622 3225 aliis
1650 3173 1779 3226 locis
1796 3211 1813 3236 ‚
1840 3171 2002 3224 scivit.
2030 3169 2108 3220 Ex
2132 3167 2233 3221 hac
2270 3165 2531 3220 sententia

1506 3271 1689 3306 versus
1713 3269 1937 3325 sequens
1960 3251 2031 3302 ita
2054 3245 2356 3321 implendus
2377 3243 2528 3300 vide·

1506 3343 1595 3384 tur
1610 3351 1624 3385 :
1645 3333 1779 3384 «Vir
1793 3333 1965 3384 bonus
1978 3349 2033 3383 es
2046 3329 2271 3381 nimium
2292 3323 2533 3380 dicendi-

1508 3430 1613 3483 que
1640 3423 1751 3464 arte
1774 3409 1972 3482 peritus
1989 3407 2323 3462 ».—-Eodem
2346 3425 2529 3477 respe-

1510 3489 1585 3542 xit
1600 3489 1823 3543 Rutilius
1838 3527 1853 3551 ,
1872 3489 1991 3541 Itin.
2010 3489 2060 3550 Ι,
2083 3487 2205 3559 275,
2220 3486 2289 3539 de
2304 3485 2527 3539 Messala

1508 3571 1757 3642 loquens:
1773 3569 1908 3622 «Hic
1924 3567 2105 3621 docuit
2120 3569 2332 3638 qualem
2350 3577 2533 3638 poscat

1511 3649 1755 3704 facundia
1784 3648 1990 3714 sedem,
2012 3647 2088 3700 Ut
2112 3647 2283 3700 bonus
2308 3663 2419 3699 esse
2444 3663 2531 3696 ve-

1512 3729 1575 3782 lit
1592 3766 1607 3792 ,
1631 3730 1859 3802 quisque
1882 3726 2106 3780 disertus
2132 3725 2233 3779 erit
2253 3750 2297 3776 ι.
2316 3724 2413 3778 En.

1586 3809 1673 3862 32.
1701 3811 1870 3861 flatilis
1904 3809 2169 3859 commixta
2201 3808 2387 3858 rosetis.
2424 3805 2532 3857 Ro·-

1514 3901 1681 3942 setnm
1699 3905 1799 3962 pro
1818 3905 1935 3941 msa
1952 3886 2179 3960 positum
2198 3905 2229 3937 a
2246 3883 2533 3939 serioribus

1512 3967 1683 4040 poetis
1700 4005 1716 4032 ,
1742 3965 2015 4020 observavi
2034 3966 2145 4037 jam
2169 3961 2237 4018 ad
2256 3963 2531 4036 Reposiani

1514 4065 1726 4101 carmen
1750 4087 1765 4111 ‚
1792 4065 1845 4099 v,
1874 4045 1960 4099 58.
1982 4043 2199 4096 -Vide
2234 4044 2387 4097 etiam
2414 4059 2533 4113 quaa

1516 4124 1776 4181 Wernsd.
1796 4123 1993 4179 notavit
2014 4123 2083 4178 ad
2100 4123 2352 4196 Lyn-icum
2364 4119 2503 4174 vm
2516 4161 2531 4184 ‚

1648 4227 1685 4248 ἢ
