2975 4684
564 377 656 422 20
1084 351 1217 420 DE
1264 349 1698 422 LUCILIO
1748 352 2192 426 JUNIORE

560 499 822 550 curator
864 481 1088 550 Siciliae
1104 528 1125 564 ,
1164 481 1238 546 in.
1270 481 1804 548 memorabilibus
1835 484 1973 564 ejus
1991 485 2358 572 provinciae
2371 533 2390 568 ,
2429 487 2696 575 quae:ab

558 615 639 656 eo
676 591 991 656 celebrata
1019 611 1417 672 versuesse,
1452 589 1696 654 Seneca
1735 589 1917 670 testis
1947 606 2066 656 est.
2099 591 2450 656 SiGellius
2477 595 2701 658 scribit

558 699 671 763 lib.
690 698 737 760 ,1
754 744 772 779 ,
809 719 949 784 cap.
986 693 1067 760 3:
1104 695 1244 758 Hoc
1281 691 1569 783 profecto
1605 717 1800 760 ‚nemo
1835 697 2193 783 ignoravit,
2249 699 2440 762 etiam
2477 701 2698 788 prius·

556 827 751 894 quam
803 803 1110 891 Theognis
1131 850 1153 883 ,
1204 815 1299 866 ut.
1322 804 1421 866 ait
1466 801 1780 882 Lucilius,
1827 819 2192 867 nasceretur
2209 829 2236 885 ;
2281 826 2417 868 non
2454 805 2646 870 video
2667 852 2696 888 ,

555 909 889 999 quomodo
920 909 1051 973 hoc
1073 907 1494 996 proverbium
1521 907 1590 971 in
1610 907 1986 972 hexametro
2005 911 2115 974 ‘vel
2140 910 2268 974 alio
2299 933 2528 992 versu,
2559 935 2697 1000 quo

552 1017 837 1082 Lucilius
864 1014 1170 1080 Satiricus
1196 1014 1485 1102 scripsit,
1517 1029 1765 1078 exstare
1785 1013 2106 1104 potuerit3
2139 1013 2254 1080 sed
2281 1037 2316 1078 e
2342 1039 2537 1105 prosa
2557 1040 2699 1082 ora-

552 1125 733 1189 tione
756 1120 1029 1202 alicujus
1048 1119 1279 1184 Lucilii
1303 1135 1644 1207 sumptum
1683 1135 1809 1202 est,
1850 1143 1979 1209 qua
2008 1122 2347 1186 Iuniorem
2375 1124 2696 1188 nonnulla

555 1229 919 1318 scripsisse,
954 1250 991 1290 e
1038 1227 1280 1292 Seneca
1324 1226 1768 1317 intelligimus.
1802 1228 1890 1291 Et
1919 1227 2350 1316 proferuntur
2399 1229 2696 1317 quaedam

554 1339 695 1402 loca
726 1352 795 1400 et
820 1333 1155 1400 sententiae
1180 1333 1409 1398 Lucilii
1437 1357 1474 1397 a
1502 1335 1826 1399 veteribus
1865 1333 2313 1400 Grammaticis
2335 1384 2354 1419 ,
2381 1359 2526 1424 quae
2557 1359 2694 1403 non

552 1459 763 1532 poetas
778 1491 796 1524 ,
848 1441 961 1506 sed
994 1439 1390 1530 grammatici
1420 1441 1524 1504 vel
1548 1440 1828 1505 rhetoris
1852 1457 2171 1530 praecepta
2201 1463 2340 1506 esse
2365 1440 2694 1508 videntur.

552 1549 731 1613 Talia
762 1564 955 1625 sunt,
989 1569 1133 1636 quae
1168 1570 1207 1610 a
1235 1547 1457 1610 Servio
1482 1545 1572 1611 ad
1587 1545 1744 1612 AEn.
1767 1546 1900 1630 IX,
1941 1545 2099 1634 579,
2135 1571 2174 1612 a
2214 1548 2420 1612 Curio
2456 1549 2696 1614 Fortu-

554 1669 685 1720 nat.
712 1657 847 1720 Art.
874 1653 1066 1717 Rhet.
1094 1651 1207 1717 lib.
1233 1653 1363 1733 111,
1396 1676 1459 1741 p.
1490 1673 1580 1717 m.
1604 1674 1690 1739 92
1708 1700 1728 1735 ,
1763 1668 1828 1717 et
1855 1653 1934 1716 ab
1949 1651 2248 1738 Isidoro,
2279 1653 2460 1742 Orig.
2479 1652 2593 1718 lib.
2627 1655 2692 1737 Ι,

552 1784 691 1849 cap.
729 1759 809 1823 32
830 1806 848 1841 ,
882 1757 1323 1823 adducuntur.
1357 1761 1445 1824 At
1473 1759 1798 1824 Lucilium
1825 1761 1858 1823 J
1863 1760 2160 1823 uniorem
2189 1759 2506 1823 nonnulla
2543 1780 2696 1847 pro-

550 1870 750 1947 saica,
794 1883 863 1931 et
902 1865 985 1930 ad
1026 1865 1531 1930 Grammaticam
1557 1866 1972 1955 pertinentia
2019 1866 2380 1954 scripsisse,
2419 1865 2607 1930 facile
2653 1889 2694 1931 e

544 1975 805 2040 Senecae
831 1972 1117 2060 epistolis
1148 1970 1411 2060 probari
1442 1988 1660 2059 potest
1679 2021 1698 2052 ,
1736 1971 1978 2061 quibus
2011 1987 2076 2036 et
2111 1973 2348 2060 scripta
2377 1971 2516 2052 ejus
2549 1973 2692 2036 lau-

546 2080 695 2160 dat,
734 2096 801 2142 et
829 2099 1162 2142 sermones
1202 2075 1285 2141 de
1317 2077 1514 2142 rebus
1541 2079 1972 2166 grammaticis
2011 2100 2166 2142 cum
2199 2100 2278 2142 eo
2317 2079 2690 2142 communi-

548 2201 668 2250 cat.
704 2187 856 2248 Haec
891 2200 958 2248 et
995 2183 1149 2264 alia,
1194 2207 1337 2270 quae
1372 2182 1544 2250 forte
1581 2201 1968 2268 occurrant,
1997 2187 2052 2250 si
2083 2185 2426 2274 diligenter
2453 2201 2690 2250 noten-

549 2308 694 2371 tur,
739 2289 977 2376 poterit
1026 2302 1201 2352 certe
1246 2309 1492 2352 nomen
1531 2288 1758 2354 Lucilii
1792 2289 2078 2354 Iunioris
2124 2289 2206 2353 ab
2257 2288 2686 2374 obscuritate,

550 2419 680 2485 qua
714 2415 1102 2482 oppressum
1130 2392 1344 2458 adhuc
1369 2393 1605 2476 jacuit,
1649 2393 1960 2458 vindicari
1977 2442 1996 2477 ,
2043 2395 2392 2483 notiusque
2421 2395 2688 2460 eruditis

534 2499 766 2582 reddi,
784 2497 988 2588 ·quod
1012 2516 1079 2563 et
1114 2521 1237 2564 nos
1272 2499 1653 2588 fragmentis
1676 2499 1815 2580 ejus
1836 2549 1857 2582 ,
1891 2501 2182 2588 quamvis
2207 2503 2428 2590 paucis
2451 2549 2472 2582 ,
2507 2523 2546 2566 e
2574 2503 2688 2568 Se-

546 2629 705 2672 neca
733 2604 1151 2694 excerpendis
1168 2653 1187 2687 ,
1220 2617 1415 2693 atque
1442 2603 1662 2670 AEtnae
1693 2605 2114 2686 subjiciendis
2131 2656 2150 2690 ,
2179 2607 2544 2672 curavimus
2567 2605 2686 2696 (1).

630 2713 803 2776 Eum
833 2710 1104 2800 Neapoli
1132 2709 1487 2774 oriundum
1515 2709 1748 2795 fuisse,
1783 2735 1860 2777 ex
1886 2713 2144 2777 Senecae
2179 2713 2366 2801 epist.
2389 2737 2516 2777 1.111
2547 2713 2692 2780 col-

540 2819 652 2908 ligi
683 2833 931 2906 potest,
968 2816 1087 2881 ubi
1112 2815 1196 2879 ad
1221 2816 1546 2880 Lucilium
1579 2817 1838 2882 scribit:
1867 2841 1912 2880 a
1939 2817 2332 2908 Parthenope
2357 2833 2468 2882 tua
2494 2841 2691 2908 usque

540 2926 877 3004 Puteolos;
910 2945 1305 3013 quamquam
1332 2923 1624 3007 Delrius,
1675 2924 1787 2989 lib.
1825 2925 1930 2991 cit.
1967 2948 2023 2991 c.
2067 2947 2141 3012 9,
2187 2948 2252 3014 p.
2290 2929 2397 3013 47,
2438 2925 2686 2991 mavult

540 3057 617 3098 ex
664 3033 741 3096 iis
780 3030 995 3098 verbis
1034 3029 1352 3110 conjicere
1374 3077 1393 3112 ,
1432 3051 1469 3092 a
1502 3030 1751 3096 Lucilio
1785 3031 2244 3120 Parthenopen
2279 3053 2472 3096 versu
2507 3034 2678 3098 cele-

534 3139 808 3204 bratam.
844 3136 1093 3202 Humili
1124 3157 1358 3224 genere
1382 3153 1568 3201 natus
1601 3153 1668 3202 et
1698 3160 1849 3201 cum
1874 3152 2254 3226 paupertate
2282 3139 2642 3204 colluctans
2659 3187 2680 3223 ,

502 3299 511 3307 .
538 3242 911 3308 liberalibus
936 3258 1153 3306 tamen
1175 3239 1427 3323 studiis,
1446 3243 1803 3330 praesertim
1831 3242 2102 3331 poeticae
2128 3259 2194 3308 et
2217 3243 2678 3332 philosophiae,

605 3504 687 3573 (1)
721 3502 903 3555 Fuisse
927 3513 979 3555 et
1003 3503 1136 3556 alios
1152 3543 1168 3568 ,
1203 3512 1391 3574 proetcr
1416 3501 1702 3556 Satiricum
1738 3514 1790 3555 et
1813 3502 1961 3557 hunc
1986 3504 2018 3556 J
2021 3503 2263 3557 uniorem
2289 3503 2522 3556 Lucilios
2554 3503 2678 3556 scri-

530 3592 637 3666 ptis
667 3591 866 3653 claros,
902 3590 1023 3645 satis
1047 3601 1271 3644 constat.
1300 3590 1599 3660 Lucilium,
1629 3589 2012 3645 comoediarum
2051 3603 2321 3646 auctorem
2364 3611 2396 3645 a
2434 3591 2675 3666 Porphy-

528 3681 683 3734 rione
706 3678 775 3733 ad
794 3679 996 3732 Horatii
1021 3680 1291 3733 Poeticam
1312 3717 1328 3744 ,
1352 3692 1404 3733 et
1431 3699 1460 3732 a
1483 3679 1766 3752 Fulgentio
1792 3679 1860 3733 de
1886 3681 2066 3734 Prisco
2086 3681 2253 3733 Serm.
2279 3681 2334 3733 in
2359 3679 2467 3734 fine
2493 3680 2673 3746 citari,

532 3769 801 3822 affirmant
835 3767 1153 3822 Franciscus
1188 3771 1373 3822 Dousa
1409 3769 1466 3820 in
1504 3769 1645 3820 notis
1687 3767 1756 3820 ad
1797 3768 2086 3840 fragmenta
2123 3769 2349 3834 Lucilii,
2403 3787 2526 3841 pag.
2563 3788 2632 3838 99
2655 3806 2674 3833 ,

531 3869 584 3910 et
616 3856 907 3910 Munkerus
962 3855 1031 3909 ad
1069 3856 1409 3929 Fulgentium
1430 3894 1448 3919 ,
1505 3856 1624 3908 loco
1662 3856 1835 3910 citato.
1872 3859 2048 3912 Alium
2089 3857 2356 3910 Lucilium
2379 3895 2396 3921 ,
2449 3858 2530 3912 vel
2563 3857 2672 3908 Lu-

527 3946 710 3999 cillum
724 3985 742 4013 ,
766 3956 975 4015 poetam
1011 3945 1533 4016 epigrammatarium
1568 3957 1620 3998 et
1659 3951 1964 4008 σκωπτικὸν,
1990 3966 2104 4002 aevo
2125 3946 2498 4000 Theodosiano
2529 3945 2670 3999 cele-

526 4035 677 4087 brem
694 4071 710 4098 ,
735 4032 841 4106 ipsi
870 4051 970 4085 nos
1005 4033 1063 4085 in
1090 4033 1309 4087 Dissert.
1336 4031 1407 4085 de
1431 4033 1600 4105 poetis
1627 4033 1858 4089 Satin-icis
1874 4073 1890 4098 .
1917 4047 2064 4088 tomo
2097 4047 2278 4088 nostro
2301 4035 2358 4087 11
2391 4035 2536 4088 Poet.
2573 4033 2672 4086 mi·

527 4137 719 4187 porum
738 4155 756 4185 ,
778 4136 907 4191 pag.
932 4135 997 4170 ao
1016 4117 1448 4177 memoravimus.
1476 4118 1579 4172 En.
