2975 4684
877 407 1010 474 AD
1076 405 1531 476 LICENTII
1596 403 2041 472 CARMEN.
2382 401 2525 488 415

391 550 492 599 rat
505 581 524 616 ,
557 536 648 598 sio
667 534 845 598 nobis
861 555 1088 598 mmm
1105 535 1352 600 mtione
1367 543 1667 621 putescat
1678 579 1699 612 ‚
1734 549 1803 596 et
1825 553 2059 604 verum
2086 553 2223 596 non
2247 535 2529 599 inveniri

391 639 704 721 affirmat,
734 639 859 706 nisi
889 638 1067 728 apud
1089 638 1462 719 Christum,
1496 638 1613 725 qui
1644 638 1785 726 ipsa
1814 638 1899 702 sit
1922 637 2156 702 veritas
2179 662 2199 704 z
2222 638 2305 704 ad
2330 663 2526 728 quem

395 746 592 836 igitur
623 744 1022 812 veniendum
1037 791 1060 826 ,
1102 767 1188 810 ne
1219 743 1611 810 laboremus.
1646 745 1877 832 Neque
1906 765 2063 808 vero
2100 745 2253 810 satis
2300 745 2531 811 habuit

389 853 800 942 Augustinus
837 851 930 917 sic
957 852 1266 941 castigare
1300 867 1367 916 et
1397 849 1754 916 admonere
1782 850 2178 935 licentium,
2208 853 2529 918 suborna-

391 958 486 1022 vit
515 959 711 1024 etiam
739 974 806 1024 et
837 956 1134 1024 hortatus
1163 973 1264 1022 est
1280 956 1480 1022 literis
1500 956 1895 1039 Paullinum,
1925 973 2003 1020 ut
2022 956 2287 1022 eosdem
2312 959 2534 1022 stimu-

391 1065 490 1130 los
511 1065 804 1160 Licentio
827 1063 1224 1130 admoveret.
1255 1063 1392 1146 Qui
1429 1079 1777 1152 propterea
1810 1063 2047 1152 seripta
2074 1063 2157 1128 ad
2183 1066 2531 1146 Romania-

394 1193 592 1250 num‚
632 1187 966 1259 parentem
1013 1169 1288 1234 Licentii
1307 1217 1326 1251 ,
1357 1169 1663 1259 epistola,
1697 1191 1841 1257 quo
1876 1169 1947 1234 in
1995 1170 2332 1236 volumine
2390 1171 2531 1260 epi-

393 1277 704 1342 stolarum
721 1277 1068 1366 Augustini
1087 1276 1410 1342 tricesima
1432 1293 1610 1342 sexta
1626 1323 1645 1357 ,
1670 1291 1738 1341 et
1762 1298 1947 1342 novae
1964 1275 2121 1342 edit.
2138 1299 2341 1360 xxm,
2361 1277 2533 1342 inter

395 1382 672 1448 Paullini
691 1383 989 1471 epistolas
1008 1405 1160 1448 uvi
1181 1398 1300 1464 est,
1313 1383 1497 1447 hune
1510 1405 1701 1472 prosa
1715 1383 1957 1471 pariter
1968 1403 2044 1446 an
2059 1381 2352 1448 versibus
2367 1381 2539 1448 adlo-

394 1489 648 1577 quitur,
667 1504 863 1576 atque
881 1511 1038 1553 eum
1058 1488 1336 1580 maxime
1349 1489 1569 1554 locum
1588 1490 1725 1570 ejus
1748 1489 2051 1554 carminis
2066 1487 2501 1578 apprehendit
2515 1541 2533 1574 ‚
2664 1485 2671 1490 ’

395 1617 460 1659 v.
488 1617 566 1682 71
597 1617 733 1683 seq.
757 1617 894 1683 quo
917 1596 1144 1659 Romoe
1163 1616 1234 1660 se
1257 1593 1565 1677 detineri,
1600 1612 1667 1658 et
1692 1593 1923 1659 officiis
1938 1595 2011 1658 in
2038 1596 2189 1660 aula
2208 1597 2537 1685 capiendis

393 1699 837 1789 conjugioque
883 1701 1178 1764 animum
1215 1722 1286 1764 se
1335 1698 1645 1780 adjecisse
1686 1699 1955 1766 dixerat.
2000 1699 2265 1790 Igimr‚·
2294 1719 2535 1789 quanta

393 1828 548 1870 cum
574 1807 908 1875 honorum
945 1821 1012 1870 et
1037 1803 1406 1871 divitiarum
1433 1806 1753 1871 illecebris
1778 1803 2149 1870 sollicitudo
2188 1807 2536 1887 conjuncta

393 1913 513 1993 sit,
563 1927 802 2000 quanta
845 1911 916 1974 in
966 1912 1148 1976 omni
1201 1911 1551 1998 splendore
1587 1914 1871 1976 fortunae
1915 1909 2159 1976 fallacia
2192 1928 2259 1976 et
2302 1913 2535 1977 misera

397 2018 710 2099 servitus,
743 2034 992 2106 quanta
1016 2017 1304 2105 denique
1336 2017 1623 2106 pericula
1649 2015 2035 2096 metuenda,
2064 2015 2291 2081 docet:
2317 2041 2533 2083 veram

397 2125 796 2190 nobilitatem
831 2124 1327 2211 libertatemque
1353 2145 1531 2204 esse,
1572 2122 1814 2188 servire
1832 2122 2127 2204 Christo,
2154 2139 2221 2188 et
2254 2124 2417 2190 nihil
2434 2125 2537 2190 di-

275 2221 300 2241 '
393 2231 588 2320 gnius
619 2232 1102 2352 excelsiusque,
1139 2253 1338 2318 quam
1371 2229 1637 2310 abjectis
1672 2251 1893 2320 rerum
1924 2247 2329 2295 terrenarum
2364 2232 2537 2296 curis

395 2353 465 2402 et
499 2339 830 2426 corporeis
865 2337 1144 2426 negotiis
1170 2336 1344 2401 bona
1375 2337 1523 2401 vitm
1549 2336 1817 2402 caelestis
1850 2336 2101 2425 liquido
2126 2338 2349 2402 animo
2369 2360 2537 2425 prae·

397 2444 716 2512 meditari.
744 2445 1084 2510 Postremo
1105 2442 1559 2508 auctoritatem
1576 2444 1811 2532 allegat
1830 2443 2177 2533 Augustini
2206 2444 2539 2533 etAlypii,

395 2551 922 2640 gravissimorum
967 2550 1659 2638 sanctissimorumque
1704 2551 1996 2614 virorum
2015 2599 2034 2630 ,
2086 2550 2201 2638 qui
2248 2551 2541 2614 Lieentio

395 2656 706 2746 singulari
747 2679 1002 2738 amore,
1057 2657 1317 2746 cognati
1365 2674 1432 2721 et
1473 2659 1887 2744 praeceptoris
1905 2705 1923 2736 ,
1960 2655 2328 2736 conjuncti,
2364 2657 2538 2720 idem

395 2785 619 2826 secum
653 2763 822 2828 serio
867 2777 1100 2851 optent
1132 2777 1200 2826 et
1229 2760 1486 2828 dudum
1520 2760 2011 2850 diligentissime
2038 2761 2405 2825 hortentur.
2440 2763 2547 2825 Di-

395 2891 604 2957 gnum
619 2885 720 2934 est
735 2889 1000 2934 carmen
1012 2868 1287 2934 Paullini
1301 2917 1322 2950 ,
1337 2868 1697 2956 quodaem
1720 2869 1833 2932 illo
1851 2868 2125 2932 Licentii
2142 2869 2543 2950 conseratur,

399 2976 712 3063 quoniam
747 2975 948 3054 hujus
991 2975 1268 3062 querelis
1311 2975 1698 3064 respondet,
1742 2973 2041 3062 adeoque
2078 2975 2397 3038 nonnulla
2438 2976 2545 3038 Li-

397 3081 590 3146 centii
642 3080 988 3146 obseurius
1017 3079 1192 3146 dicta
1215 3081 1354 3160 ejus
1381 3081 1596 3146 verbis
1634 3080 1939 3144 illustrari
1962 3095 2260 3168 possunt.
2282 3079 2541 3144 Etenim

403 3209 664 3252 carmen
700 3186 970 3251 Licentii
993 3186 1288 3274 plurimis
1327 3186 1394 3249 in
1429 3188 1585 3251 loeis
1613 3182 1911 3250 difficiles
1942 3185 2297 3273 explicatus
2322 3185 2541 3268 habet,

401 3291 934 3381 quandoquidem
962 3292 1300 3382 ingenium
1327 3293 1398 3356 in
1433 3315 1515 3356 eo
1542 3291 1887 3374 exuberat,
1929 3289 2159 3380 rapido
2186 3291 2541 3356 ferventius

393 3422 591 3464 amne
611 3445 634 3481 ,
660 3397 840 3487 quod
873 3397 1286 3464 cumulandis
1318 3397 1775 3486 variandisque
1805 3397 1967 3462 ideis
2004 3399 2110 3462 vix
2144 3397 2416 3462 modum
2446 3401 2542 3464 tle-.-

401 3495 552 3588 net,
587 3527 764 3570 sacra
793 3519 858 3569 et
890 3504 1190 3593 profana,
1225 3504 1480 3572 fabulas
1517 3521 1581 3568 et
1620 3505 1954 3586 historias,
1988 3505 2255 3591 antiqua
2286 3521 2351 3568 et
2378 3527 2547 3568 nova

401 3613 663 3693 miscet,
697 3627 922 3699 tropos
971 3633 1139 3700 soepe
1179 3610 1435 3700 longius
1473 3612 1767 3692 arcessit,
1810 3611 2017 3674 levius
2042 3608 2296 3674 adludit
2332 3609 2411 3673 ad
2444 3633 2546 3675 res

399 3733 467 3781 et
495 3717 984 3785 dictaVeterum
1001 3765 1022 3798 ,
1049 3733 1117 3781 et
1148 3715 1426 3781 subinde
1449 3718 1809 3781 orationem
1840 3717 2061 3782 subito
2092 3715 2433 3802 abruptam
2460 3716 2544 3781 ad

401 3824 520 3888 alia
553 3822 878 3888 transfert.
914 3824 1084 3890 Hinc
1112 3845 1236 3911 ego
1263 3823 1509 3887 factum
1542 3845 1681 3888 esse
1710 3823 2026 3904 arbitror,
2060 3837 2138 3885 ut
2162 3821 2541 3908 scriptores,

401 3927 644 4015 quibus
679 3949 938 3992 cannen
985 3925 1260 3991 Licen‘tii
1289 3926 1795 4014 proponendum
1830 3941 2029 4007 esset,
2064 3925 2131 3988 in
2159 3941 2544 4013 argumento

402 4035 542 4113 ejus
575 4032 830 4098 edendo
856 4055 1086 4121 parum
1107 4048 1326 4096 essent
1345 4033 1647 4098 aecurati.
1686 4031 1887 4116 Quod
1908 4031 2093 4095 facile
2115 4029 2545 4096 demonstrari

404 4155 654 4228 potest;
685 4161 838 4203 nam
875 4141 941 4202 in
983 4137 1228 4220 indice,
1265 4139 1380 4226 qui
1412 4136 1645 4202 Pit‘hoei
1678 4137 2043 4204 collectioni
2072 4139 2451 4228 epigramm.
2480 4156 2545 4204 et
