2975 4684
506 349 646 434 418
1309 345 1823 416 PRAEFATIO

401 533 412 538 -
507 480 805 543 diximus.
825 479 916 540 Ex
943 499 1076 564 quo
1099 477 1368 564 intelligi
1393 493 1607 564 potest
1628 499 1832 564 quum
1852 478 2083 565 ingens
2102 477 2437 542 celebritas
2456 479 2645 543 Clau-

509 585 714 660 diani,
747 583 932 662 cujus
964 597 1257 670 poemata
1289 581 1554 660 vixdum
1584 581 1755 644 edita
1778 581 2150 671 legerentur
2178 581 2546 648 avidissime
2574 600 2642 646 et

507 714 624 779 per
661 712 771 753 ora
805 687 1152 751 hominum
1187 687 1511 764 volarent,
1548 702 1689 751 tum
1718 710 1872 751 vero
1908 687 2197 752 studium
2225 689 2499 752 Licentii
2531 713 2639 752 ar·

505 795 956 860 dentissimum
974 840 992 874 ,
1051 814 1185 880 quo
1215 792 1486 879 pulchra
1536 812 1813 878 quaeque
1868 809 2296 856 monumenta
2350 793 2636 883 ingenii,

501 903 766 989 antiqua
795 916 860 964 et
883 921 1050 963 nova
1071 947 1090 980 ,
1125 913 1376 985 captare
1409 903 1474 962 et
1504 898 1751 986 legere,
1784 912 1853 960 et
1884 899 1953 960 in
1986 920 2143 962 usus
2176 920 2329 963 suos
2362 921 2638 964 conver·

505 1025 641 1072 tere
675 1008 942 1086 soleret3
985 1004 1108 1069 nisi
1131 1026 1286 1066 vero
1311 1003 1495 1067 malis
1528 1003 1773 1067 factum
1798 1002 2071 1068 Licentii
2102 1004 2285 1091 pejus
2317 1005 2644 1093 interpre-

505 1114 654 1195 tari,
688 1131 970 1198 eumque
1007 1109 1168 1174 furti
1219 1129 1521 1172 accusare
1540 1157 1557 1189 ‚
1598 1105 1779 1195 quod
1804 1108 2027 1172 alienis
2060 1109 2159 1173 uti
2194 1111 2491 1175 versibus
2518 1135 2637 1176 vo-

503 1218 698 1282 luerit
717 1265 734 1297 ‚
783 1216 944 1280 clam
996 1237 1030 1276 e
1077 1212 1361 1277 carmine
1409 1213 1733 1301 subreptis
1754 1260 1773 1293 ‚
1832 1211 2014 1300 quod
2051 1212 2231 1278 haud
2262 1214 2347 1278 ita
2380 1215 2635 1304 pridem

501 1324 750 1388 editum
805 1338 870 1385 et
919 1320 1140 1408 paucis
1193 1319 1464 1393 lectum,
1513 1317 1793 1382 necdum
1851 1321 2258 1406 AugustinO,
2302 1321 2385 1384 ad
2433 1344 2636 1409 quem

499 1428 820 1495 scribebat
837 1475 856 1508 ,
893 1442 1128 1490 notum
1159 1442 1342 1490 esset.

587 1534 923 1600 Editiones
951 1532 1251 1596 carminis
1269 1531 1626 1596 Licentiaui
1659 1553 1895 1618 paucas
1926 1555 2439 1597 commemorare
2462 1533 2635 1598 licet.

503 1642 800 1727 Namque
827 1640 1119 1727 Operum
1147 1637 1250 1701 vel
1275 1637 1715 1725 Epistularum
1737 1637 2126 1726 Augustini,
2162 1637 2401 1725 quibus
2426 1639 2635 1702 inser-

503 1765 646 1810 tum
688 1761 820 1825 est,
857 1742 1172 1808 editiones
1205 1758 1280 1806 ut
1312 1743 1439 1806 hoc
1474 1743 1623 1806 loco
1653 1763 2139 1822 recenseamus,
2186 1765 2383 1807 nemo
2416 1765 2637 1833 exspe-

501 1853 718 1934 ctabit,
733 1867 798 1916 et
815 1867 1046 1940 praeter
1071 1849 1208 1913 illas
1237 1847 1601 1935 separatim,
1627 1863 1745 1911 aut
1758 1847 1877 1912 alia
1894 1849 1963 1911 in
1982 1849 2359 1913 collectione
2382 1849 2635 1914 editum

501 1955 679 2022 haud
715 1957 879 2037 scio,
914 1955 1038 2018 nisi
1071 1954 1139 2016 in
1175 1952 1406 2018 Pithoei
1435 1953 1833 2040 Epigramm.
1872 1969 1939 2016 et
1967 1953 2191 2018 Poem.
2220 1969 2419 2019 veter.
2445 1978 2513 2043 p.
2542 1979 2631 2020 m.

500 2069 620 2152 471
648 2112 667 2145 ,
697 2057 1076 2150 editrLugd,
1109 2058 1306 2144 1596,
1339 2074 1404 2122 et
1431 2058 1499 2121 in
1527 2059 1926 2123 Collectione
1948 2060 2315 2126 Pisaurensi
2332 2063 2634 2126 omnium

499 2171 880 2234 Poematum
907 2215 925 2248 ‚
986 2165 1346 2230 carminum
1369 2211 1388 2245 ,
1441 2165 1959 2252 fragmentorum
2020 2167 2229 2230 Latin.
2288 2183 2471 2230 tomo
2502 2169 2595 2232 vl
2614 2216 2633 2248 ,

498 2299 642 2366 pag.
679 2273 807 2338 256
836 2273 951 2361 (1).
985 2273 1122 2336 Nos
1173 2270 1256 2334 ad
1297 2286 1551 2333 textum
1597 2271 1898 2334 carminis
1927 2271 2432 2356 recensendum,
2464 2297 2669 2362 proe-,

503 2399 602 2445 ter
619 2378 1030 2444 Pithoeanum
1063 2377 1323 2458 librum,
1356 2376 1805 2440 consuluimus
1824 2377 2259 2466 Epistularum
2277 2380 2630 2470 Augustini

502 2486 824 2574 exemplar
879 2508 916 2548 a
976 2484 1148 2548 Luca
1197 2483 1367 2546 Frid.
1411 2483 1801 2564 ReinhartO,
1858 2483 2086 2548 Altorfi
2153 2484 2318 2550 1668
2336 2532 2354 2566 ,
2418 2487 2635 2551 forma

500 2607 730 2680 quarta
748 2638 766 2672 ,
799 2589 1079 2670 editum,
1117 2589 1230 2677 qui
1260 2589 1607 2652 nonnullas
1636 2589 1905 2652 aliarum
1930 2588 2295 2654 editionum
2315 2591 2633 2657 lectiones

499 2699 566 2762 in
597 2696 883 2786 margine
910 2695 1158 2758 notavit
1175 2743 1193 2774 ,
1224 2710 1364 2758 tum
1397 2716 1633 2759 novam
1660 2693 2013 2759 editionem
2039 2696 2331 2784 Operum
2351 2700 2633 2786 August.

497 2829 536 2870 a
565 2802 996 2868 Benedictinis
1028 2803 1346 2890 Congreg.
1397 2801 1460 2865 S.
1507 2800 1719 2866 Mauri
1758 2816 2198 2889 procuratam,
2235 2820 2301 2868 et
2333 2825 2633 2870 recusam

497 2909 879 2997 Antwerpiae
909 2930 1012 2971 an.
1040 2907 1307 2971 MDCC.
1325 2953 1344 2988 ,
1385 2906 1497 2971 fol.
1534 2906 1705 2970 Alias
1738 2908 1957 2994 plures
1990 2906 2286 2972 conferre
2322 2933 2634 2998 superva-

499 3039 696 3080 cuum
717 3013 903 3093 duxi,
933 3035 1139 3100 quum
1163 3012 1229 3075 in
1259 3013 1394 3076 istis
1424 3011 1688 3099 quidem
1706 3059 1724 3092 ‚
1760 3035 1919 3099 quas
1939 3013 2257 3078 habebam
2275 3062 2293 3095 ,
2315 3015 2631 3080 lectiones

501 3120 944 3210 exemplorum
963 3117 1356 3206 scriptorum
1375 3130 1442 3180 et
1451 3139 1839 3181 excusorum
1852 3117 2171 3184 variantes
2188 3119 2433 3185 affatim
2454 3122 2636 3186 exhi-

497 3227 637 3292 beri
669 3223 998 3290 crederem
1021 3272 1038 3304 ,
1066 3223 1254 3312 plane
1285 3245 1442 3288 vero
1475 3224 1845 3312 castigatam
1872 3239 1937 3288 et
1966 3224 2187 3290 critice
2216 3225 2629 3293 emendatam

495 3331 938 3396 recensionem
963 3351 1284 3416 nusquam
1315 3344 1563 3394 exstare
1582 3331 1832 3394 scirem.
1850 3330 2061 3394 Pauca
2088 3331 2263 3394 enim
2289 3349 2465 3414 sunt,
2481 3357 2631 3420 quae

495 3439 682 3526 Casp.
720 3435 1049 3516 BarthiuS,
1085 3434 1350 3500 Advers.
1387 3434 1498 3498 lib.
1534 3435 1754 3515 XVII,
1776 3435 1985 3523 capite
2026 3435 2103 3500 18
2146 3452 2323 3518 totu,
2356 3438 2631 3528 aliisque

561 3669 639 3738 (1)
677 3663 774 3716 His
803 3674 978 3714 autem
1003 3661 1324 3715 editionibus
1348 3663 1538 3716 merito
1562 3663 1693 3716 alias
1715 3662 2053 3716 collectiones
2084 3673 2390 3734 poematum
2418 3677 2629 3736 poterat

491 3749 898 3809 Wernsdorfius
923 3747 1224 3822 adjungere.
1251 3751 1384 3804 Nam
1407 3769 1438 3802 e
1457 3747 1672 3822 Syllabo
1692 3750 1975 3804 Poetarum
1992 3750 2415 3806 Christianorum
2430 3792 2445 3817 ,
2462 3741 2625 3825 quem

490 3841 680 3898 Christ.
712 3838 970 3893 Daumius
1006 3836 1252 3890 Paullino
1287 3838 1597 3892 Petrocorio
1634 3839 1919 3911 premisit,
1951 3851 2117 3909 patet,
2154 3858 2367 3894 carmen
2398 3840 2625 3894 Licentii

488 3933 643 3986 etiam
689 3928 890 3982 editum
925 3944 956 3978 a
994 3925 1189 3997 Geor-g.
1213 3925 1418 3979 Vir-elio
1457 3938 1664 3980 exstare
1702 3927 1841 3980 inter
1884 3909 2303 3983 Christianorum
2337 3927 2623 3982 Poetarum

488 4017 744 4072 nonnulla
766 4016 998 4070 carmina
1016 4051 1032 4077 ,
1062 4013 1300 4084 Mogont.
1334 4017 1460 4078 1542
1484 4056 1500 4081 ,
1518 4016 1625 4078 iii-4
1648 4033 1661 4066 :
1683 4034 1842 4087 quem
1860 4016 2051 4069 librum
2076 4029 2252 4070 tamen
2274 4018 2327 4071 iu
2347 4015 2627 4072 Addeudis

485 4123 542 4159 se
561 4101 961 4159 wem-doram
981 4119 1089 4154 non
1115 4100 1306 4154 vidisse
1329 4101 1537 4156 fatetur.
1554 4103 1657 4155 En.
