2975 4684
526 369 613 438 82

1121 366 1524 436 LUCILII
1582 364 2061 437 JUNIORIS

620 491 923 562 secretos
958 510 1189 556 omnes
1229 501 1456 582 ageret
1489 511 1700 582 quum
1743 489 1958 585 gratia
1992 490 2188 557 ruris,
2612 513 2659 550 ιε,

619 602 775 672 Non
810 598 1005 668 cessit
1038 595 1355 692 cuiquam
1378 595 1632 666 *melius
1675 621 1798 668 sua
1836 613 2142 692 tempora
2179 619 2394 668 nosse.

622 709 875 781 Ultima
916 708 1067 802 quis
1104 707 1312 777 tacuit
1341 708 1668 801 juvenum
1707 709 2074 778 certamina
2117 707 2451 778 Colchos?

622 820 795 910 Quis
832 843 970 887 non
1006 816 1319 912 Argolico
1356 815 1628 886 deflevit
1669 821 2039 913 Pergamon
2081 819 2220 912 igni

524 1023 686 1067 tatem
704 1009 891 1083 prioris
911 1009 1106 1062 atatis:
1134 1033 1156 1054 ι
1170 1007 1437 1078 Mellaque
1458 1006 1549 1060 de-

526 1091 687 1145 cussit
726 1089 867 1143 foliis
887 1126 904 1152 ,
930 1088 1211 1160 ignemque
1245 1087 1475 1141 removit
1504 1111 1548 1139 ι.

526 1171 681 1224 Conf.
702 1166 863 1222 Ovid.
882 1169 1005 1220 Am.
1028 1167 1116 1219 111
1136 1203 1152 1230 ,
1172 1169 1204 1220 8
1221 1206 1237 1233 ,
1258 1173 1343 1231 4ο.

602 1251 687 1303 15.
724 1253 938 1300 Secretos
968 1265 1149 1299 omnes.
1188 1245 1282 1298 MS
1323 1246 1547 1298 Helmct.

526 1341 580 1384 et
606 1347 790 1382 omnes
826 1325 953 1380 editi
984 1338 1103 1379 ante
1142 1323 1422 1378 Gor-allum
1457 1325 1552 1378 ha·

400 1405 412 1412 “
526 1411 655 1463 bent
680 1427 875 1469 amnes,
906 1405 1068 1479 idque
1098 1405 1326 1477 pendere
1350 1404 1552 1459 faciunt

526 1507 557 1542 a
590 1487 859 1558 superiore
883 1504 1057 1538 versu.
1080 1483 1238 1537 Unde
1269 1484 1551 1537 Ascensius

525 1566 747 1638 explicat
764 1583 778 1618 ε
797 1583 963 1636 quum
978 1567 1149 1615 Pallas
1159 1577 1366 1615 secretos
1378 1564 1521 1616 rivos
1533 1601 1550 1628 ‚

525 1647 564 1698 i.
590 1665 638 1712 e.
666 1656 865 1698 secrete
891 1655 944 1697 et
968 1642 1125 1696 tacite
1148 1641 1373 1695 fluentes
1391 1679 1407 1706 ,
1429 1661 1553 1711 agc-

526 1740 629 1786 ret‚
653 1721 873 1776 duceret
896 1741 961 1775 ex
980 1724 1111 1774 oliva
1132 1720 1323 1794 pingui
1344 1721 1552 1774 arbore.

523 1801 627 1860 Sed
668 1802 745 1856 sic
778 1819 1018 1856 connexa
1051 1801 1290 1855 oratione
1324 1819 1433 1854 non
1459 1818 1552 1872 ap—

521 1893 681 1956 paret
697 1920 713 1946 ,
750 1901 857 1952 quo
906 1879 1245 1934 referendum
1292 1880 1361 1932 sit
1403 1901 1555 1949 quum

519 1964 691 2032 gratia
710 1964 858 2013 ruris.
882 1960 999 2013 Hoc
1016 1960 1179 2033 igitur
1196 1997 1212 2024 ,
1234 1958 1463 2012 relatum
1482 1958 1554 2012 ad

524 2039 827 2113 praecedens
854 2045 1069 2092 &cretos
1104 2053 1302 2108 ageret,
1334 2037 1519 2092 suadet
1535 2075 1554 2102 ,

525 2131 587 2174 ut
611 2120 849 2192 legamus
874 2138 1041 2172 omnes
1066 2119 1171 2172 hoe
1204 2136 1391 2170 sensu:
1416 2117 1554 2170 Gra-

524 2199 599 2252 tia
630 2210 681 2252 et
702 2197 974 2252 amoenitas
994 2199 1139 2251 ruris
1166 2196 1419 2249 invitabat
1436 2215 1554 2249 om-

526 2296 621 2330 nes
636 2314 652 2341 ,
670 2289 731 2329 ut
750 2276 938 2329 secreti
956 2287 1012 2328 et
1032 2292 1265 2328 seorsum
1285 2293 1381 2346 per
1396 2293 1526 2328 rura
1539 2313 1555 2338 ,

526 2356 669 2409 nulla
709 2367 849 2408 certa
877 2353 1001 2408 sede
1019 2390 1038 2418 ‚
1066 2365 1389 2425 vagarentur
1408 2394 1424 2420 ,
1454 2371 1556 2406 nec

527 2436 581 2488 in
600 2452 765 2488 unam
778 2433 1048 2487 civitatem
1067 2434 1287 2487 coirent.
1307 2433 1556 2486 Bau-thius

528 2513 757 2568 Advers.
794 2512 1002 2568 XXXII
1021 2552 1037 2579 ,
1082 2513 1145 2564 16
1164 2549 1182 2576 ,
1222 2523 1273 2563 et
1312 2509 1381 2563 ad
1422 2512 1554 2565 Stat.

440 2585 447 2592 ’
528 2593 702 2647 Theb.
719 2591 855 2644 VIII
870 2631 887 2658 ,
907 2592 1009 2656 214
1023 2628 1039 2655 ,
1056 2591 1159 2662 leg.
1179 2589 1461 2642 arbitratur
1475 2595 1556 2641 Se-

530 2677 655 2725 creti
676 2691 871 2725 somnos
901 2683 1069 2740 ageret
1102 2687 1253 2738 quum.
1270 2672 1444 2737 gracia
1470 2689 1556 2720 ru-

531 2755 615 2806 ris.
650 2753 720 2804 Et
760 2752 959 2804 Anton.
989 2752 1053 2800 de
1099 2753 1253 2814 Boos,
1298 2747 1351 2800 in
1399 2748 1554 2821 Conj.

531 2833 665 2887 crit.
682 2851 737 2904 p.
760 2835 861 2900 94:
892 2854 917 2877 ι
940 2830 1161 2884 securos
1186 2845 1373 2882 omnes
1394 2828 1557 2882 aleret

532 2929 699 2985 quum
724 2909 896 2982 gratia
911 2908 1050 2962 ruris
1072 2911 1376 2959 :ne-Grada
1390 2912 1520 2960 ruris
1533 2945 1552 2969 ,

532 2991 907 3062 interpretante
934 2987 1151 3041 Gor-allo
1168 3023 1186 3050 ‚
1214 2998 1293 3038 est
1310 2987 1558 3058 jucundi-

536 3082 618 3124 tas
638 3071 760 3124 vitm
783 3068 1010 3122 rusticae.
1030 3067 1134 3119 En.

612 3152 694 3201 16.
732 3152 848 3199 Non
888 3149 1029 3198 cessit
1049 3148 1301 3214 cuiquam.
1348 3145 1558 3198 Nemini

534 3226 785 3298 cuiquam
826 3224 1045 3296 contigit
1059 3263 1075 3290 ,
1107 3241 1418 3278 concessum
1444 3237 1524 3276 est
1537 3261 1556 3288 ‚

538 3323 634 3360 sua
666 3303 829 3376 ipsius
859 3315 1097 3374 tempora
1136 3302 1349 3365 melius,
1393 3321 1558 3374 quam

538 3384 788 3439 sarculum
812 3399 1031 3436 aureum
1056 3399 1087 3434 e
1112 3381 1409 3434 narratione
1430 3401 1558 3454 poe-

538 3478 713 3518 tarum
727 3499 745 3529 ,
774 3479 1117 3534 cognoscere:
1134 3480 1139 3486 ·
1155 3473 1265 3514 tam
1296 3462 1481 3515 crebro
1507 3474 1560 3515 et

536 3543 748 3616 copiose
772 3539 907 3594 illud
932 3539 1254 3611 descriptum
1283 3552 1380 3594 est.
1400 3541 1463 3592 In
1484 3541 1558 3595 le·

538 3625 714 3679 ctione
752 3623 912 3696 hujus
947 3637 1131 3675 versus
1174 3619 1309 3673 nihil
1349 3621 1560 3674 variant

536 3704 678 3757 libri.
700 3701 868 3758 Simili
900 3699 1157 3756 sententia
1184 3699 1457 3753 Juvenalis
1490 3699 1562 3754 de

536 3784 674 3837 tritis
696 3793 974 3854 poetarum
1008 3779 1201 3833 sabulis
1220 3819 1237 3846 ,
1260 3780 1367 3833 Sat.
1389 3779 1419 3830 1
1436 3815 1454 3844 ,
1486 3797 1554 3850 7:

537 3887 565 3910 ‹-
581 3862 722 3915 Nota
748 3861 913 3934 magis
942 3859 1077 3913 nulli
1113 3858 1304 3912 domus
1328 3870 1407 3912 est
1432 3877 1555 3922 sua,

538 3959 704 4016 quam
724 3940 856 3994 mihi
884 3940 1036 3993 lucus
1054 3937 1239 3992 Martis
1257 3975 1275 4002 ‚
1296 3951 1400 3992 etc.
1423 3963 1450 3985 a·
1486 3968 1560 3980 --

536 4019 751 4075 Erravit
770 4019 826 4072 in
843 4019 947 4074 hoc
965 4018 1085 4072 loeo
1111 4015 1425 4090 exponendo
1440 4018 1558 4072 Sca-

1637 1009 1768 1062 tanti
1812 1008 1936 1062 fecit
1967 1027 2122 1061 nosse
2150 1026 2246 1061 sua
2281 1018 2518 1078 tempora
2538 1046 2556 1074 ‚
2599 1020 2663 1061 ut

1637 1088 1836 1142 scilicet
1859 1087 1931 1141 ad
1948 1107 2044 1143 sua
2059 1089 2234 1161 potius
2247 1125 2264 1151 ‚
2299 1105 2464 1159 quam
2481 1087 2554 1142 ad
2567 1089 2662 1144 illa

1635 1167 1925 1220 remotiora
1967 1179 2204 1239 tempora
2239 1167 2473 1221 animum
2502 1187 2664 1222 suum

1635 1246 1906 1321 adjiceret.
1933 1246 2162 1301 Videtur
2191 1261 2319 1301 tunc
2349 1267 2460 1301 non
2483 1267 2664 1303 recor-

1637 1326 1796 1380 datus
1814 1364 1831 1390 ,
1856 1344 1974 1400 qn·
1991 1326 2070 1380 vis
2089 1339 2227 1380 esset
2241 1328 2524 1382 locutionis
2544 1332 2666 1380 bene

1637 1417 1690 1460 et
1719 1410 1892 1459 melius
1919 1410 2078 1461 cessit.
2099 1405 2203 1462 En.

1713 1503 1794 1558 17.
1831 1489 2040 1549 Ultima,
2087 1487 2512 1560 antiquissimam
2564 1491 2666 1544 Ar-

1637 1577 1996 1638 gonautarum
2035 1567 2418 1640 expeditionem
2445 1567 2500 1621 in
2538 1569 2668 1622 Col·

1639 1645 1787 1699 chos.
1807 1647 1990 1699 Manil.
2009 1647 2092 1698 111
2106 1684 2122 1711 ,
2147 1665 2210 1715 9:
2239 1673 2264 1694 α
2281 1647 2542 1702 Colchida
2566 1668 2669 1702 nec

1639 1726 1868 1780 referam
1885 1767 1902 1794 ,
1934 1725 2246 1780 vendentem
2279 1745 2443 1800 regna
2471 1747 2669 1800 paren-

1641 1797 1705 1848 tis
1719 1823 1764 1850 a.
1785 1798 1976 1850 Juven.
1993 1798 2022 1850 1
2039 1835 2056 1862 ,
2079 1816 2142 1851 ro
2164 1815 2223 1852 :-
2239 1797 2382 1852 unde
2401 1798 2537 1851 alius
2555 1799 2668 1852 fur-

1642 1875 1756 1928 tivae
1781 1875 2014 1932 devehat
2041 1895 2229 1930 aurum
2251 1877 2512 1933 Pelliculoe
2533 1905 2579 1931 υ.
2595 1909 2668 1920 -—-

1644 1959 1928 2008 Ger-camina
1945 1970 2203 2010 vocantur
2217 1960 2384 2009 Colchi
2393 1976 2456 2010 eo
2474 1977 2633 2011 sensu
2647 2001 2666 2028 ,

1641 2053 1750 2107 quo
1775 2036 2020 2106 quaelibet
2039 2036 2296 2108 expeditio
2310 2077 2326 2104 ,
2361 2038 2630 2091 contentio
2651 2075 2670 2104 ,

1639 2113 1794 2166 labor
1843 2115 1914 2168 ad
1965 2116 2244 2188 praemium
2283 2115 2632 2170 obtinendum
2647 2155 2667 2183 ,

1641 2193 1922 2266 ipsumque
1973 2195 2140 2258 illud,
2191 2194 2339 2267 quod
2377 2197 2666 2268 quaritur,

1640 2273 1914 2342 praemium
1962 2273 2160 2328 Latinis
2209 2275 2379 2347 poetis
2419 2292 2669 2328 certamen

1643 2350 1836 2404 dicitur
1849 2392 1864 2418 ,
1897 2353 2030 2406 sicut
2053 2351 2250 2406 Graecis
2269 2351 2426 2410 ἆθλον.
2445 2356 2531 2409 Sic
2546 2357 2670 2408 Vir-

1642 2429 1735 2501 gil.
1758 2429 1953 2503 Georg.
1979 2433 2033 2484 ΙΙ
2053 2469 2069 2496 ,
2091 2433 2220 2486 530:
2238 2433 2489 2488 «velocis
2503 2434 2668 2508 jaculi

1641 2510 1928 2562 certamina
1963 2513 2116 2582 ponit
2145 2510 2199 2563 in
2223 2513 2370 2564 ulmo
2387 2531 2443 2578 »ς
2465 2525 2520 2566 et
2537 2517 2666 2568 AEn.

1641 2588 1715 2652 V,
1731 2591 1799 2642 66
1818 2605 1832 2640 :
1852 2615 1877 2635 α
1895 2589 2073 2643 Prima
2091 2590 2206 2643 cito
2223 2592 2444 2646 Teucris
2465 2611 2668 2666 ponam

1641 2669 1932 2722 certamina
1978 2669 2158 2723 elassis
2193 2695 2240 2724 n.
2291 2671 2479 2726 Colchi
2521 2685 2670 2726 erant

1641 2749 1932 2801 certamina
1953 2750 2271 2822 Argonautis
2297 2753 2467 2822 posita
2480 2791 2496 2817 ,
2519 2751 2668 2826 quod

1640 2827 1913 2898 premium
1950 2828 2018 2882 ab
2054 2829 2120 2882 iis
2159 2831 2438 2901 quoesitum
2457 2870 2474 2896 ‚
2499 2833 2666 2887 vellus

1643 2924 1862 2960 aureum
1889 2909 2188 2960 servabant.

1717 2988 1802 3039 18.
1829 2988 1946 3052 Quis
1977 3006 2078 3038 non
2107 2991 2360 3056 Argolico.
2396 2989 2554 3042 Multi
2597 2987 2668 3043 de

1641 3063 1876 3138 Trojano
1911 3065 2051 3119 bello
2100 3077 2152 3119 et
2191 3065 2402 3120 excidio
2447 3069 2666 3140 scripse-

1641 3157 1796 3211 runt,
1823 3163 2049 3216 quorum
2076 3146 2280 3217 aliquos
2308 3147 2478 3219 tetigit
2501 3149 2664 3204 Ovid.

1643 3223 1796 3276 Pont.
1831 3225 1911 3276 1v
1917 3260 1933 3287 ,
1979 3229 2060 3278 16.
2105 3225 2384 3296 perperam
2421 3227 2668 3283 Gor-allus

1645 3302 1808 3355 edidit
1855 3311 2131 3372 Pergamon
2183 3307 2473 3373 impositum.
2529 3307 2667 3362 Nam

1645 3401 1831 3435 omnes
1855 3383 1958 3436 mei
1982 3383 2162 3454 scripti
2191 3395 2242 3436 et
2268 3387 2446 3440 excusi
2473 3386 2668 3441 habent

1645 3465 1948 3530 impositam,
1981 3475 2033 3518 et
2053 3475 2239 3516 notum
2257 3478 2365 3530 est,
2382 3468 2449 3520 ab
2466 3467 2665 3521 Home·

1644 3561 1707 3595 ro
1731 3542 2053 3614 Pergamon,
2075 3563 2251 3598 arcem
2270 3546 2358 3599 Ilii
2373 3585 2388 3610 ,
2413 3547 2670 3601 feminino

1645 3639 1836 3692 genere
1865 3621 1998 3687 dici,
2033 3625 2281 3696 quamvis
2312 3627 2502 3679 Noster
2530 3627 2668 3679 inst-a

1645 3720 1698 3753 v.
1729 3702 1830 3755 586
1852 3742 1869 3768 ,
1890 3706 2066 3774 flebile
2089 3707 2239 3755 victis
2277 3711 2584 3774 Pergamon,
2615 3718 2668 3758 et

1647 3781 1740 3833 alii
1771 3787 2015 3850 Pergama
2049 3793 2238 3836 neutro
2271 3801 2463 3854 genere
2493 3782 2670 3838 dicere

1643 3861 1942 3914 maluerint.
1966 3891 2038 3902 —-
2061 3867 2351 3930 Impositum
2376 3867 2482 3933 igni
2501 3863 2634 3916 dicit
2650 3900 2669 3927 ,

1644 3941 1796 4012 quasi
1821 3939 2051 3994 cadaver
2074 3959 2220 4013 pyr·
2242 3979 2258 4006 ,
2282 3943 2406 4014 igne
2431 3943 2669 4018 subjecto

1643 4018 1926 4074 urendum.
1946 4019 2012 4072 Et
2023 4021 2078 4073 in
2093 4039 2227 4093 rogo
2239 4021 2478 4075 Hectoris
2491 4023 2668 4095 ipsum

536 4099 697 4170 liger,
737 4098 829 4172 qui
868 4096 1090 4170 intelligi
1110 4098 1292 4171 jubet:
1336 4123 1362 4142 ‹-
1389 4097 1557 4151 Nemo
1639 4101 1750 4172 J‘am
1773 4097 1932 4152 Ilium
1953 4101 2141 4155 arsisse
2169 4100 2302 4158 dicit
2329 4113 2515 4156 auctor
2538 4100 2666 4172 Epi-
