2975 4684
536 352 669 438 184
860 352 1067 423 Exc.
1116 354 1216 423 IV
1263 354 1393 423 AD
1448 354 1658 422 LUC.
1709 350 1902 422 JUN.
1959 348 2322 424 AETNAM.

518 476 758 541 sensus
802 474 1011 553 clarus
1046 489 1145 539 est
1178 496 1193 539 ε
1228 473 1394 539 Vide
1414 522 1433 558 ,
1468 496 1668 563 quam
1703 472 1935 563 procul
1967 470 2122 537 inde
2157 486 2352 536 ruant
2381 469 2646 537 ferven-

520 594 619 643 tes
650 598 871 641 massae
904 574 981 665 (e
1019 596 1211 640 versu
1243 574 1453 663 493);
1497 576 1791 663 quamvis
1827 596 1864 638 e
1914 574 2276 661 longinquo
2305 570 2649 637 advolvan-

526 694 635 744 tur
657 728 677 761 ‚
710 680 927 743 fervor
961 699 1183 742 earum
1218 700 1351 741 non
1390 677 1745 759 minuitur,
1782 696 2008 741 verum
2039 675 2180 763 ipse
2221 674 2504 761 impetus
2537 670 2650 737 ssu-

524 796 753 844 ctuum
776 778 1129 867 ignitorum
1152 778 1309 843 alios
1326 798 1524 867 super
1543 778 1700 843 alios
1729 776 2132 857 accumulat5
2157 774 2322 839 adeo
2355 774 2644 863 quidem,

522 894 601 944 ut
633 878 965 967 quondam
1010 880 1179 968 ripas
1210 880 1416 953 amnis
1470 878 1804 969 implendo
1839 878 2176 958 trajecerit.
2209 878 2405 943 Nunc
2453 878 2646 943 etiam

517 981 931 1071 sequentium
963 1003 1271 1047 versuum
1306 983 1498 1070 plane
1529 996 1748 1071 aperta
1783 995 1883 1045 est
1913 978 2232 1046 sententia
2263 1002 2280 1048 τ

805 1144 911 1199 Vix
935 1144 1117 1205 cuneis
1140 1144 1421 1225 quisquam
1458 1146 1578 1207 fixi·
1604 1144 1888 1207 dimoverit
1912 1144 2045 1199 illu.

528 1300 705 1364 Hinc
729 1316 907 1365 tanta
936 1298 1215 1367 subinde
1242 1300 1443 1367 moles
1476 1317 1544 1367 et
1571 1298 1843 1365 altitudo
1869 1314 1967 1364 est
1989 1296 2278 1387 lapidum
2303 1314 2648 1389 congesto-

523 1423 673 1467 rum
699 1447 717 1483 ,
748 1416 827 1466 ut
855 1402 963 1467 vix
982 1402 1205 1468 cuneis
1228 1402 1297 1467 in
1322 1416 1614 1467 excavata
1642 1400 1958 1469 foramina
1979 1447 1998 1482 ,
2029 1416 2144 1467 aut
2168 1400 2341 1467 inter
2365 1399 2648 1467 humum

526 1520 594 1571 et
624 1502 867 1591 lapides
898 1502 1038 1569 fixis
1070 1505 1321 1569 sustolli
1353 1520 1420 1569 et
1448 1503 1766 1570 dimoveri
1793 1501 2066 1591 possint.

809 1662 1037 1721 vicenos
1059 1684 1291 1739 persoepe
1312 1664 1470 1738 pedet
1490 1668 1632 1739 jacet
1652 1666 1838 1720 obruta
1866 1667 2046 1721 moles.

532 1829 656 1901 Hie
686 1851 927 1917 sequor
960 1832 1271 1919 optimam
1304 1848 1371 1896 et
1414 1848 1654 1900 certam
1693 1832 2130 1919 conjecturam
2155 1830 2452 1901 Dorvillii
2469 1880 2488 1913 ‚
2541 1829 2652 1919 qui

532 1930 831 2019 scripsit:
870 1932 941 1996 V
932 1934 1138 1997 icenos
1171 1956 1299 2021 qua
1345 1956 1510 2023 saepe
1523 1934 1742 2022 pedes,
1777 1934 1994 2007 Palam
2027 1948 2126 1997 est
2139 1980 2157 2014 ,
2190 1933 2488 1997 iteratam
2522 1930 2653 2021 ayl-

530 2030 739 2095 labam
770 2055 861 2120 pe
896 2032 967 2097 in
998 2035 1363 2116 conjunctis
1392 2036 1664 2099 vocibus
1686 2058 1965 2124 persaepe
1989 2034 2182 2124 pedes
2215 2032 2506 2097 effecisse
2524 2080 2544 2113 ‚
2577 2048 2656 2097 ut

528 2132 740 2200 scriba
774 2132 1035 2205 alteram
1076 2136 1337 2225 ignarus
1380 2137 1710 2203 omitteret
1735 2184 1753 2219 ‚
1803 2138 1962 2202 alius
1994 2136 2308 2225 reliquam
2344 2133 2654 2224 syllabam.

528 2235 639 2298 des
682 2233 764 2298 ad
798 2234 1237 2323 supplendum
1281 2253 1563 2309 metrum
1597 2238 1664 2302 in
1703 2237 1834 2303 dies
1877 2251 2174 2304 mutaret.
2216 2236 2379 2320 Quae
2438 2233 2656 2301 adhuc

528 2334 785 2422 vulgata
819 2334 946 2399 fuit
986 2336 1175 2401 lectio
1200 2386 1220 2420 ,
1254 2354 1320 2403 et
1348 2360 1387 2403 a
1429 2338 1693 2407 Gorallo
1739 2339 1930 2403 etiam
1965 2351 2307 2425 usurpata,
2356 2333 2656 2423 ineptum

527 2434 717 2525 plane
737 2487 755 2519 ,
788 2452 903 2507 aut
930 2437 1183 2516 nullum
1214 2461 1480 2505 sensum
1509 2439 1724 2513 habet.
1758 2441 1893 2505 Cur
1941 2439 2116 2503 enim
2154 2439 2262 2505 hic
2291 2439 2508 2503 viceni
2529 2436 2660 2500 dies

528 2535 1001 2604 nominentur?
1034 2555 1151 2613 aut
1180 2562 1378 2627 quem
1403 2542 1472 2605 in
1499 2539 1700 2604 'finem
1735 2562 1993 2613 neeesse
2030 2539 2113 2603 sit
2139 2536 2456 2626 lapideam
2481 2538 2658 2601 illam

532 2636 771 2701 molem
826 2638 1053 2727 vig-inti
1094 2640 1231 2708 dies
1274 2642 1485 2721 jacere
1511 2640 1540 2704 Ρ
1570 2643 1873 2731 Ineptum
1919 2639 2212 2727 profecto
2251 2638 2448 2707 fuerit
2471 2686 2492 2721 ,
2537 2656 2657 2701 au·

532 2753 779 2802 ctorem
802 2740 1129 2830 scripsisse
1144 2790 1162 2823 ‚
1185 2742 1365 2830 quod
1388 2757 1694 2830 congesta
1719 2742 1826 2808 ina
1856 2741 2058 2805 moles
2079 2738 2458 2809 difficillime
2480 2762 2660 2805 amo-

526 2856 753 2903 veatur
780 2888 797 2921 ,
832 2858 1171 2929 propterea
1205 2865 1371 2931 saepe
1413 2842 1646 2932 viginti
1677 2841 1812 2907 dies
1852 2841 2082 2922 jacere.
2122 2841 2291 2906 Nam
2324 2840 2378 2909 si
2423 2841 2656 2932 viginti

530 2937 759 3011 diebus
813 2942 1096 3007 amoveri
1132 2966 1268 3009 non
1299 2959 1547 3031 potest,
1591 2958 1806 3031 potest
1849 2942 2120 3008 fortasse
2155 2939 2490 3030 pluribus,
2545 2956 2658 3005 aut

529 3041 801 3105 omnino
844 3043 1255 3130 paucioribus
1286 3059 1500 3133 potest
1523 3092 1542 3127 ‚
1579 3044 1633 3107 si
1668 3044 1884 3132 plures
1918 3066 2130 3131 operae.
2162 3041 2656 3115 admoveantur.

528 3143 616 3215 At
642 3150 695 3205 si
726 3160 914 3231 poeta
942 3142 1174 3213 dixerit
1196 3193 1215 3227 ,
1251 3167 1533 3234 persaepe
1553 3144 1816 3209 vicenos
1840 3143 2039 3232 pedes
2067 3145 2260 3209 altam
2285 3164 2425 3208 esse
2445 3190 2464 3225 ,
2503 3164 2656 3209 sane

524 3239 906 3332 intelligitur
956 3245 1275 3309 rationem
1326 3244 1479 3311 dare
1533 3245 1668 3324 ejus
1691 3294 1708 3327 ‚
1762 3244 1941 3333 quod
1995 3244 2402 3334 praecedente
2460 3266 2656 3315 versu

528 3338 689 3409 dixit
710 3390 729 3427 ,
764 3346 1003 3417 molem
1033 3346 1205 3411 illam
1236 3347 1343 3413 vix
1373 3346 1597 3414 cuneis
1629 3344 1770 3411 fixis
1803 3344 2120 3417 dimoveri
2146 3366 2359 3441 posse.
