2975 4684
669 372 1132 442 EPITOME
1193 371 1617 442 ILIADOS
1685 372 2155 443 HOMERI.'

2322 372 2461 446 563

420 500 766 590 Tergaque
803 494 984 564 nuda
1019 494 1228 587 tegit:
1265 496 1472 563 sensit
1506 498 1880 565 Mavortius
1915 500 2167 566 Hector

419 609 553 675 Pro
589 606 846 675 Danais
889 628 1189 698 pugnare
1231 607 1442 693 Deos,
1473 606 1851 701 validasque
1891 632 2163 676 suorum

421 716 722 810 Virginis
757 716 1102 808 armigerae
1143 713 1424 785 subduci
1469 718 1746 785 numine
1782 718 1974 785 vires.
2386 742 2461 787 ⁵4⁵

421 826 900 919 Continuoque
946 826 1114 917 petit
1155 850 1386 895 muros
1405 880 1426 915 ‚
1470 828 1949 922 Hecubamque
1981 832 2207 899 vocari

420 939 758 1031 Imperat,
789 950 854 1005 et
891 936 1080 1006 Divae
1117 935 1362 1031 placari
1405 940 1685 1007 numina
1721 939 1973 1009 suadet.

519 1049 833 1119 Protinus
871 1063 1160 1117 armatas
1198 1048 1499 1143 innuptae
1532 1048 1819 1119 Palladis
1854 1074 2036 1120 arces

420 1158 662 1228 Iliades
703 1158 1026 1245 subeunt,
1060 1158 1374 1251 festisque
1409 1158 1649 1229 altaria
1688 1162 1879 1230 sertis

417 1274 794 1354 Exornant,
836 1269 1230 1364 caeduntque
1263 1294 1480 1340 sacras
1526 1270 1607 1339 de
1642 1297 1831 1340 more
1875 1272 2201 1343 bidentes,
2382 1295 2461 1333 ⁵⁵0

419 1384 736 1473 Dumque
773 1404 999 1473 preces
1037 1379 1314 1448 Hecube
1351 1377 1633 1474 supplex
1668 1380 1755 1449 ad
1794 1381 2043 1475 templa
2076 1384 2397 1452 Minervae

422 1494 556 1559 Pro
595 1489 814 1559 charis
850 1490 1138 1584 genitrix
1177 1491 1356 1558 natis
1388 1504 1454 1559 et
1496 1490 1781 1586 conjuge
1824 1490 2075 1579 fundit,

421 1605 686 1689 Interea
724 1599 1022 1669 Glaucus
1062 1600 1296 1668 stricto
1329 1599 1731 1669 contendere
1768 1600 1945 1671 ferro

421 1715 594 1781 Cum
628 1710 954 1780 Diomede
993 1725 1216 1805 parat,
1250 1736 1629 1804 nomenque
1676 1736 2020 1805 genusque
2056 1714 2357 1807 roganti,

419 1822 593 1913 Quis
629 1823 750 1909 sit,
779 1836 846 1891 et
881 1822 1059 1889 unde
1096 1820 1264 1890 ferat
1285 1874 1305 1908 ‚
1333 1822 1593 1916 magnis
1620 1846 1775 1891 cum
1812 1823 2067 1891 viribus
2094 1824 2349 1893 hastam
2386 1843 2466 1883 ⁵⁵⁵

420 1933 690 2001 Mittere
725 1931 1066 2016 tentabat3
1107 1933 1394 2000 tentanti
1429 1931 1712 2001 AEtolius
1749 1932 1974 2019 herOS,

417 2073 451 2105 «
491 2044 648 2131 Quo
687 2037 856 2111 ruis!
895 2040 1256 2128 exclamat3
1293 2066 1440 2135 quae
1477 2056 1572 2126 te,
1612 2040 1953 2127 scelerate,
1984 2040 2317 2111 furentem

423 2157 618 2222 Mens
653 2153 792 2246 agit
839 2152 1206 2246 imparibus
1245 2176 1505 2219 mecum
1542 2175 1945 2221 concurrere
1988 2150 2171 2219 telis?

420 2264 718 2357 Hospitis
755 2286 936 2330 arma
973 2260 1183 2348 vides,
1219 2262 1499 2330 Veneris
1543 2263 1658 2357 qui
1697 2260 1971 2331 vulnere
2015 2260 2311 2330 dextram

395 2454 517 2518 543.
544 2460 802 2521 Tergaque
817 2457 953 2504 meda
970 2455 1114 2521 tegit,
1141 2452 1340 2524 clypeis

322 2546 480 2607 puto,
521 2552 590 2585 ne
625 2532 842 2603 impune
878 2531 1166 2584 caedantur.
1189 2532 1338 2603 Virg.

321 2614 441 2665 AEn.
479 2612 591 2674 x1,
627 2612 811 2663 6302«-
833 2610 918 2662 Bis
959 2610 1140 2682 rejecti
1176 2611 1340 2663 armis

315 2680 610 2765 respectant
629 2702 772 2761 terga
790 2702 1024 2761 tegentes
1045 2716 1064 2735 ι
1081 2730 1094 2742 .

394 2775 512 2833 546.
536 2774 878 2838 Hecubamque
895 2790 1084 2822 vocare
1097 2770 1165 2823 G.
1187 2790 1235 2822 π.

393 2852 510 2915 548.
532 2856 768 2902 Armatus
790 2850 966 2903 nescio
993 2869 1062 2903 au
1087 2850 1208 2903 satis
1226 2868 1350 2903 con·

321 2932 536 2985 veniens
565 2931 880 2983 vocabulum
911 2930 1002 2995 sit,
1041 2948 1140 2983 nec
1168 2942 1344 2983 tamen

321 3010 464 3063 aliud
499 3030 528 3063 e
567 3011 824 3081 scriptura
859 3010 1118 3063 librorum
1159 3022 1342 3081 peten-

320 3090 467 3143 dum.
511 3120 582 3129 -—-
624 3096 854 3158 Innuptoe
893 3093 1127 3141 Minerva:
1161 3088 1344 3161 virgil.

321 3174 447 3223 AEn.
485 3170 576 3235 11,
617 3170 700 3222 31.

396 3249 518 3319 549.
539 3252 740 3300 Altaria
766 3251 924 3299 sertis.
945 3246 1222 3300 Placandis
1246 3247 1346 3299 sci-

321 3328 442 3380 licet
497 3328 804 3405 nqminibus
826 3368 840 3393 ,
881 3327 1052 3399 inquit
1101 3326 1347 3379 Bai-thius

320 3407 357 3458 l.
397 3427 442 3460 c.
468 3408 687 3460 Veteres
721 3426 829 3459 non
866 3417 1074 3459 tantum
1113 3406 1352 3459 victimas

321 3486 638 3539 adhibebant
659 3524 674 3549 ,
734 3484 826 3538 sed
880 3484 1038 3538 etiam
1084 3504 1308 3539 coronas
1331 3526 1346 3553 ,

321 3566 424 3619 aris
447 3564 739 3636 cingendis,
757 3562 898 3617 addo
918 3564 1074 3617 etiam
1095 3563 1344 3618 delubris.

320 3646 468 3719 Virg.
489 3650 612 3697 AEn.
636 3644 692 3696 11
709 3682 724 3707 ‚
761 3651 860 3711 ²49
891 3661 906 3695 ε
946 3670 970 3690 u
992 3644 1100 3697 Nos
1123 3644 1344 3697 delubra

261 3770 270 3777 .
322 3724 714 3779 Deum-..festa
755 3724 987 3775 velamus
1028 3722 1215 3777 fronde
1253 3743 1344 3793 per

321 3804 504 3857 urbem
523 3823 580 3868 »ς
628 3814 678 3855 et
700 3803 806 3865 IV,
851 3822 947 3855 202
969 3820 982 3854 :
1025 3830 1045 3848 α
1067 3802 1222 3855 variis
1249 3801 1342 3854 flo-

319 3884 482 3953 rentia
500 3882 685 3935 limina
705 3882 849 3935 sertis
875 3908 896 3928 n
919 3902 933 3946 ;
959 3881 1096 3935 idem
1117 3920 1132 3942 ,
1151 3882 1344 3953 Georg-

321 3963 420 4025 IV,
453 3966 555 4033 276
575 4000 589 4027 ,
614 3988 635 4008 ι
659 3962 804 4033 Saepe
824 3964 998 4015 Deum
1021 3960 1164 4013 nexis
1184 3979 1342 4013 orna-

325 4053 386 4101 tm
410 4042 686 4113 torquibus
705 4059 805 4115 arae
821 4067 863 4091 υ.

395 4120 508 4173 550.
547 4126 629 4171 Ea·
659 4140 790 4171 more
827 4123 1042 4171 bidentes
1085 4118 1343 4189 vulgatae3

1427 2456 1492 2503 de
1528 2472 1662 2505 more
1704 2452 1771 2505 H.
1812 2451 1975 2523 idque
2010 2452 2204 2507 rectius
2223 2491 2239 2514 ,
2285 2465 2337 2505 et
2383 2468 2461 2507 est

1428 2531 1667 2602 Virgilii,
1699 2532 1909 2585 AEneid.
1932 2533 2035 2595 IV,
2059 2532 2157 2601 573
2186 2533 2255 2598 V,
2280 2538 2367 2601 96.
2390 2566 2461 2577 *-

1427 2615 1609 2663 Suet-as
1627 2616 1701 2665 ad
1717 2617 1898 2680 templa
1916 2615 2134 2663 bidentes
2150 2612 2215 2664 G.
2230 2632 2257 2665 a
2276 2632 2291 2666 :
2313 2618 2458 2684 quod

1431 2690 1543 2743 sine
1560 2688 1726 2744 dubio
1744 2711 1839 2763 per
1862 2710 2095 2743 errorem
2133 2710 2163 2743 e
2197 2710 2351 2745 versu
2380 2710 2457 2745 se-

1433 2781 1633 2842 quente
1664 2768 1773 2823 huc
1809 2770 2069 2842 migravit.

1510 2848 1628 2901 553.
1664 2852 2089 2919 Decernerefim
2107 2850 2175 2903 G.
2202 2870 2248 2902 2.

1507 2926 1625 2981 555.
1652 2934 1715 2979 Et
1731 2930 2032 2996 andelia-ac,
2052 2928 2249 2981 scilicet
2276 2947 2424 2983 arma
2445 2955 2458 2988 :

1431 3006 1509 3058 sic
1530 3006 1652 3059 dedi
1676 3026 1735 3059 ex
1760 3008 1825 3059 H.
1849 3019 1899 3061 et
1918 3006 1983 3059 G.
2011 3028 2057 3061 a.
2076 3008 2319 3078 Vulgata
2342 3013 2461 3077 Quis

1435 3089 1496 3139 sit
1520 3102 1566 3138 et
1590 3089 1881 3155 andeforet.

1508 3166 1624 3236 557.
1648 3172 1740 3227 Te,
1769 3171 2001 3219 scelerate
2022 3187 2040 3217 .·
2078 3166 2182 3219 hoc
2220 3166 2455 3237 profecto

1437 3243 1622 3299 durius
1650 3258 1753 3312 est,
1789 3265 1949 3316 quam
1974 3266 2074 3317 pro
2100 3244 2297 3299 blanda
2333 3265 2457 3299 ora·

1435 3324 1577 3377 tione
1597 3324 1893 3390 Diomedis,
1912 3344 2030 3397 quae
2070 3338 2149 3381 est
2175 3324 2318 3396 apud
2348 3324 2459 3379 Ho-

1439 3422 1647 3457 merum
1666 3444 1683 3469 ,
1704 3404 1937 3457 Iliale
1956 3446 1970 3469 ,
1996 3406 2092 3459 123
2114 3424 2265 3477 seqq.
2288 3424 2460 3477 neque

1437 3495 1611 3535 tamen
1638 3486 1787 3556 juvat
1814 3483 2103 3555 quidquam
2137 3485 2294 3538 lectio
2318 3484 2459 3537 codi-

1435 3563 1513 3616 cis
1534 3562 1598 3615 Η.
1620 3578 1667 3615 te
1702 3570 1919 3616 celerare
1939 3566 2208 3631 fluentem.
2248 3596 2316 3603 —
2352 3564 2459 3617 Sed

1432 3648 1719 3695 sceleratum
1744 3663 1883 3715 saepe
1908 3662 2007 3713 pro
2042 3644 2259 3695 molesto
2288 3654 2338 3693 et
2359 3642 2456 3695 im-

1429 3724 1520 3793 pio
1543 3721 1783 3775 adhiberi
1806 3734 1981 3773 monet
2000 3721 2244 3775 Bartths
2264 3762 2280 3789 ,
2316 3720 2455 3774 Adv.

1431 3802 1605 3865 XXV,
1630 3802 1716 3864 153
1738 3812 1795 3853 ut
1810 3799 2059 3871 Virgilius
2078 3800 2291 3873 quidem
2313 3826 2334 3845 ι
2352 3818 2459 3853 sce·

1433 3883 1653 3933 letatum
1678 3880 1847 3950 frigus
1864 3904 1889 3922 π
1915 3878 2075 3945 dixit,
2119 3892 2167 3931 et
2192 3880 2419 3933 Rutilius
2440 3899 2453 3931 :

1432 3984 1458 4002 «e
1476 3960 1766 4011 leruerint
1796 3958 1948 4009 citius
1977 3958 2225 4011 scelerata
2254 3958 2457 4012 oblivia

1435 4040 1601 4091 solem
1628 4064 1668 4090 ι.
1706 4038 1818 4091 En.

1512 4118 1629 4185 559.
1678 4120 1877 4167 Vener-225
1928 4136 2041 4183 qua·
2083 4120 2287 4169 vulnere
2332 4120 2461 4189 dex-

2085 4206 2194 4275 36.
