2975 4684
525 430 662 502 388

1187 432 1987 503 EPITHALAMIUM

621 559 796 625 Ante
836 554 1048 626 Deam
1092 557 1277 622 tenui
1316 555 1613 624 decurrit
1646 570 1826 625 veste
1864 555 2218 651 Voluptas»,

617 671 980 734 Ostentans
1023 688 1470 760 revocansque
1510 666 1793 734 nitentia
1831 666 2131 734 membra
2175 663 2491 760 tegenda,

617 780 998 870 Purpureas
1035 801 1271 846 croceo
1309 801 1497 844 suras
1532 777 1791 844 evincta
1831 775 2193 862 cothurn0‚

617 889 884 981 Speque
925 910 1043 954 sua
1079 885 1314 978 major,
1353 883 1667 980 nullaque
1702 886 2025 954 imitanda
2062 887 2299 982 figura.

617 996 872 1068 Blanda
903 1020 1107 1065 manu
1137 994 1488 1090 implexam
1522 1010 1704 1064 tenet
1735 996 1940 1081 hanc,
1966 997 2283 1092 ducitque
2318 998 2628 1066 canendo

615 1109 946 1178 AEtherias
977 1107 1170 1177 Siren
1207 1105 1505 1174 iterabile
1542 1130 1809 1174 carmen
1844 1106 1928 1174 ad
1967 1131 2183 1176 auras.

614 1219 720 1288 Ad
752 1219 916 1312 juga
949 1215 1194 1284 blanda
1236 1215 1448 1304 sedet,
1477 1217 1701 1284 niveas
1736 1215 2077 1284 moderata
2112 1213 2485 1298 columbam,

616 1333 772 1400 Non
809 1327 1110 1396 satianda
1145 1327 1376 1410 bonis,
1419 1327 1609 1394 Divae
1643 1350 1832 1396 soror
1863 1326 2070 1408 alma,
2106 1326 2408 1421 Cupido:

617 1439 842 1533 Aliger
877 1439 1197 1532 obsequio
1239 1439 1442 1531 stipat
1478 1462 1669 1531 puer,
1702 1462 1941 1532 agmen
1982 1442 2305 1508 Amorum

619 1547 893 1618 Claudit
928 1571 1129 1641 agens
1167 1547 1440 1616 choreas
1475 1548 1671 1641 pictis
1700 1546 2027 1618 exercitus
2066 1548 2289 1618 armiS.
2612 1567 2669 1602 ²⁵

623 1657 952 1728 Adrident
997 1655 1128 1726 late
1167 1672 1313 1726 toto
1350 1654 1715 1726 revolantia
1748 1656 2001 1727 mundo

522 1901 679 1956 etiam
719 1901 778 1953 in
819 1901 1072 1954 comitatu
1090 1900 1311 1953 Veneris
1351 1899 1544 1962 fuisse,

521 1981 749 2036 ostendit
776 1999 960 2033 versus
990 1983 1074 2044 45.

599 2067 682 2116 16.
724 2065 978 2131 Voluptas.
1001 2060 1124 2112 Hoec
1153 2076 1332 2112 comes
1349 2057 1548 2110 Veneri

525 2141 744 2196 additur
785 2138 1078 2194 seeundum
1125 2137 1239 2190 hoec
1285 2135 1517 2189 Lucretii
1534 2175 1550 2198 ,

521 2224 612 2287 11,
669 2237 804 2291 ¹7²²
858 2245 882 2265 ι
910 2220 1138 2290 Ipsaque
1176 2214 1395 2268 deducit
1433 2213 1547 2265 dux

523 2303 640 2355 vitae
665 2299 754 2353 dia
770 2299 1030 2370 Voluptas
1052 2334 1066 2359 ,
1096 2295 1170 2347 Ut
1193 2312 1279 2347 res
1316 2313 1414 2365 per
1439 2295 1545 2344 Ve-

527 2381 671 2434 neris
711 2377 988 2431 blanditia·
1017 2375 1164 2428 saecla
1192 2384 1482 2446 propagent
1499 2396 1548 2424 n.

599 2476 686 2528 17.
720 2465 991 2509 Ostentans
1028 2473 1387 2521 revocatisque,
1433 2453 1468 2504 i.
1501 2471 1547 2504 e.

527 2558 652 2592 mox
688 2547 918 2590 ostentat
943 2545 1120 2607 aperta
1136 2572 1152 2599 ‚
1176 2552 1300 2586 mox
1323 2531 1547 2586 retrahit

525 2616 902 2691 tegitque.Tale
922 2625 1002 2667 est
1017 2613 1302 2684 Reposiani
1317 2652 1333 2677 ,
1353 2631 1405 2665 v.
1433 2627 1549 2680 τοι,

526 2698 593 2751 de
612 2698 860 2749 Venere:
891 2720 912 2741 ι
944 2695 1101 2746 Nunc
1132 2703 1302 2744 vestes
1341 2690 1550 2742 fluitare

524 2778 703 2832 sinens
722 2816 736 2842 ,
769 2774 853 2826 vix
892 2773 1010 2825 laxa
1050 2781 1275 2825 retentat
1295 2807 1312 2834 ,
1367 2771 1549 2835 Quum

527 2877 624 2910 nec
675 2866 780 2908 tota
829 2855 952 2906 latet
978 2891 993 2915 ‚
1048 2869 1149 2904 nec
1195 2862 1304 2903 tota
1351 2847 1551 2902 enudat

527 2953 760 2989 amorem
785 2959 826 2985 υ.

491 3013 499 3022 ’
606 3016 686 3068 18.
731 3019 881 3064 Suras
934 3015 1124 3066 evincta
1166 3012 1398 3062 cothurno
1421 3029 1437 3058 .·
1485 3029 1551 3062 ex

528 3096 680 3166 Virg.
701 3096 826 3145 AEn.
849 3092 876 3143 1
899 3133 913 3158 ,
956 3089 1086 3161 337:
1126 3117 1148 3136 ι
1173 3089 1551 3159 Purpureoque

527 3175 630 3225 alte
648 3190 795 3225 suras
816 3170 1010 3224 vincire
1029 3169 1290 3223 cothurno
1303 3193 1344 3220 -.
1359 3167 1547 3220 Βυιικ.

603 3273 629 3304 ‘2
644 3271 662 3304 t
676 3293 688 3304 .
711 3255 954 3302 AEthen‘as
985 3253 1142 3302 Siren.
1173 3251 1304 3319 Apta
1331 3246 1551 3318 quidem

532 3332 672 3384 socia
698 3329 1004 3402 Voluptatis
1033 3341 1110 3381 est
1130 3329 1276 3383 Siren
1299 3368 1312 3392 ,
1340 3345 1458 3398 quse
1485 3326 1552 3378 ab

532 3409 749 3466 Horatio
785 3406 994 3461 Desidia
1027 3407 1246 3470 dicitur,
1281 3407 1436 3459 Satir.
1471 3407 1551 3472 II,

533 3493 597 3553 3,
636 3497 732 3554 τάς
775 3487 867 3540 sed
910 3499 1085 3538 tamen
1123 3504 1239 3538 eam
1279 3505 1310 3538 a
1351 3487 1550 3538 ceteris

531 3570 700 3643 poetis
728 3568 864 3621 inter
890 3566 1107 3619 comites
1125 3567 1346 3618 Veneris
1364 3584 1553 3618 memo-

535 3667 639 3702 rari
666 3667 775 3700 non
800 3663 1036 3698 memini.

607 3745 692 3782 22.
736 3731 824 3780 Ad
834 3728 968 3795 juga
1005 3727 1192 3774 blanda
1219 3729 1368 3776 sedec.
1403 3725 1549 3778 Alias

531 3809 694 3860 Amor
713 3805 906 3858 dicitur
925 3801 994 3855 acl
1010 3804 1141 3874 juga
1159 3801 1339 3855 sedere
1359 3815 1411 3854 et
1429 3823 1547 3856 cur-

531 3905 648 3938 rum
669 3885 893 3940 Veneris
909 3901 1107 3955 regere.
1128 3882 1321 3936 Statius
1345 3884 1398 3934 in
1419 3884 1549 3956 Epi-

533 3965 657 4017 thal.
675 3964 846 4017 Stenae
865 4002 880 4027 ‚
908 3983 960 4014 v.
989 3962 1114 4026 143:
1138 3987 1162 4006 α
1180 3961 1352 4014 olores
1372 3963 1551 4035 Jungit

535 4045 717 4106 Amor,
739 4043 1012 4114 latamque
1033 4041 1232 4094 vehens
1261 4061 1352 4112 per
1369 4044 1551 4096 nubila

534 4133 752 4172 matrem
774 4159 790 4184 ‚
809 4121 1090 4176 Gemmato
1111 4133 1321 4173 temone
1341 4121 1486 4174 sedet
1506 4147 1551 4176 n.

1638 1897 1807 1954 edidit
1814 1896 2065 1952 Bai-thius
2078 1935 2095 1960 ,
2116 1896 2209 1951 sed
2222 1895 2671 1966 distinguendum

1636 2003 1663 2024 α
1688 1979 1835 2031 Diva
1858 1997 2007 2031 soror
2030 1979 2199 2030 alma:
2250 1974 2462 2047 Cupido
2478 1976 2673 2046 Aliger

1637 2057 1891 2129 obsequio
1923 2057 2078 2130 stipat
2110 2075 2243 2128 puer
2268 2055 2675 2128 agmen,Amo·

1638 2157 1756 2190 rum
1780 2137 1993 2191 Claudit
2010 2155 2195 2208 agens,
2218 2147 2313 2188 etc.
2329 2163 2355 2180 »-
2380 2135 2559 2188 Bm.
2590 2165 2671 2174 ——

1638 2219 1751 2289 Ego
1794 2219 2187 2273 distinctionem
2228 2217 2428 2269 Barthii
2470 2216 2669 2287 probo.

1640 2297 1847 2370 Cupido
1865 2297 1955 2352 hic
1986 2316 2097 2350 non
2130 2309 2208 2349 est
2230 2298 2412 2361 Amor,
2438 2295 2533 2348 sed
2568 2313 2671 2366 ge-

1639 2397 1765 2430 nere
1788 2378 2037 2430 feminino
2056 2377 2249 2430 dicitur
2274 2377 2421 2428 Divae
2435 2375 2672 2428 Veneris

1642 2473 1820 2524 soror,
1856 2456 2001 2529 quod
2021 2469 2074 2509 et
2100 2470 2317 2528 apparet
2336 2473 2399 2508 ex
2426 2455 2671 2526 apposita

1634 2535 2015 2610 descriptione,
2038 2553 2203 2608 quum
2226 2534 2426 2587 dicitur
2448 2555 2551 2586 mm
2571 2555 2669 2586 sa-

1636 2619 1809 2668 tianda
1830 2621 1964 2668 Bonis
1981 2638 2000 2668 .·
2017 2615 2163 2688 quod
2178 2615 2223 2666 si
2236 2618 2418 2683 Cupido
2442 2613 2671 2668 trahen-

1638 2695 1739 2748 dus
1762 2709 1897 2749 esset
1916 2695 1985 2748 ad
2003 2697 2182 2764 Aliger
2189 2713 2334 2762 puer,
2364 2696 2503 2746 Dioae
2524 2713 2671 2744 soro-

1639 2782 1705 2830 ris
1726 2777 1931 2829 nullum
1950 2791 2145 2828 nomen
2168 2783 2415 2838 exstaret,
2430 2784 2481 2824 et
2498 2777 2676 2843 aliger

1628 2878 1771 2925 puer,
1817 2859 1924 2926 qno
1967 2856 2131 2906 Amor
2172 2851 2293 2905 satis
2339 2850 2673 2924 designatur,

1637 2951 1959 3008 supervacue
1998 2944 2131 2986 esset
2166 2930 2418 3004 Cupidini
2456 2933 2675 3003 apposi-

1638 3029 1736 3068 tus.
1792 3016 1893 3066 Hic
1944 3013 2106 3085 aliger
2154 3031 2287 3084 puer
2301 3052 2315 3077 ,
2356 3013 2675 3084 pracipuus

1638 3097 1891 3148 Amorum
1910 3133 1925 3159 ,
1944 3095 2101 3165 stipat
2112 3095 2377 3145 Venerem
2392 3131 2408 3158 ,
2430 3091 2535 3144 hoc
2553 3104 2635 3143 est
2652 3131 2673 3158 ‚

1638 3194 1776 3247 pone
1812 3175 2065 3244 sequitur,
2102 3174 2187 3226 vel
2218 3173 2441 3227 inhaeret
2478 3173 2669 3224 currui

1639 3259 1774 3327 ejus,
1794 3265 1853 3306 ut
1864 3253 2184 3324 conspicitur
2196 3249 2425 3305 subinde
2445 3250 2501 3303 in
2520 3269 2674 3321 gem-

1640 3335 1738 3386 mis
1769 3332 2049 3384 veteribus.
2070 3331 2265 3383 Totum
2307 3329 2536 3402 denique
2562 3351 2670 3400 ag-

1639 3431 1747 3463 men
1764 3412 1911 3472 ,sive
1930 3412 2231 3464 comitatum
2247 3411 2471 3463 Veneris
2486 3449 2502 3474 ‚
2524 3415 2673 3461 clau-

1638 3495 1710 3544 die
1732 3497 1965 3543 Amorum
2000 3494 2266 3551 exereitus,
2292 3489 2485 3558 vulgus
2502 3491 2675 3542 Amo-

1638 3589 1758 3625 rum
1777 3611 1791 3634 ,
1821 3571 1978 3642 pictis
1996 3570 2157 3622 armis
2175 3568 2395 3622 choreas
2412 3587 2593 3639 agens.

1716 3649 1800 3702 25.
1826 3652 1971 3700 Pictis
1999 3651 2242 3700 exer-citus
2264 3651 2443 3709 armis,
2479 3645 2537 3698 id
2556 3658 2638 3700 est
2652 3690 2670 3715 ,

1642 3729 1915 3802 pharetris.
1934 3729 2018 3782 Sic
2046 3727 2229 3799 virgil.
2248 3729 2303 3780 in
2320 3727 2574 3799 epigram.
2597 3727 2673 3781 ad

1638 3811 1902 3862 Venerem
1930 3825 1943 3858 :
1970 3833 1995 3853 ιι
2022 3809 2088 3860 In
2112 3825 2316 3860 morem
2342 3808 2479 3878 picta
2507 3807 2677 3859 stabit

1640 3891 1802 3941 Amor
1826 3887 2069 3960 pharetra
2090 3911 2133 3939 a.

1716 3971 1797 4020 26.
1832 3969 2076 4018 Adrident
2109 3971 2208 4018 lace
2244 3980 2343 4016 toto
2378 3969 2673 4017 revolantiu-

1642 4047 1766 4100 Haec
1793 4063 2033 4116 expressa
2064 4065 2093 4097 e
2122 4045 2372 4099 Lucretio
2403 4043 2677 4115 videntur,

1646 4125 1821 4196 quide
1841 4125 2049 4177 Venere
2066 4165 2079 4189 ‚
2100 4125 2123 4174 1
2146 4162 2160 4187 ,
2182 4128 2215 4176 6
2234 4141 2345 4195 seq.
2380 4123 2517 4187 -Te,
2539 4125 2675 4185 Dea,

605 4199 686 4251 23.
719 4205 854 4252 Dwoe
880 4219 1019 4254 soror
1042 4205 1201 4262 alma,
1232 4205 1412 4270 Cupido
1435 4223 1454 4253 .-
1480 4201 1556 4254 sic
1646 4219 1697 4256 te
1746 4203 1953 4273 fugiunt
1990 4203 2166 4266 venti,
2208 4215 2259 4256 tc
2300 4201 2481 4254 nubila
2525 4202 2675 4266 cali,
