2975 4684
735 365 871 432 AD
925 343 1617 435 SALEu'ssAssl
1676 368 2121 440 CARMEN.
2350 373 2487 468 287

365 511 508 552 cera
539 489 760 552 icones
788 486 1302 550 latrunculorum
1336 487 1639 552 habuisse
1654 535 1675 568 ‚
1700 487 1949 554 Plinius
1968 491 2165 556 tradit
2183 495 2345 560 Hist.
2358 511 2491 562 nat.

367 589 520 655 VIII
537 637 556 670 ,
589 588 708 670 54,
727 587 784 652 si
807 588 1088 676 genuina
1115 587 1308 652 lectio
1335 605 1466 670 est,
1501 611 1697 677 quam
1722 590 2097 657 Harduinus
2122 593 2380 661 adserit.
2407 600 2493 662 Et

363 714 572 779 quum
597 690 946 756 Suetonius
965 689 1296 755 Neronem
1313 739 1330 766 ‚
1351 713 1488 780 cap.
1529 714 1609 754 22
1627 739 1645 772 ,
1680 711 1997 758 memoret
2022 695 2305 762 eburneis
2328 721 2489 786 qua·

363 792 563 880 drigis
597 791 876 882 quotidie
899 793 964 854 in
981 791 1186 856 abaco
1207 791 1420 856 lusisse
1433 841 1456 872 ,
1479 791 1633 856 inde
1654 793 1849 858 etiam
1868 794 2265 861 latrunculos
2286 800 2486 863 ebur·

367 916 525 957 neos
541 895 610 956 in
642 917 769 958 usu
800 892 999 956 fuisse
1019 941 1038 974 ,
1065 893 1244 958 haud
1275 892 1621 958 difficulter
1665 896 2007 986 colligitur.
2040 898 2237 981 Quod
2268 917 2331 964 et
2374 903 2477 966 in-

367 993 564 1059 dicari
597 1019 634 1059 a
658 995 964 1060 Iuvenale
990 993 1269 1072 videtur,
1297 995 1428 1060 Sat.
1457 997 1553 1062 xl
1572 1045 1590 1078 ‚
1628 997 1784 1062 132:

651 1171 1232 1188 .................
1259 1135 1394 1194 adeo
1422 1137 1567 1192 nulla
1590 1139 1748 1192 uncia
1774 1141 1931 1192 nobis

649 1217 744 1270 Est
765 1217 940 1270 eboris
960 1256 976 1282 ‚
1009 1237 1108 1271 nec
1137 1220 1350 1273 tessella
1370 1258 1387 1285 ,
1421 1239 1519 1274 nec
1544 1223 1781 1277 calculus
1804 1242 1867 1277 ex
1890 1224 1991 1277 hac

647 1301 891 1354 Materia.

369 1439 558 1502 Varia
603 1439 1120 1504 latrunculorum
1175 1463 1410 1529 genera
1457 1458 1526 1504 et
1568 1440 1781 1506 officia
1799 1493 1820 1526 ,
1868 1442 2278 1534 diversasque
2331 1448 2492 1513 adeo

369 1538 601 1628 figuras
615 1540 833 1623 fuisse,
854 1541 1480 1606 nonnullaVeterum
1503 1543 1645 1606 loca
1666 1543 1979 1626 indicant,
2002 1545 2167 1610 adeo
2190 1546 2453 1635 quidem
2472 1599 2491 1630 ‚

371 1657 447 1704 ut
491 1641 611 1706 iste
655 1642 850 1707 ludus
887 1664 1022 1706 non
1062 1658 1193 1705 tam
1227 1642 1595 1707 Damiludio
1630 1643 1952 1709 hodierno
1968 1695 1985 1728 ,
2020 1646 2197 1733 quod
2225 1649 2493 1714 Thomae

369 1742 552 1828 Hyde
569 1744 783 1808 visum
811 1759 940 1824 est,
963 1766 1160 1832 quam
1190 1744 1424 1809 tabulae
1451 1745 1885 1810 Scacchorum
1908 1747 2131 1813 similis
2150 1748 2489 1816 habendus

369 1845 473 1908 sit.
504 1845 924 1910 Potissimum
949 1845 1018 1909 id
1045 1846 1278 1935 colligo
1307 1869 1383 1910 ex
1419 1847 1567 1910 loco
1598 1845 1863 1930 Isidori,
1890 1847 2133 1936 Hispal.
2162 1849 2341 1940 Orig.
2374 1852 2488 1916 lib.

369 1945 626 2030 XVIII,
655 1971 792 2036 (Ἀρ.
817 1949 924 2035 67,
945 1969 1140 2035 quem
1163 1947 1246 2010 ab
1275 1947 1414 2011 aliis
1430 1969 1562 2011 non
1590 1971 1729 2012 eam
1758 1949 1827 2012 in
1857 1967 2105 2037 partem
2132 1946 2487 2017 adductum

370 2070 856 2137 expensumque
900 2049 1102 2114 miror
1135 2049 1252 2138 (1).
1301 2079 1328 2104 κ
1370 2049 1645 2129 Calculi,
1694 2050 1932 2136 inquit,
1989 2050 2223 2138 partim
2263 2052 2493 2117 ordine

372 2166 736 2234 moventur,
773 2152 1005 2240 partim
1035 2173 1212 2240 vage.
1265 2149 1422 2214 Ideo
1471 2150 1629 2214 alios
1679 2150 2038 2216 ordinarios
2058 2197 2075 2229 ,
2107 2152 2267 2217 alios
2299 2177 2492 2243 vagos

371 2253 713 2340 appellant.
742 2254 824 2317 At
848 2276 1004 2318 vero
1036 2255 1152 2341 qui
1183 2252 1428 2316 moveri
1455 2252 1729 2328 omnino
1758 2275 1893 2316 non
1926 2269 2233 2340 possunt,
2263 2255 2494 2320 incitos

372 2353 600 2419 dicunt
617 2385 666 2420 ιο.
695 2357 748 2420 Ε
789 2356 936 2420 loco
961 2356 1269 2420 Varronis
1319 2377 1515 2442 supra
1568 2355 1838 2444 allegato
1893 2351 2240 2419 didicimus
2258 2405 2277 2436 ‚
2307 2356 2496 2423 binos

372 2452 635 2520 ordines
678 2457 747 2520 in
790 2457 1010 2522 tabula
1043 2456 1501 2520 latruncularia
1548 2455 1903 2544 descriptos
1943 2455 2142 2521 fuisse
2161 2505 2179 2538 ,
2220 2457 2500 2524 directos
2562 2441 2573 2496 ³

315 2571 338 2592 ·
375 2571 439 2619 et
466 2578 884 2625 transversos».
918 2558 1060 2622 Iam
1091 2559 1439 2636 ordinarii,
1469 2557 1582 2644 qui
1622 2557 1703 2622 ab
1732 2556 1983 2621 Isidoro
2010 2555 2338 2640 dicuntur,
2382 2562 2503 2624 cal-

373 2665 503 2728 culi
534 2662 674 2726 sine
709 2658 913 2723 dubio
949 2658 1032 2722 ab
1064 2657 1404 2722 ordinibus
1436 2659 1732 2724 locorum
1752 2705 1771 2739 ‚
1792 2658 1863 2722 in
1892 2659 2129 2746 quibus
2162 2659 2502 2726 moveban-

374 2781 504 2846 tur,
555 2763 647 2826 sic
688 2759 989 2849 appellati
1035 2776 1226 2841 sunt,
1269 2759 1581 2846 quoniam
1619 2777 1685 2824 et
1720 2759 2005 2824 Isidorus
2026 2809 2045 2842 ,
2098 2762 2209 2826 lib.
2244 2763 2497 2846 XVIII,

375 2887 432 2929 c.
452 2864 576 2944 62,
611 2859 791 2950 quod
821 2860 1046 2924 calculi
1070 2882 1188 2947 per
1212 2861 1343 2923 vias
1375 2860 1720 2941 ordinales,
1752 2862 1932 2948 quasi
1958 2883 2073 2950 per
2100 2864 2286 2927 calles
2314 2881 2462 2929 eant
2482 2915 2500 2948 ,

375 2964 502 3029 hoc
537 2986 648 3028 eos
693 2985 937 3026 nomen
982 2962 1303 3050 accepisse
1344 2977 1552 3048 putat.
1589 2961 1799 3051 Igitur
1832 2985 2041 3048 quum
2079 2963 2215 3028 bini
2250 2963 2492 3031 fuerint

375 3066 637 3131 ordines
671 3065 740 3128 in
777 3063 996 3127 tabula
1014 3112 1033 3145 ,
1075 3061 1350 3152 duplicis
1396 3085 1665 3152 quoque
1702 3064 1951 3152 generis
1986 3065 2182 3128 fuisse
2198 3065 2502 3130 videntur

375 3168 696 3233 ordinarii
723 3163 1070 3229 latrunculi
1091 3211 1109 3244 ‚
1135 3164 1250 3251 qui
1288 3163 1517 3227 ordine
1552 3163 1798 3228 directo
1814 3212 1833 3244 ,
1860 3180 1926 3229 et
1946 3166 2063 3251 (11ιί
2094 3180 2458 3230 transverso
2480 3216 2499 3248 ,

377 3271 510 3335 sive
542 3268 814 3356 obliquo
833 3313 852 3348 ,
892 3280 1272 3355 pergerent3
1317 3269 1475 3352 vagi
1504 3264 1787 3353 denique
1822 3265 1915 3329 illi
1934 3313 1953 3347 ,
1986 3268 2100 3353 qui
2137 3267 2350 3331 nullos
2382 3293 2492 3332 or·

379 3371 564 3436 dines
611 3384 950 3450 tenerent,
987 3383 1054 3431 et
1094 3367 1260 3432 saltu
1309 3367 1595 3454 quodam
1635 3368 1835 3432 lineas
1882 3384 1947 3432 et
1994 3370 2125 3432 vias
2168 3369 2491 3436 ordinales

378 3472 788 3538 transilirent.
827 3471 914 3534 Et
940 3470 1064 3534 hac
1090 3469 1338 3534 ratione
1365 3469 1674 3534 Veterum
1705 3470 1887 3534 lusus
1908 3518 1925 3551 ,
1955 3471 2071 3559 qui
2102 3472 2497 3538 calculorum

379 3575 512 3638 sive
543 3572 1054 3639 latrunculorum
1087 3567 1443 3652 dicebatur,
1471 3595 1622 3634 cum
1649 3568 1805 3636 ludo
1834 3571 2207 3654 Scacchioe,
2246 3575 2357 3660 qui
2384 3575 2503 3638 ho-

382 3672 484 3738 die
529 3674 814 3756 obtinet,
844 3673 994 3736 satis
1039 3671 1379 3737 commode
1413 3673 1769 3762 comparari
1815 3689 2047 3760 potest.
2082 3675 2341 3739 Etenim
2372 3676 2500 3740 cal-

381 3777 510 3840 culi
536 3776 635 3840 vel
662 3776 941 3840 latrones
973 3773 1288 3838 ordinarii
1313 3773 1541 3838 directi
1569 3789 1750 3855 sunt,
1790 3775 1903 3862 qui
1936 3774 2003 3837 in
2033 3774 2373 3838 Scacchico
2400 3799 2506 3864 ap-

452 3975 529 4041 (1)
564 3963 792 4024 Adducit
812 3968 1027 4042 quidem
1057 3969 1234 4020 locum
1265 3985 1388 4022 eum
1423 3967 1613 4021 Isidori
1637 3967 1868 4021 Thomas
1898 3973 2038 4032 Hyde
2068 3969 2123 4020 in
2160 3969 2385 4022 Historia
2408 3971 2507 4022 Da·

385 4053 623 4120 miludii,
661 4073 776 4126 pag.
820 4055 940 4125 187,
971 4054 1066 4106 sed
1103 4051 1173 4104 ita
1193 4089 1208 4114 ,
1252 4063 1310 4104 ut
1349 4050 1474 4106 inde
1506 4052 1643 4104 nihil
1674 4051 1742 4105 ad
1776 4051 2031 4104 rationem
2069 4051 2180 4104 ludi
2214 4052 2507 4123 intelligen-

387 4139 509 4212 dam
532 4139 770 4210 colligat,
791 4137 935 4191 unde
955 4149 1132 4192 tamen
1151 4135 1444 4190 similitudo
1461 4151 1583 4190 cum
1604 4136 1889 4193 Scacchico
1908 4147 2086 4190 nostro
2106 4135 2333 4208 patebat.
