2975 4684
824 389 960 457 AD
1022 389 1490 468 LICENTll,
1544 393 1990 463 CARMEN.
2328 400 2467 494 4¹7

554 518 663 572 Cur
683 516 814 570 mihi
833 517 954 572 fons
975 517 1121 572 orbis
1139 519 1218 588 (1)
1241 539 1410 592 parvo
1431 537 1675 574 sermone
1692 525 1771 594 (2)
1798 521 2031 594 meavit?

550 609 634 660 Au
657 606 832 660 minus
857 618 975 680 apta
1003 605 1114 659 suis
1135 609 1361 680 speravit
1383 608 1551 662 corda
1575 607 1821 663 fluentis?

547 693 730 774 Quum
750 703 926 764 pateat
940 711 1091 745 mens
1109 695 1280 746 omnis
1298 695 1448 767 aquis
1467 695 1570 764 (3),
1589 693 1894 768 spectetque
1914 697 2189 770 loquacem

547 780 850 852 Belligionis
877 799 1032 852 opem
1050 783 1128 851 (ἦ)
1150 801 1164 836 :
1194 795 1368 854 gratos
1394 780 1464 834 da
1492 783 1727 836 sensibus
1751 783 1977 851 imbres,

547 867 826 940 Exspectat
847 887 983 940 quos
1007 867 1164 939 plena
1189 867 1324 921 fides
1353 868 1549 922 Christi
1572 869 1643 923 de
1668 870 1840 941 stipite
1860 871 2097 942 pendens
2114 875 2207 944 (5).

422 1065 512 1128 Ut
545 1063 628 1130 de
653 1079 980 1153 tempore,
1017 1085 1151 1152 quo
1185 1087 1444 1145 carmen
1467 1065 1741 1130 Licentii
1767 1067 2079 1154 scriptum
2106 1084 2239 1151 est,
2264 1092 2467 1158 pauca

333 1169 742 1251 adjiciamus,
775 1170 1024 1234 misisse
1055 1167 1218 1233 illud
1252 1170 1579 1236 Licentius
1609 1168 1691 1235 ad
1714 1172 2155 1260 Augustinum
2188 1197 2269 1238 eo
2292 1197 2467 1242 anno

331 1277 594 1341 videtur
610 1325 628 1352 ‚
675 1299 810 1364 quo
845 1276 954 1340 hic
987 1299 1024 1340 a
1055 1276 1347 1359 Valerio',
1391 1277 1797 1366 Hipponensi
1843 1279 2145 1370 episcopo
2158 1329 2177 1362 ,
2226 1281 2467 1373 collega

329 1381 828 1448 adsciscebatur.
879 1383 1023 1448 Hoc
1067 1382 1220 1446 inde
1267 1383 1707 1472 colligendum
1744 1383 2058 1470 arbitror,
2106 1387 2288 1475 quod
2327 1393 2467 1454 Au·-

330 1489 670 1578 gustinus,
715 1487 799 1552 ad
821 1488 1190 1562 Paullinum
1224 1489 1514 1553 scribens
1555 1487 1637 1553 de
1666 1490 1992 1571 Licentio,
2026 1490 2353 1558 nihildum
2382 1495 2463 1559 de

326 1617 446 1660 sua
465 1593 550 1659 ad
575 1595 1016 1684 episcopatum
1044 1595 1460 1683 promotione
1493 1612 1841 1678 memorat3
1878 1597 2210 1662 Paullinus
2245 1615 2459 1665 tamen

325 1704 547 1793 paullo
577 1718 730 1791 post
761 1723 840 1767 ea
869 1702 938 1766 in
977 1703 1281 1792 epistola,
1320 1724 1515 1791 quam
1554 1705 1825 1768 Licentii
1861 1727 2085 1770 caussa
2118 1705 2201 1770 ad
2231 1710 2467 1773 Roma·

324 1811 600 1874 nianum
625 1810 856 1891 mittit,
891 1825 1109 1873 narrat
1128 1858 1144 1886 ‚
1173 1830 1242 1874 se
1269 1809 1480 1898 pridie
1496 1857 1515 1892 ,
1540 1825 1735 1899 quam
1762 1833 1866 1874 eas
1900 1811 2113 1876 literas
2144 1811 2459 1897 dedisset,

323 1917 638 1981 nuntium
689 1915 1010 2004 accepisse
1063 1937 1140 1980 ex
1188 1915 1432 1998 Africa,
1478 1917 1925 2005 Augustinum
1968 1916 2099 1997 jam
2136 1919 2459 1984 incolumi

323 2022 583 2087 Valerio
635 2021 918 2086 eoelesiae
979 2021 1414 2109 Hipponensis
1472 2022 1935 2111 coepiscopum
1994 2022 2239 2087 factum
2294 2047 2453 2092 esse.

321 2125 612 2211 Quando
665 2128 868 2217 igitur
915 2127 1245 2212 Licentius
1277 2147 1468 2191 versu
1506 2125 1541 2191 5
1554 2149 1581 2190 1
1618 2129 1959 2192 antistztem
2012 2130 2451 2219 Augustinum

319 2250 545 2317 vooet,
575 2233 660 2298 de
691 2233 1000 2322 episcopo
1041 2232 1307 2321 quidem
1336 2255 1411 2297 ea
1439 2255 1568 2296 vox
1602 2254 1737 2296 non
1766 2234 2138 2322 accipienda
2170 2252 2306 2317 est,
2340 2259 2455 2325 ap-

317 2341 542 2430 pellari
579 2355 796 2404 tamen
833 2339 916 2404 ita
965 2361 1002 2402 a
1047 2353 1238 2426 poeta
1273 2337 1529 2426 potuit,
1566 2338 1748 2426 quod
1783 2338 1891 2403 ille
1924 2339 2179 2404 dudum
2212 2363 2447 2434 magna

319 2447 704 2511 auctoritate
731 2445 1071 2533 presbyter
1099 2457 1235 2508 erat
1248 2491 1267 2524 ,
1299 2459 1495 2531 atque
1530 2466 1611 2508 eo
1642 2459 1935 2532 tempore
1978 2445 2220 2536 collega
2256 2469 2292 2510 a
2318 2437 2450 2512 Va-

317 2552 480 2617 lerio
532 2550 1001 2640 postulabatur.
1048 2547 1154 2614 Ad.
1195 2549 1332 2614 haec
1363 2549 1659 2614 adnotari
1704 2565 2022 2633 meretur,
2074 2553 2448 2618 Licentium

315 2679 378 2722 ν.
402 2655 491 2744 98
513 2679 649 2746 seq.
677 2657 926 2744 aliquot
948 2677 1170 2722 versus
1194 2677 1440 2744 ponere
1461 2704 1480 2737 ,
1513 2655 1626 2742 qui
1652 2649 1839 2743 paine
1872 2656 1955 2720 ad
1978 2657 2249 2722 verbum
2272 2675 2449 2724 tran-

317 2763 542 2850 scripti
574 2777 730 2826 sunt
763 2783 800 2826 e
833 2761 1246 2850 panegyrim,
1277 2757 1460 2847 quod
1489 2758 1885 2825 Claudianus
1914 2762 1985 2824 in
2014 2763 2443 2828 Consulatum

314 2867 584 2932 Probini
605 2883 670 2932 et
695 2866 950 2956 Olybrii
974 2866 1248 2952 scripsit,
1262 2887 1324 2929 v.
1349 2865 1472 2951 169
1487 2887 1621 2953 seq.
1644 2864 1759 2952 (6).
1780 2866 2097 2930 Consules
2124 2884 2347 2932 autem
2370 2870 2444 2932 hi

313 2975 582 3040 fuerunt
611 2995 690 3037 eo
738 2973 882 3061 ipso
917 2993 1124 3048 anno,
1171 2993 1306 3060 quo
1336 2991 1596 3035 carmen
1631 2969 1903 3034 Licentii
1940 2972 2257 3059 scriptum
2294 2995 2435 3042 esse

385 3197 434 3234 ι.
475 3185 606 3232 Fons
649 3182 776 3232 orbis
791 3218 808 3240 ‚
847 3178 1034 3232 doctor
1077 3189 1130 3230 et
1177 3177 1330 3248 quasi
1417 3176 1511 3230 sed
1557 3175 1731 3230 minus
1774 3177 1955 3249 accepi
2006 3197 2169 3250 quam
2216 3181 2362 3236 volui
2390 3209 2435 3238 ..,

305 3261 428 3313 fons
450 3261 624 3312 omnis
644 3259 896 3312 doctrinm
919 3255 1222 3322 mundaum.
1245 3257 1330 3310 Sic
1488 3257 1540 3310 3.
1562 3262 1717 3325 Quum
1730 3271 1913 3326 pateat
1934 3277 2072 3310 mens
2092 3264 2248 3312 omm’s
2270 3267 2433 3332 aquis,

305 3340 450 3392 enim
474 3340 529 3392 in
557 3339 782 3412 epistola
807 3335 875 3390 de
898 3337 1193 3410 Augustino
1216 3337 1324 3388 ait:
1415 3333 1471 3389 h.
1514 3355 1564 3388 e.
1592 3353 1756 3406 quum
1796 3333 2007 3408 cupiam
2046 3349 2214 3393 totum
2253 3355 2437 3412 pectus

303 3421 482 3474 «Tam
517 3420 617 3472 tibi
651 3417 953 3471 mundanus
986 3415 1132 3469 orbis
1171 3426 1329 3470 notus
1419 3433 1595 3468 meum
1622 3415 1885 3486 sapientiae
1922 3429 2025 3469 tuoe
2060 3417 2275 3474 flumine
2310 3441 2433 3494 per·

301 3511 416 3564 est,
447 3517 612 3574 quam
635 3507 848 3551 notatus
872 3517 884 3550 :
909 3510 1019 3550 tam
1049 3509 1110 3548 tu
1149 3497 1198 3548 ei
1236 3515 1328 3550 co-
1419 3493 1591 3548 fundi.

297 3579 482 3652 gnitus
497 3616 514 3642 ‚
536 3597 698 3650 quam
719 3578 972 3650 probatus
995 3601 1038 3628 n.
1488 3584 1539 3641 4.
1588 3582 1861 3644 Loquacem
1920 3580 2206 3646 Relligionis
2266 3601 2403 3650 opem
2418 3625 2433 3650 ,

376 3680 425 3713 τι.
443 3665 600 3710 Parvo
619 3677 843 3710 sermone
865 3661 1055 3708 meavit.
1088 3655 1203 3709 Hoc
1225 3657 1324 3709 sci·
1414 3655 1773 3709 verbosiorem
1819 3653 1887 3708 de
1934 3655 2183 3728 religione
2230 3658 2435 3714 institu-

295 3739 426 3794 licet
443 3737 687 3810 queritur
704 3737 760 3789 in
782 3736 999 3810 epistola
1019 3736 1280 3806 premissa
1305 3753 1320 3786 ε
1409 3735 1639 3789 tionem:
1665 3733 1839 3805 inepte
1865 3747 1916 3786 et
1942 3737 2181 3788 obscure.

303 3845 326 3865 ι
351 3818 648 3872 provocavi
687 3829 740 3870 te
762 3854 779 3880 ‚
841 3815 1012 3870 dulcis
1055 3815 1282 3867 Antistes
1304 3851 1320 3878 ,
1482 3814 1530 3866 5.
1566 3813 1825 3866 Ultimum
1850 3833 2061 3867 versum
2100 3827 2299 3886 septem
2338 3837 2429 3890 pe-

297 3915 408 3950 non
454 3909 516 3949 ut
552 3896 785 3968 prelargi
817 3895 1042 3968 pectoris
1069 3892 1324 3966 pusillum
1410 3893 1569 3948 dibus
1604 3906 1932 3946 constantem
1967 3893 2080 3966 ipse
2108 3897 2431 3967 Augustinus

297 3975 530 4030 libamen
557 3975 887 4048 acciperem3
917 3975 1012 4028 sed
1045 3987 1107 4027 ut
1139 3974 1322 4046 ingens
1411 3972 1749 4046 reprehendit
1772 3975 1825 4026 in
1854 3973 2215 4045 responsione.

297 4055 478 4108 divitis
523 4057 750 4110 ubertim
797 4055 997 4110 flumen
1039 4055 1322 4108 haurirem.
1481 4057 1534 4108 6.
1558 4055 1757 4108 Confer
1783 4053 1911 4108 edit.
1933 4065 2169 4106 nostram
2187 4053 2443 4134 Claudia-L

297 4135 632 4188 'I'hesaurum
676 4134 943 4208 sapientie
987 4133 1320 4202 desideravi3
1410 4134 1499 4200 ni,
1524 4135 1611 4188 vol
1633 4135 1660 4185 1
1675 4171 1691 4197 ,
1713 4153 1763 4204 p.
1794 4151 1919 4197 uo,
1942 4151 2024 4204 sq.
2046 4133 2147 4186 En.

549 4231 692 4297 III.
1842 4253 1857 4286 ι
2053 4248 2139 4318 27
