2975 4684
532 337 660 410 172
1238 313 1776 384 EXCURSUS
1835 314 1912 382 11

518 436 673 502 bilia
704 433 1012 501 dicuntur
1025 431 1296 526 pedibus
1318 433 1492 518 fodi,
1519 433 1699 525 quod
1726 457 1863 500 non
1891 402 2230 500 conveniat
2245 477 2267 514 ,
2303 433 2428 497 nisi
2459 433 2638 499 feris.

524 536 853 620 Quoniam
888 551 1105 600 autem
1137 534 1361 602 deesse
1376 535 1556 602 videt
1587 558 1830 602 nomen
1846 584 1866 619 ,
1895 534 1980 601 ad
2009 533 2191 624 quod
2189 531 2444 620 fodnse
2465 535 2641 601 refe-

520 653 722 721 ratur,
751 637 881 703 hoe
916 653 1169 702 mutare
1196 638 1450 728 cogitur
1478 637 1548 704 in
1583 636 1842 732 ffssa.
1879 635 2006 704 Sed
2029 635 2295 728 pedibus
2325 659 2460 702 non
2493 636 2644 702 ubi-

522 763 653 828 que
691 755 969 824 exstare,
1026 753 1093 805 et
1120 743 1371 830 penitus
1415 741 1484 804 in
1520 741 1900 806 Florentino
1929 739 2057 830 leg-i
2086 737 2402 820 vidimus,
2443 754 2646 827 atque

522 839 687 904 illud
714 857 981 929 propter
1013 840 1393 923 ablativum,
1424 839 1686 908 duobus
1721 841 1858 910 aliis
1897 840 2172 908 demissis
2207 839 2459 906 latebris
2485 841 2645 921 jun·

520 957 701 1006 ctum
719 991 739 1024 ,
773 941 1004 1007 merito
1033 957 1406 1031 suspectum
1438 959 1554 1009 est.
1589 943 1820 1031 Neque
1851 941 2126 1031 pedibus
2155 942 2437 1008 ferarum
2465 935 2661 1006 unta*

524 1041 725 1108 effodi
757 1067 948 1132 posse
972 1061 1157 1110 antra
1179 1043 1511 1123 videntur,
1541 1067 1686 1134 quae
1714 1045 2078 1134 pertingere
2103 1043 2188 1108 ad
2217 1065 2368 1109 oeva
2395 1042 2653 1108 subter·

522 1167 715 1210 ranea
735 1193 755 1228 ‚
786 1162 853 1210 et
877 1147 1153 1234 probare
1178 1162 1415 1212 terram
1446 1169 1856 1212 cavernosam
1893 1145 2165 1235 possint.
2199 1144 2432 1233 Neque
2465 1143 2650 1209 eubi-

526 1243 625 1310 lia
662 1248 729 1312 in
772 1247 937 1312 silvis
977 1271 1095 1336 per
1147 1270 1219 1313 se
1260 1249 1617 1314 necessario
1674 1247 1758 1313 de
1815 1246 2034 1312 lustris
2081 1245 2366 1312 ferarum
2407 1245 2652 1309 intelli-

529 1346 741 1436 genda
758 1395 778 1430 ‚
817 1365 1041 1415 contra
1070 1349 1346 1417 verbum
1348 1347 1603 1438 fidisse
1643 1364 1710 1414 et
1755 1370 2032 1437 sequens
2065 1369 2322 1436 oper-um
2373 1344 2652 1410 omniuo

514 1447 715 1528 ,jubet
740 1447 823 1516 de
854 1472 1051 1539 opere
1096 1451 1443 1518 hominum
1486 1450 1611 1516 sub
1651 1466 1820 1516 terra
1851 1447 2260 1538 operantium
2281 1493 2302 1529 ‚
2335 1469 2467 1535 qua
2487 1467 2656 1511 voco

498 1617 503 1622 ,
534 1549 783 1613 Plinius
827 1550 1107 1617 fossores
1144 1550 1474 1642 designat,
1505 1552 1787 1643 cogitare
1803 1599 1823 1634 ‚
1861 1548 2041 1639 quod
2075 1549 2146 1613 in
2174 1548 2346 1613 silvis
2377 1545 2515 1614 fieri
2547 1546 2654 1611 vel

532 1649 811 1715 inveniri
856 1653 1040 1717 solet.
1088 1653 1439 1719 Enimvero
1483 1653 1675 1719 lectio
1723 1651 1963 1718 eodicis
2007 1649 2366 1717 Florentini
2411 1672 2526 1718 me.
2569 1645 2656 1712 ad

536 1751 677 1816 aeris
730 1752 1015 1843 ferrique
1068 1753 1321 1820 metalla
1365 1753 1646 1821 adducit.
1693 1753 1800 1820 sic
1850 1753 2026 1820 enim
2069 1752 2178 1818 ille
2222 1773 2416 1838 versu
2459 1749 2658 1815 tertio

536 1852 691 1943 legit
723 1877 741 1920 ε

816 1989 1147 2064 Inoomperta
1172 1991 1257 2047 via
1284 2005 1364 2047 est
1384 1992 1503 2061 nri,
1538 2004 1743 2048 tantum
1768 1991 1954 2064 effugit
1973 1989 2128 2046 ultra.

540 2144 705 2229 Qum
729 2145 921 2212 lectio
946 2147 1107 2212 mihi
1136 2147 1266 2214 hoe
1293 2149 1690 2237 probabilior
1717 2148 1995 2229 videtur,
2028 2143 2212 2234 quod
2225 2145 2464 2210 Noster
2495 2164 2666 2207 mm-

540 2245 691 2310 dem
709 2269 935 2312 vocem
962 2251 1365 2338 incomperta,
1386 2249 1552 2316 infra
1575 2274 1637 2315 v.
1669 2249 1818 2331 542,
1840 2248 1924 2314 de
1951 2249 2220 2313 metallis
2247 2265 2313 2312 et
2335 2244 2664 2310 fossilibus

537 2348 963 2436 profundiore
995 2351 1063 2413 in
1095 2366 1265 2415 terra
1294 2353 1527 2417 ocultis
1559 2365 1858 2440 usurpat,
1890 2346 2504 2438 Quoedamsonasse
2514 2369 2670 2435 pro·

513 2445 747 2536 fundo
778 2449 1170 2539 Inconperta
1179 2451 1426 2542 jacent.
1460 2453 1546 2518 Et
1574 2452 1844 2518 verbum
1878 2449 2112 2542 ffgit
2139 2449 2469 2516 metallum
2501 2447 2670 2513 indi-

544 2564 666 2616 σιτ.
700 2550 807 2617 Sic
838 2551 1013 2618 enim
1044 2553 1371 2637 Luoenus,
1396 2554 1510 2619 lib.
1537 2555 1654 2637 IV,
1683 2553 1843 2619 223:

827 2701 953 2840 gon
977 2703 1257 2779 chalybem
1280 2719 1461 2778 gentes
1484 2707 1698 2782 penitus
1722 2704 1954 2779 fugiente
1979 2705 2192 2760 metallo

902 2801 1135 2844 nerent..
1158 2829 1170 2842 .
1191 2829 1206 2843 .

549 2955 616 3004 et
646 2939 947 3006 Manilius
964 2989 983 3023 ,
1006 2940 1116 3008 lib.
1144 2942 1261 3024 IV,
1288 2941 1453 3029 396:

828 3087 897 3138 At
922 3083 1023 3139 nisi
1046 3085 1297 3157 perfossis
1318 3085 1485 3158 fugiet
1511 3097 1560 3138 te
1585 3083 1855 3140 montibus
1877 3101 2090 3139 amm.

552 3248 690 3314 Etsi
721 3247 959 3314 cubilia
987 3250 1334 3338 saepissime
1365 3250 1450 3316 de
1478 3250 1632 3314 feris
1649 3298 1668 3332 ,
1701 3266 1920 3314 tamen
1951 3265 2017 3313 et
2047 3248 2129 3314 de
2162 3247 2300 3312 aliis
2335 3248 2531 3328 locis,
2563 3247 2682 3334 qui

554 3349 773 3416 sedem
794 3399 813 3432 ‚
842 3351 1133 3440 requiem
1162 3367 1276 3417 aut
1304 3351 1649 3418 stationem
1680 3349 1996 3440 praebent,
2031 3349 2364 3430 dicuntur,
2397 3363 2476 3413 ut
2504 3346 2683 3438 apud

556 3453 713 3519 Stat.
741 3453 948 3519 Theb.
978 3453 1079 3538 H,
1107 3453 1232 3542 37:

940 3598 1060 3656 Illic
1083 3598 1323 3654 exhausti
1346 3617 1575 3672 posuere
1598 3599 1795 3654 cubilia
1816 3596 1962 3654 venti
1980 3635 1996 3662 ,

952 3683 1395 3756 Fulminibusque
1414 3683 1518 3737 iter
1536 3694 1615 3738 est
1632 3720 1650 3749 ,
1677 3695 1782 3737 etc.

562 3854 629 3908 et
656 3839 739 3905 de
770 3839 1008 3906 metalli
1040 3837 1303 3906 sedibus
1334 3837 1403 3903 in
1436 3837 1550 3904 illo
1575 3836 1812 3904 Valerii
1840 3834 2050 3903 Flacci
2082 3833 2195 3902 lib.
2228 3831 2310 3918 V,
2353 3830 2474 3912 145
2497 3855 2522 3900 a
2623 3823 2628 3835 '

843 3997 982 4051 Nam
1003 3996 1151 4069 prius
1174 3993 1343 4069 ignoti
1369 4013 1536 4069 quam
1557 3993 1698 4051 dura
1722 3990 1919 4050 cubilia
1945 3991 2074 4050 ferri

847 4081 1105 4142 maerent
1120 4121 1141 4152 ,
1166 4098 1421 4155 ensesque
1440 4078 1644 4138 dmm.
