2975 4684
523 400 664 471 632
716 402 1093 472 AUSONII
1131 402 1592 470 PERIOCHA
1636 400 1733 469 IN
1776 398 2137 467 HOMERI
2174 398 2593 467 ILIADEM.

523 534 743 615 trario,
766 534 979 621 specie
998 529 1351 619 Deiphobi,
1370 547 1446 594 ut
1473 528 1757 612 dimicet,
1785 528 2188 595 adhortante.
2206 529 2451 593 Hector
2466 530 2671 594 inter·

457 674 468 685 ι
526 640 734 705 fectus
751 688 770 721 ,
807 654 872 703 et
901 638 1203 728 religatus
1235 636 1318 701 ad
1349 658 1617 701 currum
1634 684 1657 718 ,
1687 653 1786 701 ter
1824 636 2069 700 circum
2116 638 2349 700 moenia
2381 636 2667 715 Trojana

521 762 856 835 raptatur:
886 743 1121 809 deinde
1140 744 1423 808 lacerum
1449 765 1687 831 corpus
1720 742 2011 807 defertur
2032 740 2119 806 ad.
2146 765 2342 807 naves
2356 791 2375 824 ,
2407 742 2667 806 ultione

521 852 833 933 Patrocli,
859 866 926 915 et
954 850 1216 914 victoris
1251 848 1584 913 iracundia
1598 898 1617 930 ,
1650 845 1732 913 ad
1764 848 2073 913 ulteriora
2106 848 2421 935 supplicia
2446 870 2664 912 reser-

520 955 826 1023 vandum.

911 1172 1428 1241 PERIOCHA
1489 1174 1760 1240 XXIII
1824 1174 2267 1241 ILIADOS.

797 1366 956 1437 Troja
983 1380 1133 1420 vacat
1161 1368 1442 1439 lacrymis,
1470 1367 1610 1421 ludis
1636 1368 1829 1438 Argiva
1853 1370 2125 1439 juventus.

607 1539 939 1605 Funebres
970 1539 1107 1603 Iudi
1145 1542 1213 1605 in
1250 1541 1573 1606 honorem
1605 1541 1885 1606 Patrocli
1929 1542 2450 1631 frequentantur.
2486 1542 2659 1624 Qui-

515 1648 638 1711 bus
670 1643 1015 1731 Diomedes
1042 1648 1224 1734 equis
1257 1664 1548 1736 superat,
1576 1649 1746 1712 lucta
1774 1664 1842 1712 et
1861 1670 2061 1712 cursu
2085 1647 2325 1735 Ulyxes
2344 1696 2362 1731 ,
2396 1646 2662 1735 alioque

515 1753 618 1816 alii
655 1774 887 1843 genere
918 1753 1286 1817 certationis
1319 1769 1663 1819 antestant.

867 2004 1412 2072 PERIOCHA
1474 2004 1749 2072 XXIV
1818 2002 2291 2070 ILIADOS.

794 2203 1034 2275 Quisque
1062 2220 1188 2255 suas
1215 2213 1461 2273 repetunt
1483 2202 1647 2255 misso
1672 2203 1963 2255 certamine
1990 2220 2170 2257 naves.

601 2367 854 2454 Jupiter
891 2364 1234 2431 'l'hetidem
1273 2368 1469 2431 mittit
1504 2367 1587 2431 ad
1620 2365 1825 2431 filium
1842 2416 1863 2447 ,
1914 2389 2063 2430 cum
2110 2366 2425 2431 mandatis
2468 2366 2656 2448 ejus-

515 2470 727 2553 modi,
753 2470 918 2536 utin
943 2471 1325 2536 defunctum
1355 2474 1574 2537 saevire
1601 2471 1865 2537 desistat
1883 2520 1902 2552 ,
1928 2472 2173 2561 latique
2204 2471 2551 2537 hominum
2580 2474 2655 2537 in

515 2576 811 2642 exanimo
859 2576 1048 2641 hoste
1083 2594 1400 2660 vereatur,
1435 2577 1519 2643 ad
1561 2579 1957 2667 sepulturam
1992 2600 2279 2666 corpore
2321 2579 2649 2644 restituto.

515 2680 820 2763 Ejusdem
843 2681 1034 2763 jussu
1075 2699 1142 2748 et
1177 2684 1295 2747 Iris
1342 2685 1723 2748 cohortatur
1752 2684 2079 2748 Priamum
2098 2732 2117 2767 ,
2150 2699 2225 2748 ut
2253 2706 2415 2749 auro
2443 2682 2653 2749 filium

514 2786 827 2877 rependat
865 2788 1256 2854 exanimum.
1307 2790 1440 2873 Qui
1489 2789 1817 2855 Mercurio
1857 2788 2024 2855 duce
2074 2790 2245 2854 inter
2293 2804 2657 2855 nocturnas

515 2896 806 2961 hostium
865 2895 1194 2984 profectus
1241 2896 1577 2978 excubias,
1624 2896 1851 2961 Achilli
1914 2896 2188 2984 supplex
2234 2895 2652 2981 advolvitur3

516 3000 1057 3090 redemptumque
1087 3000 1291 3066 filium
1317 3002 1569 3082 justitio
1602 3000 1865 3089 publico
1892 3017 1957 3065 et
1984 2998 2177 3067 deflet
2192 3050 2211 3084 ,
2245 3017 2310 3065 et
2340 3002 2591 3090 sepelit.
