2975 4684
486 287 640 396 188‘
1196 321 1737 393 Excnnsus
1792 323 1900 392 v1

476 446 692 536 praelia
716 460 1034 511 testantur
1047 491 1068 527 ,
1100 459 1245 508 tum
1270 443 1566 532 inprimis
1589 441 2024 509 memorabilis
2043 441 2349 508 Leonidae
2369 463 2558 508 casus
2580 492 2601 526 ‚

476 549 592 638 qui
639 547 724 612 ad
755 545 1223 636 Thermopylas
1255 569 1409 611 cum
1456 547 1761 611 trecentis
1792 543 2294 611 Lacedaemoniis
2311 593 2329 628 ,
2369 545 2602 636 ingen-

474 665 573 714 tes
624 649 853 714 Xerxis
898 649 1114 737 copias
1166 648 1492 712 sustinens
1511 697 1532 730 ‚
1583 647 1666 713 ad
1695 649 2206 713 internecionem
2243 669 2445 712 caesus
2481 663 2600 712 est.

472 751 776 838 Denique
806 771 1014 814 saeros
1048 750 1118 813 in
1153 747 1386 814 bellum
1423 749 1710 814 Lacones
1741 749 1936 814 etiam
1969 749 2058 814 ob
2090 747 2220 813 hoc
2251 747 2380 814 dici
2426 747 2602 812 arbi-

470 869 611 918 tror
625 901 644 933 ,
678 850 860 939 quod
893 850 965 915 in
993 850 1249 916 hostem
1281 866 1612 915 moventes
1646 851 2028 914 instructam
2057 849 2260 914 aciem
2290 849 2470 938 prius
2501 871 2604 914 sa-

474 953 715 1020 crificio
766 953 938 1020 facto
971 951 1435 1017 consecrabant
1451 999 1470 1034 ‚
1526 968 1593 1016 et
1625 951 2022 1017 carminibus
2057 949 2247 1015 dictis
2287 949 2604 1015 advocare

472 1053 647 1120 Deos
668 1102 687 1137 ,
742 1070 808 1118 et
844 1052 1028 1142 quasi
1068 1051 1399 1143 praesentis
1440 1052 1564 1116 Dei
1601 1051 1824 1117 favore
1877 1051 2302 1117 animosiores
2331 1048 2606 1116 reddere

472 1155 803 1221 volebant.
837 1155 1159 1220 Memorat
1197 1153 1581 1220 Plutarchus
1614 1155 1658 1218 1.
1688 1176 1748 1218 c.
1786 1173 1926 1242 cap.
1957 1153 2150 1217 XXII
2165 1201 2184 1235 ,
2219 1168 2372 1218 ante
2393 1153 2600 1217 aciem

473 1258 783 1344 capellam
829 1256 1225 1323 immolatam
1262 1279 1302 1319 a
1344 1277 1497 1344 rege
1515 1303 1534 1338 ‚
1578 1271 1721 1320 tum
1769 1253 2042 1320 edixisse
2063 1301 2082 1334 ,
2113 1269 2191 1318 ut
2219 1275 2448 1322 omnes
2489 1275 2605 1318 co·

472 1381 702 1424 ronam
732 1373 1094 1440 sumerent,
1133 1372 1201 1422 et
1235 1373 1312 1422 ut
1338 1356 1634 1421 tibicines
1661 1373 1970 1422 canerent
1993 1357 2270 1422 Castoris
2299 1377 2558 1420 carmen
2581 1379 2602 1438 3

472 1459 687 1546 ipsum
738 1479 957 1546 regem
1004 1457 1199 1523 simul
1230 1479 1532 1524 exorsum
1568 1480 1708 1522 esse
1739 1450 2001 1524 carmen
2019 1505 2037 1539 ‚
2090 1456 2270 1545 quod
2313 1457 2604 1523 embate-

470 1560 645 1624 rium
699 1558 978 1625 dicitur:
1012 1558 1098 1623 ad
1142 1561 1327 1640 cujus
1374 1581 1681 1626 numeros
1729 1581 1934 1648 quum
1985 1557 2346 1625 inciderent
2360 1606 2379 1641 ,
2435 1557 2604 1622 nihil

474 1660 810 1726 turbantes
843 1661 1045 1726 aciem
1068 1709 1086 1743 ,
1119 1682 1332 1749 neque
1372 1661 1604 1725 animis
1641 1659 2060 1744 fluctuantes,
2092 1675 2272 1726 tanta
2300 1683 2454 1725 cum
2481 1683 2604 1724 au-

476 1761 653 1827 dacia
678 1761 872 1827 simul
912 1778 978 1826 et
1019 1761 1360 1827 stabilitate
1394 1761 1597 1827 animi
1625 1783 1998 1852 progressos
2027 1760 2098 1824 in
2129 1761 2385 1826 hostem
2415 1781 2557 1826 esse
2582 1806 2603 1842 ,

474 1877 552 1926 ut
581 1861 761 1951 quasi
792 1863 934 1928 Deo
960 1863 1180 1952 aliquo
1204 1879 1520 1953 proesente
1549 1863 1654 1953 agi
1681 1863 1949 1953 regique
1973 1861 2370 1928 viderentur.

2137 2147 2603 2172 mmm

491 2149 1407 2172 *mmmmm

890 2399 1900 2526 EXCURSUS
1997 2405 2188 2526 VI

708 2644 843 2712 An
902 2613 1304 2718 LUCILII
1365 2646 1582 2717 JUN.
1635 2647 2048 2734 AETNAM,
2089 2669 2156 2715 v.
2205 2644 2373 2718 620.

764 3034 1446 3052 ....................
1456 3000 1700 3074 Namque
1721 3001 1922 3073 optima
1946 3003 2122 3075 proles

755 3081 1144 3154 Amphinomus
1166 3083 1435 3156 fraterque
1454 3083 1571 3156 pari
1589 3073 1689 3138 sub
1707 3083 1942 3156 pondere
1965 3086 2128 3142 fortes
2141 3127 2158 3154 ,
2181 3097 2282 3141 etc.

567 3243 771 3325 Quum
804 3247 1009 3311 multa
1048 3269 1170 3312 suo
1229 3249 1511 3338 poemati
1569 3249 1854 3315 Lucilius
1896 3268 2272 3316 ornamenta
2287 3298 2306 3333 ,
2362 3250 2600 3316 fabulis

473 3361 812 3435 poetarum
841 3395 859 3428 ,
897 3350 1203 3437 exemplis
1231 3366 1296 3414 et
1328 3351 1644 3416 similibus
1683 3375 1762 3416 ex
1795 3353 2064 3418 historia
2093 3375 2294 3441 reque
2321 3352 2596 3418 naturali

470 3445 817 3512 afferendis
838 3497 857 3532 ,
908 3448 991 3513 ad
1028 3449 1439 3516 molliendam
1482 3452 1931 3540 disputationis
1971 3477 2202 3520 severae
2242 3470 2308 3518 et
2341 3453 2596 3518 subtilis

471 3550 911 3614 austeritatem
942 3551 1229 3616 intexere
1274 3553 1559 3636 studuit,
1593 3569 1739 3618 tum
1770 3555 2069 3645 inprimis
2099 3571 2354 3646 gratum
2388 3570 2456 3618 et
2486 3577 2601 3620 ne-

469 3651 820 3718 cessarium
874 3653 1128 3742 putavit
1147 3703 1168 3735 ‚
1230 3669 1511 3719 attexere
1547 3655 1883 3720 historiam
1921 3657 2004 3721 de
2055 3657 2360 3721 fratribus
2415 3657 2602 3720 Cata-

474 3754 787 3820 nensibus
809 3803 828 3838 ‚
858 3772 1157 3844 parentes
1208 3779 1361 3821 suos
1398 3756 1686 3822 humeris
1727 3781 1806 3823 ex
1839 3757 2094 3822 flamma
2121 3758 2356 3823 AEtnaei
2386 3759 2604 3821 incen-

474 3853 565 3920 dii
590 3856 1010 3924 efferentibus
1028 3905 1051 3940 5
1084 3881 1227 3948 quae
1258 3858 1471 3924 AEtnae
1505 3860 1706 3948 ipsius
1738 3861 1970 3924 famam
2000 3859 2170 3923 inter
2201 3860 2350 3923 alias
2375 3870 2598 3948 gentes

472 3958 753 4023 maxime
795 3960 1134 4026 illustravit
1157 4010 1177 4045 ,
1222 3984 1479 4050 quaque
1533 3983 1670 4026 non
1711 3963 1832 4027 alia
1882 3979 2178 4026 veterum
2209 3961 2598 4050 scriptorum

472 4063 856 4129 testimoniis
893 4066 1273 4132 celebratior
1306 4081 1419 4131 est.
1449 4066 1770 4155 Equidem
1809 4083 2059 4155 poterat
2090 4083 2157 4131 et
2189 4066 2340 4131 alias
2367 4065 2598 4130 afferre
