2975 4684
669 389 680 402 ‘
752 366 1344 456 EORUMQUE
1407 367 2051 438 FRAGMENTA.
2328 366 2469 460 485

336 501 412 565 A.
445 501 526 564 U.
558 501 632 564 C.
665 501 786 586 761
821 515 1008 588 putat
1034 497 1470 586 Glandorpius
1500 499 1568 562 in
1604 501 1943 565 Onomast.
1964 499 2149 580 cujus
2175 501 2475 565 meminit

338 605 690 670 Suetonius
721 606 790 668 in
818 607 1084 693 Vespas.
1111 628 1167 669 e.
1203 627 1261 670 2.
1289 605 1394 668 Bis
1425 621 1676 694 captam
1709 605 1971 686 Trojam
2000 627 2138 670 esse
2160 654 2179 687 ,
2212 606 2293 670 ab
2312 609 2477 672 Her-

337 712 481 776 cule
528 711 708 800 prius
729 759 749 792 ,
809 733 1004 797 quam
1043 710 1138 774 ab·
1177 709 1451 792 Atridis,
1505 711 1693 774 multi
1742 727 2035 775 veterum
2084 712 2473 800 scriptorum

339 815 623 881 tradunt.
655 815 1063 898 EtHerculis
1092 815 1159 878 in
1193 816 1452 896 Trojam
1486 815 1966 904 expeditionem
1990 815 2123 896 jam
2162 832 2477 882 memorat

339 923 705 1004 Homerus,
731 921 912 987 Iliad.
939 924 1020 1003 V,
1056 921 1185 987 638
1219 943 1352 1009 seq.
1381 922 1705 1011 latiusque
1736 923 2003 1011 exponit
2033 925 2235 987 Dares
2266 923 2473 1013 Phry-

339 1029 501 1118 gius,
532 1028 614 1093 de
636 1027 886 1092 excidio
905 1027 1135 1109 Trojae,
1159 1051 1295 1117 cap.
1315 1025 1358 1092 3
1383 1050 1516 1116 seq.
1542 1029 1743 1109 Cujus
1768 1029 2030 1116 quidem
2052 1025 2159 1092 hic
2188 1051 2474 1094 caussam
2552 1043 2575 1055 ‘

339 1133 568 1218 tradit,
602 1133 782 1222 quod
835 1133 1245 1216 Laomedon,
1274 1157 1386 1198 rex
1417 1134 1657 1216 Trojae,
1702 1135 1959 1200 Graecos
1999 1137 2397 1225 Argonautas
2440 1158 2477 1199 a

339 1238 583 1304 finibus⁴
632 1239 766 1304 suis
818 1239 1242 1327 prohibuerat
1290 1256 1356 1304 et
1401 1241 1875 1305 contumeliose
1918 1256 2329 1322 tractaverat3
2372 1241 2477 1305 alii

337 1367 496 1408 vero
531 1345 704 1409 hanc
741 1343 1028 1408 reddunt
1050 1335 1281 1434 ‚quod
1312 1346 1621 1410 Hercules
1655 1346 1878 1410 ulcisci
1904 1347 2180 1410 voluerit
2210 1347 2479 1410 Laome-

340 1449 560 1514 dontis
591 1448 924 1538 perfidiam
947 1498 966 1532 ,
1001 1451 1116 1538 qui
1149 1451 1411 1515 Herculi
1445 1452 1707 1540 triginta
1737 1473 1941 1540 equos
1976 1468 2244 1540 propter
2276 1475 2479 1517 serva·

342 1571 473 1620 tam
517 1580 554 1621 a
591 1555 851 1620 marino.
887 1571 1179 1620 monstro
1225 1556 1422 1621 filiam
1466 1557 1819 1622 Hesionem
1864 1560 2264 1646 promiserat.
2307 1557 2475 1622 Hinc

349 1661 592 1728 Seneca
625 1662 695 1725 in
723 1659 958 1726 Troad.
986 1684 1046 1725 v.
1086 1659 1230 1727 135:

799 1837 888 1890 Bis
913 1835 1120 1908 pulsata
1145 1835 1392 1891 Dardana
1417 1837 1581 1893 Graio

795 1924 990 1978 Moenia
1018 1926 1194 1991 feri-03
1221 1926 1409 2000 bisque
1431 1927 1708 2000 pharetras

798 2009 952 2066 Passa
975 2011 1275 2067 Herculeas.

429 2212 606 2278 VIII.
652 2211 835 2276 Alius
872 2224 1063 2299 poeta
1096 2211 1342 2299 Largus
1359 2258 1380 2291 ‚
1424 2226 1587 2276 teste
1622 2209 1890 2294 ovidio,
1926 2214 2273 2277 Antenoris
2311 2215 2476 2279 Tro-

334 2319 468 2399 jani
503 2339 604 2382 res
637 2333 843 2408 gestas
878 2316 1248 2407 descripsit,
1279 2340 1439 2405 quas
1475 2318 1819 2408 Virgilius,
1847 2316 1999 2384 AEn.
2026 2320 2089 2400 Ι,
2144 2323 2268 2398 242
2296 2343 2475 2409 seqq.

337 2425 577 2513 tangit,
618 2445 856 2512 nempe
907 2423 1232 2487 coloniam
1273 2423 1706 2504 Trojanorum
1748 2423 1831 2487 ab
1880 2445 1959 2486 eo
2001 2422 2069 2485 in
2117 2446 2260 2488 oras
2296 2425 2478 2488 sinus

337 2528 642 2594 Adriatici
708 2529 1138 2618 regionesque
1198 2527 1415 2593 Galliae
1465 2529 1804 2618 Cisalpinae
1858 2527 2227 2594 deductam.
2286 2530 2477 2596 ovid.

339 2635 531 2700 Pont.
563 2635 681 2716 IV,
725 2634 832 2716 16,
871 2656 934 2698 v.
969 2655 1084 2720 17:

631 2781 945 2854 Ingeniique
970 2779 1052 2833 sui
1078 2779 1249 2834 dictus
1269 2781 1588 2854 cognomine
1612 2781 1811 2854 Largus
1828 2822 1844 2850 ,

767 2869 969 2923 Gallica
997 2870 1091 2942 qui
1117 2869 1410 2944 Phrygium
1438 2869 1588 2923 duxit
1610 2871 1665 2924 in
1692 2889 1817 2926 arva
1846 2890 2041 2925 senem.

345 3035 470 3100 Vix
501 3033 700 3099 alium
727 3030 906 3100 hunc
936 3033 1214 3123 Largum
1254 3049 1418 3122 puto
1443 3055 1583 3098 esse
1602 3082 1621 3117 ,
1648 3056 1846 3122 quam
1882 3034 2131 3098 AElium
2157 3028 2439 3123 Largum
2456 3084 2477 3117 ‚

345 3165 542 3230 quem
579 3141 701 3204 Dio
731 3139 990 3204 Cassius
1009 3188 1026 3221 ,
1057 3139 1169 3203 lib.
1193 3138 1375 3220 LIII,
1407 3155 1724 3204 memorat
1750 3140 2033 3206 Cornelii
2060 3140 2257 3222 Galli,
2276 3157 2483 3231 poetae

345 3262 411 3312 et
441 3245 729 3337 AEgypto
769 3245 1088 3335 praefecti,
1137 3243 1387 3308 socium
1421 3259 1486 3307 et
1521 3245 1955 3308 convictorem
1975 3292 1994 3327 ,
2038 3262 2188 3334 post
2226 3269 2485 3312 accusa·

347 3369 558 3418 torem
595 3367 662 3416 et
694 3372 983 3416 caussam
1020 3349 1195 3416 necis
1233 3349 1460 3432 fuisse,
1502 3347 1782 3442 denique
1814 3351 2163 3416 exercitum
2210 3353 2277 3416 in
2323 3355 2483 3417 Ara-

347 3457 526 3524 biam
568 3456 846 3523 Felicem
887 3477 1120 3545 parum
1162 3453 1434 3519 feliciter
1471 3452 1747 3519 duxisse.
1784 3455 1984 3538 Quod
2022 3457 2293 3523 Ovidius
2332 3482 2483 3523 eum

345 3565 628 3652 Largum
659 3563 748 3628 ait
783 3562 1174 3652 cognomine
1199 3561 1444 3650 ingenii
1465 3563 1567 3626 sui
1596 3561 1841 3626 dictum
1866 3585 2039 3646 esse,
2065 3587 2144 3628 eo
2170 3565 2486 3653 significat
2610 3551 2625 3571 ’

343 3691 650 3760 magnam
679 3667 924 3759 ingenii
962 3668 1098 3748 ejus
1130 3668 1493 3732 ubertatem
1526 3667 1721 3762 fuisse
1742 3717 1759 3750 ,
1792 3667 2345 3756 quemadmodum
2375 3670 2486 3734 Ju-

346 3776 588 3840 venalis
619 3774 701 3840 de
719 3773 1162 3838 Demosthene
1187 3788 1254 3836 et
1270 3773 1616 3857 Cicerone,
1646 3776 1917 3839 summis
1950 3775 2345 3856 oratoribuS,
2376 3769 2484 3840 a'd·

347 3881 596 3964 firmat,
635 3881 762 3945 Sat.
791 3881 889 3962 X,
923 3901 982 3943 v.
1022 3878 1182 3943 118:

633 4035 858 4109 Eloqmo
885 4035 974 4089 sed
999 4047 1224 4106 uterque
1247 4034 1384 4108 perit
1405 4047 1584 4089 orator
1596 4056 1613 4101 ;
1633 4049 1913 4110 utrumque

633 4125 836 4196 Largus
873 4136 926 4178 et
959 4122 1228 4178 exundans
1266 4124 1368 4178 leto
1403 4123 1552 4180 dedit
1588 4126 1783 4197 ingenii
1823 4126 1957 4180 fons.
