2975 4684
494 373 636 458 224
683 371 1256 444 ALBINOVANI
1304 371 1651 442 FRAGM.
1693 373 1818 441 DE
1867 369 2188 443 NAVIG.
2231 374 2500 446 GERM

596 495 697 567 Di
730 507 1079 582 revocant,
1118 517 1477 588 rerumque
1511 507 1740 562 vetant
1771 517 2175 588 cognoscere
2206 493 2416 565 finem
2575 527 2627 552 ιο

586 602 909 674 Mortales
946 599 1223 674 oculos:
1256 601 1473 673 aliena
1507 601 1672 698 quid
1707 627 1978 698 aequora
2011 605 2211 675 remis

586 719 675 786 Et
710 738 926 784 sacras
968 711 1293 782 violamus
1331 735 1542 808 aquas
1561 766 1580 802 ‚
1635 713 2020 809 Divumque
2055 715 2314 807 quietas

584 823 963 895 Turbamus
999 819 1230 894 sedes?
1260 851 1295 887 »
1374 904 1385 914 ,

485 1007 772 1066 Scriverius
817 1005 887 1060 ad
932 1007 1223 1080 marginem
1262 1005 1508 1061 editionis

484 1086 844 1160 scaligerum,
859 1088 1047 1152 Libyeis
1070 1089 1299 1138 intactum
1313 1125 1329 1148 ,
1355 1089 1508 1160 cujus

482 1167 743 1220 rationem
758 1183 869 1220 non
886 1163 1123 1236 intelligo
1137 1183 1154 1228 ;
1185 1163 1506 1219 Oudendor-

484 1247 607 1319 pius
627 1249 816 1308 lembis,
836 1262 931 1298 seu
952 1243 1190 1297 navibus.
1209 1245 1322 1316 Ego
1339 1255 1506 1299 tenta-

482 1344 597 1380 rem
638 1329 819 1385 lauris,
850 1323 911 1378 h.
947 1342 993 1376 e.
1020 1323 1255 1377 victoriis
1276 1323 1469 1378 nostris
1484 1361 1503 1387 ‚

485 1405 572 1458 vel
608 1406 792 1456 labaris
814 1407 1091 1466 dntacmm,
1148 1402 1194 1456 si
1234 1413 1505 1460 ,constaret

483 1485 588 1538 hoc
604 1482 919 1536 vocabulum
939 1483 1061 1538 satis
1078 1483 1357 1555 antiquum
1372 1501 1502 1538 csse.

558 1580 647 1616 ιο.
666 1567 733 1614 Di
746 1576 991 1615 revocant.
1013 1561 1240 1634 Insignis
1257 1575 1335 1616 est
1354 1561 1506 1617 locus

482 1641 654 1696 Taciti
674 1641 815 1696 hanc
832 1641 893 1694 in
912 1660 1026 1695 rem
1039 1679 1056 1706 ,
1076 1640 1369 1695 Germaniae
1386 1660 1503 1714 cap.

484 1721 588 1785 34:
633 1745 656 1766 c
679 1719 863 1794 Ipsum
888 1720 1019 1792 quin
1054 1719 1212 1773 etiam
1228 1720 1504 1773 Oceanum

478 1798 568 1853 illa
590 1799 927 1861 tentavimus,
958 1809 1009 1852 et
1034 1817 1306 1872 superesse
1330 1796 1504 1852 adhuc

480 1879 722 1933 Herculis
766 1878 1041 1933 columnas
1064 1895 1083 1943 3
1131 1879 1274 1933 sama
1319 1879 1502 1950 vulga·-

477 1959 571 2013 vit.
585 1999 600 2012 .
621 1999 636 2013 .
676 1960 786 2012 Nec
822 1957 993 2012 defuit
1038 1957 1293 2013 audentia
1328 1959 1501 2025 Druso

479 2037 817 2102 Germanico;
837 2035 931 2090 sed
950 2036 1151 2091 obstitit
1174 2037 1421 2090 Oceanus
1443 2035 1500 2092 iu

479 2136 536 2170 se
558 2117 716 2170 simul
734 2129 893 2190 atque
908 2116 967 2168 in
984 2115 1268 2170 Herculem
1285 2115 1499 2188 inquiri.

477 2195 606 2249 Mox
630 2215 787 2250 nemo
804 2197 1021 2252 tentavit
1035 2235 1051 2262 ,
1077 2195 1415 2268 sanctiusque
1435 2213 1500 2250 ac

478 2275 805 2329 reverentius
829 2275 1003 2328 visum
1025 2274 1095 2327 de
1114 2272 1242 2328 actis
1260 2275 1498 2328 Deorum

478 2351 730 2417 credere,
767 2372 925 2426 quam
954 2351 1085 2406 scire
1108 2377 1154 2405 ι.
1184 2351 1494 2407 Gonnus.

553 2449 639 2484 αι.
670 2435 899 2483 Mortales
918 2431 1357 2484 oculos.Veterum
1383 2432 1499 2503 opi-

430 2547 433 2554 ·
477 2511 569 2563 nio
586 2520 701 2563 erat
714 2550 731 2578 ,
750 2527 867 2582 quo
886 2511 971 2563 Dii
999 2509 1349 2583 seposuissent
1365 2511 1461 2564 sibi
1474 2548 1492 2576 ,

476 2599 571 2642 ant
588 2607 704 2661 qum
722 2588 841 2644 loca
863 2589 964 2662 ipsi
982 2601 1217 2646 tenerent
1234 2626 1251 2654 ,
1266 2587 1392 2649 ‚hoc
1408 2607 1498 2642 ne-

1596 1008 1675 1062 fas
1721 1026 1835 1062 esse
1886 1008 2135 1062 humanis
2187 1006 2354 1062 oculis
2401 1007 2617 1082 adspici.

1594 1086 1829 1140 Lucilius
1853 1086 1906 1139 in
1929 1091 2091 1142 AEtna
2107 1127 2124 1155 ,
2159 1103 2211 1140 v.
2235 1087 2334 1158 193
2357 1104 2374 1140 τ
2396 1102 2619 1143 «arcent

1595 1164 1742 1220 aditu
1759 1204 1776 1231 ,
1801 1165 2094 1240 divinaque
2119 1185 2302 1222 rerum
2329 1167 2474 1222 Cura
2499 1169 2616 1222 sine

1593 1245 1812 1299 arbitrio
1831 1257 1908 1299 est
1929 1271 1974 1300 ι.

1667 1343 1750 1379 22.
1790 1328 2060 1394 Divumquc
2102 1327 2312 1394 quietas.
2355 1325 2613 1380 Veterum

1592 1403 1860 1476 opinione,
1879 1403 2142 1478 quidquid
2157 1417 2304 1460 extra
2319 1403 2451 1458 fines
2469 1407 2614 1461 orbis

1591 1495 1744 1538 terra
1783 1497 1888 1546 est,
1919 1481 1973 1537 id
2007 1483 2242 1536 Deorum
2271 1483 2420 1539 sedes
2443 1484 2612 1540 habe·

1590 1563 1762 1618 batur.
1799 1560 1942 1616 Hinc
1977 1563 2250 1617 Oceanum
2267 1602 2284 1628 ,
2307 1563 2402 1635 qui
2426 1565 2612 1619 orbem

1590 1643 1742 1720 finit,
1777 1643 2038 1697 Homerus
2057 1641 2191 1726 djcit
2211 1647 2451 1713 originem
2482 1650 2613 1696 Deo-

1591 1741 1719 1786 rum,
1748 1721 1814 1774 Il.
1838 1727 1874 1778 Ξ
1889 1761 1906 1790 ,
1928 1740 2024 1776 201
2048 1727 2294 1780 ἒΩκιανόν
2317 1743 2373 1778 τι
2395 1731 2511 1779 θιῦν
2531 1728 2614 1800 γί·

1589 1803 2489 1936 ὃέἑζηζᾝὲτέεἶηῗιέῗξωῗῗ
2515 1819 2610 1954 ἐξ

1587 1969 1640 2012 et
1684 1959 1792 2013 Dii.
1833 1959 1902 2012 Et
1947 1958 2014 2013 de
2056 1961 2271 2014 Oceano
2307 1959 2610 2030 secundum

1586 2037 1996 2109 Septentriones
2040 2037 2112 2092 ad
2157 2036 2334 2092 ortum
2365 2049 2609 2112 porrecto

1585 2117 1821 2180 Tacitus,
1839 2117 2020 2170 Germ.
2047 2137 2094 2172 c.
2125 2118 2228 2182 45:
2258 2145 2281 2166 ι
2305 2121 2506 2175 Sonum
2527 2118 2608 2172 in-

1586 2213 1742 2268 super
1760 2197 2113 2268 (emergentis)
2131 2197 2263 2252 Solis
2280 2197 2473 2261 audiri,
2499 2199 2608 2252 for-

1585 2293 1804 2347 masque
1829 2275 2062 2331 Deorum
2097 2275 2217 2342 (alii
2241 2279 2512 2348 equorum)
2549 2289 2604 2332 et

1583 2353 1759 2407 radios
1813 2353 1994 2427 capitis
2047 2353 2288 2428 adspici]
2332 2355 2606 2429 persuasio

1585 2431 1768 2505 adjicit
1783 2457 1829 2485 ι».
1855 2432 2074 2488 —vide
2089 2435 2337 2488 Tacitum
2353 2447 2488 2490 nost.
2513 2433 2602 2490 ed.

1585 2521 1625 2562 t.
1649 2511 1751 2579 IV,
1771 2531 1828 2584 p.
1851 2515 1942 2579 81,
1973 2512 2154 2586 ibique
2179 2527 2330 2570 notas
2355 2525 2410 2569 et
2430 2515 2608 2570 varias

1587 2589 1857 2645 lectiones.
1875 2591 1980 2646 En.
