2975 4684
46 4242 54 4251 ·
40 4153 45 4208 -v
40 4007 52 4148 Ὗ-
39 3933 42 3980 ''—

542 346 672 416 128
1132 337 1533 410 LUCILII
1588 338 2059 414 JUNIORIS

630 465 826 536 Illinc
857 464 1145 532 obscura
1175 480 1438 558 semper
1471 463 1758 560 caligine
1794 465 2007 534 nubes

629 577 961 673 Pigraque
989 571 1222 642 defuso
1250 577 1732 670 circumstupet
1758 574 2042 644 humida
2071 573 2299 660 vultu3

628 691 1021 781 Prospectat
1049 681 1351 752 sublimis
1379 709 1583 780 opus,
1612 699 1973 780 vastosque
2000 709 2329 772 recessm,

632 801 789 870 Non
830 793 1012 864 illam
1045 793 1233 890 fugat
1263 797 1494 882 AEtna‚
1534 819 1656 864 nec
1702 794 1839 866 ullo
1876 797 2215 891 intercipit
2243 809 2443 880 aestu,

625 906 1045 1002 Obsequitur
1079 929 1503 999 quacumque
1531 905 1725 999 jubet
1757 903 1920 975 levis
1956 929 2118 975 aura
2157 904 2484 999 reditque.
2586 927 2660 966 3³⁵

630 1018 978 1089 Placantes
1011 1015 1213 1084 etiam
1250 1013 1533 1084 caelestia
1561 1016 1839 1086 numina
1872 1031 2020 1086 ture

633 1133 913 1200 Summo
949 1149 1148 1194 cerne
1182 1125 1384 1220 jugO,
1410 1125 1516 1196 vel
1554 1151 1686 1221 qua
1724 1125 2103 1198 liberrimus
2122 1131 2320 1199 AEtna
2378 1165 2383 1171 ·

632 1245 1125 1334 Improspectus
1161 1235 1339 1321 hiat,
1373 1249 1713 1306 tantarum
1748 1239 2001 1308 semina
2036 1261 2261 1307 rerum

635 1351 708 1422 Si
744 1346 913 1418 nihil
951 1345 1166 1436 irrites
1199 1345 1535 1436 flammea,
1563 1363 1957 1444 stupentque
1988 1347 2431 1444 profundum,

539 1588 638 1626 nus
657 1607 672 1633 ,
701 1569 903 1641 Cyneg.
929 1565 1027 1631 143
1050 1584 1063 1618 :
1093 1589 1114 1612 ι
1139 1563 1442 1618 Luciferum
1471 1566 1552 1619 vi·

537 1647 663 1704 dere
683 1647 841 1720 jubar
867 1672 914 1698 a.

609 1729 728 1782 331.
751 1729 968 1795 Caligine
993 1728 1156 1776 nubes.
1181 1723 1428 1778 Testatur
1449 1723 1557 1779 hoc

538 1809 725 1866 Strabo
741 1835 758 1870 ‚
783 1805 876 1858 lib.
901 1805 1002 1871 VI,
1023 1802 1336 1876 plerumque
1360 1805 1557 1858 nubem

537 1900 768 1943 erectam
791 1896 842 1938 et
863 1884 1220 1957 quiescentem
1235 1923 1252 1948 ,
1276 1883 1401 1937 caelo
1423 1903 1559 1937 sere-

537 1987 612 2021 no
629 2005 646 2030 ,
669 1978 806 2020 stare
827 1982 989 2036 super
1011 1975 1245 2016 montem
1261 1981 1277 2028 3
1295 1982 1452 2038 quem
1481 1963 1559 2016 lo·

538 2065 661 2101 cum
691 2065 800 2099 una
826 2063 950 2097 cum
979 2043 1084 2096 alio
1110 2043 1437 2104 Aristotelis,
1467 2042 1557 2096 hic

539 2125 758 2181 adduxit
776 2122 962 2194 scalig.
982 2120 1138 2175 Addo
1157 2159 1172 2185 ,
1197 2121 1338 2176 hanc
1359 2123 1557 2175 nubem

541 2218 768 2261 erectam
816 2202 1144 2274 potissimum
1196 2200 1385 2272 respici
1408 2238 1424 2264 ‚
1465 2200 1559 2254 ubi

541 2289 701 2338 AEtna
733 2288 848 2340 κίων
877 2285 1073 2354 οὐρανία
1097 2293 1320 2335 vocatur
1357 2299 1390 2334 a
1429 2281 1558 2334 Pin-

543 2364 676 2418 daro
696 2404 711 2430 ,
735 2361 890 2435 Pyth.
917 2360 1072 2414 od.-1.

614 2443 734 2496 332.
773 2443 962 2492 Circum
1000 2453 1186 2507 strepat
1224 2439 1334 2492 fere
1378 2457 1562 2492 omnes

544 2521 744 2587 excusi,
769 2522 950 2571 circum
975 2535 1134 2587 stupet
1157 2518 1378 2571 Helmst.
1405 2530 1456 2572 et
1473 2517 1559 2571 ed.

543 2604 674 2656 Luc.
701 2597 846 2672 quod
873 2609 1075 2651 rectum
1103 2609 1195 2652 est.
1218 2599 1350 2651 Nam
1375 2598 1563 2651 Strabo

543 2681 671 2736 dicit
690 2684 826 2752 νέφος
845 2683 1037 2752 ἦριμεῖν
1053 2717 1070 2744 ,
1093 2691 1144 2730 et
1165 2680 1356 2731 Noster
1374 2679 1565 2750 repetit

440 2819 444 2824 ,
541 2781 596 2814 v.
629 2761 747 2830 339.
771 2789 841 2800 —-
859 2759 1040 2828 Defiaso
1065 2760 1403 2826 circumstupet
1419 2763 1562 2811 vultu

543 2841 812 2914 geminum
833 2849 911 2890 est
931 2837 1038 2898 illi,
1061 2837 1206 2910 quod
1225 2837 1293 2891 de
1313 2839 1562 2893 Narcisso

544 2918 700 2975 ovid.
737 2919 869 2971 Met.
907 2918 990 2969 111
1013 2954 1028 2979 ,
1060 2919 1200 2982 418:
1239 2943 1262 2966 ι
1302 2917 1563 2991 Adstupet

546 3001 662 3073 ipse
705 2997 841 3062 sibi,
887 2997 1144 3069 vultuque
1185 2998 1434 3050 immotus
1471 3018 1564 3052 eo-

546 3079 669 3132 dem
711 3077 883 3129 Haeret
906 3101 951 3128 ιο.
991 3075 1095 3129 Pro
1135 3079 1304 3146 defizso
1347 3076 1567 3132 sortasse

545 3157 736 3212 rectius
773 3159 962 3228 defi-to.
1005 3155 1122 3208 Duo
1157 3157 1388 3228 epitheta
1419 3160 1566 3226 pigra

548 3251 604 3292 et
629 3239 832 3288 humida
856 3249 1078 3307 possunt
1105 3235 1378 3290 offendere
1395 3274 1410 3300 ,
1431 3255 1531 3290 nec
1548 3275 1563 3302 ‚

549 3335 707 3390 quem
726 3312 942 3366 humida
962 3315 1140 3394 locum
1159 3315 1354 3369 habere
1372 3316 1567 3389 possit,

550 3395 723 3449 video.
763 3392 912 3446 Nihil
947 3404 1124 3446 tamen
1159 3396 1366 3448 variant
1409 3395 1565 3463 libri,

549 3489 603 3530 et
651 3471 869 3528 difficile
911 3484 989 3527 est
1030 3492 1210 3527 verum
1257 3476 1532 3546 exquirere
1548 3512 1564 3539 ,

549 3555 650 3610 nisi
691 3555 912 3607 fortasse
944 3549 1108 3606 velis:
1145 3557 1426 3606 circumstat
1459 3559 1566 3606 eu!-

551 3639 685 3688 mina
723 3651 797 3686 sc.
844 3631 1064 3697 montis,
1101 3630 1188 3686 vel
1231 3635 1571 3703 circumsmpee

552 3717 762 3785 agmine.
1249 3757 1252 3760 ,

623 3792 743 3847 333.
771 3796 928 3859 Opus,
955 3791 973 3843 i
1001 3810 1050 3844 e.
1077 3790 1292 3845 ardores
1315 3805 1366 3846 et
1391 3805 1565 3846 motus

551 3873 823 3928 interiores
848 3871 1054 3924 montis.

625 3953 744 4017 334.
777 3957 892 4002 Non
933 3955 1067 4003 illam
1097 3954 1256 4022 fitgae
1284 3957 1438 4004 AEtna
1459 3955 1567 4006 :sic

553 4031 723 4088 edidit
765 4029 1010 4083 Gon-allus
1029 4071 1046 4098 ,
1083 4031 1336 4104 quamvis
1383 4049 1567 4086 omues

553 4112 676 4166 libri
697 4111 928 4163 habeant
946 4113 1060 4162 Non
1079 4114 1216 4162 illum
1235 4114 1374 4164 videt
1379 4133 1400 4172 ;
1421 4111 1567 4182 quod

1644 1569 1691 1622 ei
1706 1568 1996 1623 absurdum
2013 1607 2032 1633 ‚
2051 1575 2103 1622 et
2122 1577 2321 1622 natura
2341 1567 2417 1621 rei
2435 1566 2666 1620 testimo-

1644 1649 1840 1720 nioque
1858 1648 2026 1719 ipsius
2052 1661 2217 1720 poetae
2239 1648 2562 1700 contrarium
2586 1660 2667 1700 est

1646 1727 1835 1782 visum.
1864 1728 2105 1782 Fortasse
2140 1729 2355 1800 propius
2392 1728 2667 1800 scripturae

1646 1807 1712 1860 sit
1752 1812 1862 1859 Non
1900 1811 2039 1860 illam
2058 1809 2207 1877 ferit.
2250 1808 2315 1860 Et
2328 1810 2489 1877 ferire
2514 1826 2666 1859 com-

1647 1897 1908 1939 mutatum
1930 1905 2053 1940 cum
2072 1889 2269 1949 videre,
2285 1886 2525 1957 exemplo
2545 1905 2671 1957 pro-

1646 1965 1736 2019 bat
1769 1967 1916 2019 locus
1955 1965 2252 2037 Propertii,
2282 1967 2342 2028 1,
2380 1983 2438 2030 1,
2476 1983 2569 2031 η,
2598 1965 2667 2018 ad

1645 2063 1803 2116 quem
1831 2044 1941 2098 vid.
1967 2044 2377 2098 Brouckhusius.

1718 2124 1840 2177 336.
1869 2128 2228 2192 Placaneesque
2252 2129 2421 2176 etiam.
2450 2124 2535 2178 Sic
2560 2124 2673 2177 Go-

1644 2204 1838 2267 rallus;
1872 2202 2111 2276 plerique
2143 2214 2319 2256 tamen
2344 2204 2551 2276 antiqui
2588 2223 2670 2258 re·

1646 2282 1779 2336 etius
1817 2287 2079 2336 Plaeantes
2100 2287 2247 2335 etiam
2265 2323 2283 2345 ,
2322 2283 2435 2336 siue
2456 2284 2667 2355 copula.

1646 2361 1835 2414 Strabo
1888 2362 2043 2414 etiam
2096 2375 2351 2416 memorat
2370 2401 2385 2426 ,
2430 2364 2524 2416 lib.
2558 2364 2631 2415 VI
2654 2401 2669 2426 ,

1648 2439 1869 2511 quaudo
1892 2440 2145 2494 resederit
2167 2453 2447 2512 tempestas
2465 2445 2636 2496 AEtnae
2650 2481 2669 2506 ‚

1650 2519 1851 2573 incolas
1876 2520 2057 2574 solitos
2083 2520 2155 2575 ad
2179 2541 2445 2576 summum
2472 2525 2671 2575 montis

1651 2598 1936 2654 ascendere
1955 2638 1971 2663 ,
2019 2613 2072 2654 et
2130 2601 2396 2656 sacrificiis
2456 2602 2671 2676 placare

1722 2758 1840 2830 337.
1870 2764 1980 2825 Qua
2008 2764 2305 2824 liberrimus,
2330 2763 2421 2815 ubi
2446 2763 2673 2818 maxime

1650 2850 1861 2909 apertus
1904 2851 1957 2893 et
1999 2853 2185 2914 patens
2200 2882 2219 2907 ,
2254 2841 2399 2895 nulla
2436 2862 2497 2895 re
2536 2863 2671 2897 con-

1652 2931 1891 2989 spectum
1918 2919 2158 2992 impedit.
2194 2922 2276 2976 Sic
2304 2925 2501 2984 liberior
2529 2944 2671 2975 cam-

1643 3017 1740 3066 pus
1768 2997 1927 3052 ovid.
1958 2999 2094 3052 Fast.
2121 3001 2218 3067 IV,
2243 3018 2340 3069 ²92
2360 3041 2375 3069 ,
2398 3013 2451 3054 et
2474 3005 2673 3055 liberius

1652 3081 1821 3129 eoelum
1845 3078 1972 3130 Met.
1994 3079 2097 3131 XV
2101 3116 2118 3141 ,
2142 3079 2261 3132 301.

1727 3157 1849 3212 338.
1875 3163 2229 3227 Improspectus
2254 3161 2361 3211 hiat
2375 3200 2390 3222 ,
2420 3161 2476 3214 h.
2491 3180 2539 3214 e.
2559 3173 2671 3215 tam

1654 3237 1945 3307 profundos
1978 3236 2153 3292 hiatus
2184 3240 2355 3311 aperit
2376 3277 2392 3304 ,
2412 3252 2473 3293 ut
2510 3261 2540 3294 e
2579 3261 2671 3296 su-

1654 3317 1862 3386 periore
1902 3317 2022 3370 loco
2061 3318 2293 3390 prospici
2334 3338 2443 3372 non
2488 3323 2670 3391 possit.

1653 3395 1865 3462 Statius,
1882 3395 2008 3450 silv.
2031 3399 2080 3462 1,
2106 3416 2129 3451 1
2145 3439 2161 3466 ,
2180 3399 2280 3453 88:
2308 3399 2449 3452 «Vix
2471 3400 2673 3457 lumine

1656 3474 1792 3528 fesso
1838 3476 2091 3549 Explores
2106 3519 2121 3545 ,
2158 3497 2318 3550 quam
2372 3481 2561 3553 longus
2614 3483 2672 3536 in

1654 3553 1801 3607 hunc
1825 3553 2101 3628 despectus
2124 3559 2193 3611 ab
2217 3559 2313 3612 illo
2331 3585 2375 3611 n.
2396 3592 2467 3602 —-
2482 3561 2675 3614 Simili-

1654 3645 1735 3686 ter
1750 3634 2021 3705 Lucanus,
2035 3641 2135 3702 vl,
2153 3647 2255 3709 749
2277 3657 2292 3691 ε
2315 3665 2341 3684 κ
2360 3638 2677 3713 Indespecta

1653 3725 1794 3767 tenet
1829 3715 1975 3770 vobis
2014 3719 2108 3791 qui
2144 3719 2367 3773 Tartara
2392 3745 2433 3772 υ.
2472 3719 2572 3772 En.
2600 3753 2672 3762 —-

1661 3798 1929 3848 Tantarum
1940 3802 2125 3850 semina
2136 3819 2298 3850 rerum
2306 3817 2517 3852 caussas
2531 3813 2675 3854 recte

1654 3873 2026 3946 interpretatur
2054 3877 2321 3931 Gorallus.

1728 3953 1848 4022 339.
1882 3962 2178 4026 Suepeatque
2204 3961 2506 4028 prestandum
2537 3958 2595 4010 h.
2624 3979 2671 4013 e.

1656 4035 1886 4106 quiescat
1908 4075 1923 4101 ,
1945 4054 2053 4088 non
2078 4049 2383 4090 moveatur:
2402 4051 2462 4091 ut
2482 4055 2673 4108 stupere

1656 4133 1789 4185 aqua
1804 4113 2143 4186 dicum-,qun
2161 4135 2267 4170 non
2285 4129 2549 4184 movetur,
2569 4137 2671 4171 no-
