2975 4684
1266 357 1584 430 AETNA.

2409 355 2497 450 87

460 480 587 548 His
620 492 861 548 natura
898 500 1017 548 sua
1060 491 1163 546 est
1196 475 1346 546 alvo
1383 491 1625 563 tenus;
1661 479 1794 546 ima
1833 472 1955 572 per
1995 477 2193 548 orbes

458 591 834 684 Squameus
864 587 1151 658 intortos
1186 586 1410 656 sinuat
1443 587 1719 682 vestigia
1753 611 2046 681 serpens.

458 698 895 772 Consu-uitur
926 699 1187 793 magnis
1218 696 1304 767 ad
1336 697 1564 792 praelia
1606 697 1948 767 montibus
1988 721 2238 792 agger3

457 807 695 879 Pelion
728 812 899 880 Ossa
940 809 1133 896 terit,
1168 833 1467 878 summus
1509 807 1756 902 premit.
1789 810 2006 876 Ossan
2038 807 2392 904 Olympus·

463 922 613 988 Jam
658 933 1084 990 coacervatas
1122 922 1435 996 nituntur
1467 918 1785 990 scandere
1813 916 2048 1004 moles,
2455 939 2510 978 ⁵0

463 1030 721 1126 Impius
757 1045 827 1100 et
863 1028 1066 1100 miles·
1088 1029 1453 1101 metuentia
1483 1029 1790 1100 cominus
1824 1042 2000 1098 astra

458 1142 789 1210 Provocat
820 1139 1099 1210 infestus
1128 1165 1146 1210 ε
1189 1153 1466 1210 cunctos
1500 1139 1585 1208 ad
1629 1137 1854 1234 praelia
1894 1139 2104 1208 Divos

456 1250 723 1348 Jupiter
758 1275 798 1320 e
830 1249 991 1320 caelo
1026 1250 1273 1339 mittit,
1319 1251 1754 1345 dextramque
1789 1274 2066 1319 corusca

430 1499 523 1563 46.
538 1501 944 1552 Bimaeumsuos
960 1504 1089 1553 alvo.
1110 1499 1199 1555 Sic
1212 1499 1383 1573 Lugd.

356 1576 499 1649 flag.
518 1578 655 1632 Luc.
684 1590 737 1632 at
756 1579 952 1634 rectius
983 1582 1057 1632 his
1084 1595 1267 1632 namra
1293 1599 1387 1631 ma

356 1671 434 1710 ese
454 1656 613 1710 Basil.
645 1656 878 1730 Scaliger
892 1695 909 1722 ,
934 1657 1073 1712 Pitb.
1104 1657 1306 1714 Gon-all.
1335 1669 1389 1711 et

352 1733 586 1788 Helmst.
616 1753 646 1788 e
680 1737 1023 1792 correctione.
1058 1739 1260 1810 Nempe
1300 1739 1381 1811 gi-

352 1815 603 1887 flantibus
640 1813 769 1870 dicit
802 1817 922 1870 alvo
946 1829 1099 1872 tenus
1137 1831 1385 1874 naturam

354 1911 509 1948 suam
528 1931 547 1958 ‚
564 1895 601 1948 i.
622 1913 670 1948 e.
688 1895 976 1951 hominum
988 1935 1005 1962 ‚
1024 1917 1135 1952 non
1155 1898 1383 1952 alienam

352 1973 469 2028 eive
486 1973 703 2028 mixtam
723 1976 894 2032 aliena
916 1995 1047 2032 esse.
1072 1983 1221 2030 Suum
1238 1976 1345 2032 diei
1364 2015 1381 2042 ,

353 2051 505 2124 quod
542 2067 620 2108 est
658 2056 897 2130 ejusdem
935 2069 1135 2111 nature
1152 2097 1169 2123 ,
1206 2055 1384 2112 multis

354 2133 609 2206 exemplis
649 2135 841 2206 probat
877 2135 1118 2190 Gronov.
1152 2137 1379 2192 Observ-

352 2210 453 2264 lib.
479 2214 508 2265 I
528 2253 545 2279 ,
572 2231 689 2285 cap.
730 2231 815 2267 ιι.
840 2215 1014 2282 Quale
1033 2217 1136 2270 hoc
1162 2228 1241 2271 est
1261 2217 1383 2270 Vir-

352 2289 499 2362 gilii,
516 2291 711 2364 Geor-g.
729 2293 833 2360 IV,
848 2294 915 2348 82
931 2333 949 2358 ‚
970 2293 1041 2348 de
1053 2296 1272 2358 arbore,
1292 2295 1381 2350 eui

354 2372 601 2426 surculus
644 2373 849 2428 alienus
890 2376 1145 2428 insertus:
1169 2403 1195 2422 a
1214 2377 1381 2429 Mira-

352 2461 551 2524 turque
581 2469 747 2506 novas
784 2453 1032 2520 frondes,
1060 2467 1115 2508 et
1148 2473 1253 2506 nou
1291 2473 1388 2508 sua

352 2547 515 2601 poma
544 2556 586 2583 ιι.
634 2561 707 2572 -
754 2531 841 2586 sic
875 2544 926 2586 et
969 2532 1173 2586 Plinius
1196 2569 1213 2596 ,
1246 2533 1386 2588 Hist.

352 2610 481 2662 Nat.
504 2609 751 2662 XXXIII
769 2647 787 2675 ,
820 2617 852 2674 4
870 2629 885 2663 :
906 2635 929 2658 e
951 2613 1157 2684 Aprum
1176 2611 1387 2683 arrugia

354 2689 641 2760 quaesitum
670 2707 783 2744 non
808 2691 1078 2763 coquitur,
1098 2689 1193 2743 sed
1210 2690 1389 2743 atatim

350 2787 513 2822 auum
554 2780 632 2822 eet
667 2787 731 2832 ις
772 2770 879 2823 hoc
904 2781 985 2824 est
1018 2788 1125 2822 suo
1148 2781 1353 2824 nature
1368 2807 1386 2834 ,

352 2848 477 2902 eine
502 2847 727 2902 mixtura
762 2849 968 2904 vilioris
988 2850 1215 2903 -metalli
1238 2887 1255 2912 ‚
1295 2860 1388 2903 aut

352 2927 549 2981 alienae
572 2931 887 3002 cujusquam
914 2930 1165 2982 materiae.
1184 2929 1285 2982 En.

427 3015 518 3078 47.
540 3009 717 3060 sinuat
740 3011 953 3078 vestigia
970 3027 1181 3078 serpens.
1201 3007 1269 3060 In
1290 3025 1387 3060 an-

352 3085 521 3160 tiquis
544 3086 746 3141 excusis
770 3105 885 3143 esse
908 3091 1111 3140 simulat
1141 3089 1373 3156 vestigia,

354 3165 593 3220 affirmat
612 3167 847 3238 Scaliger
862 3185 879 3230 ;
897 3186 996 3239 ego
1018 3185 1283 3238 nusquam
1309 3166 1390 3218 iu-

352 3245 505 3300 veni:
547 3249 743 3308 sinuat,
768 3247 807 3300 i.
836 3267 888 3301 e.
926 3245 1091 3300 flectit
1116 3247 1173 3298 in
1203 3245 1387 3313 sinus,

352 3324 427 3380 de
443 3325 777 3398 serpentibus
794 3325 1213 3380 usitatissimum.
1230 3322 1383 3398 Virg.

352 3409 480 3461 AEn.
503 3407 559 3460 11
578 3447 595 3473 ,
618 3408 721 3462 208
743 3425 759 3460 :
785 3433 811 3454 α
833 3407 1115 3478 sinuatque
1132 3405 1391 3459 immensa

350 3485 630 3542 volumine
656 3498 804 3558 terga
822 3511 865 3540 ω.
885 3485 1201 3559 Gigantibus
1221 3482 1393 3538 homi·

352 3584 489 3620 num
505 3583 731 3638 corpora
744 3585 871 3622 cum
888 3565 1223 3639 serpentibus
1239 3603 1254 3627 ,
1270 3565 1392 3618 loco

352 3644 561 3718 pedum
584 3683 601 3709 ,
639 3643 918 3718 adfingunt
975 3659 1162 3719 poetae.
1221 3643 1389 3698 ovid.

352 3723 501 3778 Fast.
521 3724 599 3789 V,
626 3721 717 3795 37,
747 3751 775 3771 α
791 3725 944 3778 Mine
962 3743 1151 3779 manus
1178 3723 1283 3777 illis
1302 3722 1391 3777 de-

356 3803 465 3868 dit,
496 3815 549 3855 et
568 3821 665 3874 pro
691 3804 937 3858 cruribus
963 3823 1161 3875 angues
1179 3830 1206 3851 ιι
1226 3822 1239 3856 :
1261 3803 1387 3858 hine

354 3885 715 3951 ser-pencrpedes
720 3887 948 3952 gigantes
965 3881 1217 3936 dicuntur
1227 3879 1388 3935 ovid.

358 3961 527 4016 Trist.
544 3961 651 4026 IV,
668 3979 726 4032 7,
754 3979 841 4032 17,
859 3965 1154 4032 mag-nipedes
1171 3961 1384 4014 Metam.

362 4041 392 4092 I
410 4077 430 4103 ‚
472 4042 569 4103 184
591 4059 608 4105 3
638 4052 693 4093 et
726 4039 853 4094 inde
880 4044 1100 4108 gen-ima
1160 4043 1387 4091 Briareus

360 4118 555 4190 virgil.
580 4121 702 4174 AEn.
736 4119 849 4186 VI,
882 4121 997 4190 287.

1547 1502 1635 1564 48.
1658 1504 1826 1570 Agger
1849 1512 1930 1553 est
1962 1499 2050 1554 via
2097 1499 2306 1552 munita
2341 1509 2393 1552 et
2417 1499 2501 1552 in·
2571 1553 2576 1561 ,

1474 1592 1675 1634 structa
1697 1621 1716 1648 ,
1763 1590 1823 1632 ut
1863 1579 2208 1651 probavimus
2257 1576 2327 1632 ad
2378 1577 2500 1631 Sev.

1472 1659 1650 1715 Sancti
1675 1677 1838 1714 carm.
1865 1658 2050 1714 Bucol.
2079 1657 2228 1732 quod
2260 1657 2328 1711 de
2361 1658 2508 1712 Mor·

1474 1741 1574 1794 tib.
1589 1742 1758 1794 boum
1769 1739 2149 1804 inscribitur,v.
2165 1737 2507 1810 39.Gigantes

1472 1817 1680 1873 montes
1715 1819 2092 1873 construebant
2108 1855 2125 1882 ,
2167 1829 2227 1871 ut
2271 1835 2371 1889 per
2403 1817 2504 1871 hos

1470 1900 1558 1954 via
1593 1911 1730 1954 esset
1754 1898 1811 1950 in
1846 1899 2052 1952 colum.
2095 1897 2232 1950 Hinc
2273 1897 2461 1950 Gratio
2484 1935 2501 1962 ,

1470 1977 1674 2052 Cyneg.
1695 1979 1786 2046 63,
1800 1978 2038 2050 gigantes
2056 1976 2309 2032 dicuntur
2331 1981 2508 2029 coelum

1470 2059 1728 2126 aggeribus
1761 2073 1953 2110 mitat-e
1993 2059 2209 2126 superbis
2259 2059 2387 2108 ausi.
2427 2055 2504 2119 ,Et
2547 2081 2552 2088 ·

1471 2135 1748 2191 claudian.
1767 2137 1902 2190 Bell.
1931 2135 2054 2191 Get.
2081 2154 2162 2189 vs.
2186 2154 2254 2207 70
2277 2153 2292 2188 ε
2315 2161 2342 2181 α
2371 2146 2422 2188 et
2445 2135 2504 2188 in

1468 2227 1610 2271 asu-a
1669 2227 1887 2288 negatas
1941 2215 2230 2272 Tentariut
2289 2215 2502 2267 munire

1468 2297 1574 2350 vias
1600 2322 1643 2349 n.
1661 2326 1731 2336 -—
1753 2300 1922 2366 Agger
1943 2300 2082 2357 νίας
2100 2295 2252 2366 Virg.
2281 2295 2495 2360 AEn.V,

1471 2377 1598 2446 273,
1620 2375 1732 2429 vol.
1752 2376 1836 2428 111
1851 2416 1868 2442 ,
1887 2395 1943 2447 p.
1968 2377 2059 2443 31,
2079 2386 2220 2428 nost.
2244 2371 2374 2427 edit.
2395 2375 2501 2428 En.

1549 2459 1634 2524 49.
1651 2460 1774 2506 Ossa
1797 2458 1926 2507 ter-ie.
1951 2454 2181 2526 Scaliger
2197 2454 2256 2506 in
2272 2452 2504 2525 antiquis

1476 2551 1589 2586 esse
1613 2533 1760 2586 libris
1785 2534 1858 2587 ait
1886 2540 2010 2587 Ossa
2041 2549 2209 2595 ercan
2237 2531 2380 2586 idem
2405 2551 2506 2604 ego

1474 2612 1532 2665 in
1553 2611 1777 2666 Helmst.
1806 2611 1980 2686 Lugd.
2008 2623 2059 2666 et
2085 2611 2229 2684 Hag.
2259 2611 2503 2665 invenio:

1474 2709 1650 2764 neque
1685 2703 1862 2745 tamen
1902 2709 2050 2762 eque
2079 2691 2246 2756 mihi,
2285 2703 2345 2743 ut
2383 2691 2464 2743 illi
2485 2732 2502 2757 ‚

1474 2769 1665 2842 placet.
1695 2769 1936 2835 Fortasse
1958 2787 2088 2824 vero
2117 2773 2238 2840 tegit
2274 2769 2342 2821 sit
2374 2787 2498 2841 pro-

1474 2848 1724 2904 habilius.

1549 2929 1635 2983 50.
1646 2934 1762 2979 Iam
1773 2943 2106 2980 coacervatas.
2117 2927 2256 2980 Male
2269 2927 2498 2982 Pithoeus

1478 3005 1644 3061 edidit
1683 3021 2008 3059 conservatas.
2047 3006 2238 3059 Catuli.
2275 3006 2505 3078 Epithal.

1476 3087 1590 3141 Pel.
1611 3107 1664 3142 v.
1685 3087 1784 3152 364
1805 3085 1934 3138 dicit
1950 3090 2140 3138 excelso
2167 3101 2506 3138 coacervatum

1479 3185 1660 3237 aggere
1682 3170 1891 3218 bustam.

1551 3251 1641 3302 51.
1677 3249 1948 3298 metuentia
1988 3261 2161 3320 asera,
2194 3247 2333 3300 Deos
2355 3242 2509 3300 valde

1477 3326 1578 3380 sibi
1606 3326 1849 3380 timentes
1870 3325 1938 3379 ab
1971 3325 2173 3398 impetu
2201 3328 2502 3398 gigantum:

1478 3403 1551 3459 de
1571 3425 1682 3478 quo
1706 3405 1901 3459 timore
1921 3418 1973 3459 et
1991 3406 2082 3460 alii
2103 3417 2292 3478 poete.
2315 3407 2503 3459 Horat.

1478 3485 1658 3539 Carm.
1701 3485 1787 3548 ΙΙ,
1825 3503 1921 3549 n,
1957 3484 2320 3556 72-Telluris
2357 3485 2514 3557 juve.

1478 3583 1573 3618 nes
1590 3603 1607 3631 ‚
1628 3563 1790 3618 Unde
1813 3565 2112 3635 perieulum
2150 3565 2356 3636 fulgens
2383 3583 2509 3617 con-

1478 3644 1696 3696 tremuit
1720 3641 1911 3697 domus
1937 3644 2152 3698 Saturni
2171 3645 2362 3697 veteris
2378 3662 2433 3706 »;
2463 3655 2514 3696 et

1480 3723 1658 3776 Carm-
1697 3723 1810 3786 111,
1847 3732 1878 3787 4
1900 3761 1916 3786 ,
1953 3731 2046 3786 40:
2083 3723 2378 3794 «Magnum
2423 3723 2510 3775 illa

1480 3813 1736 3855 terrorem
1775 3801 2024 3856 intulerat
2064 3801 2182 3854 Jovi
2211 3800 2408 3855 Fidens
2433 3805 2516 3874 ju-

1476 3891 1667 3936 ventus
1685 3879 1907 3934 horrida
1928 3879 2158 3934 brachiis
2183 3903 2230 3931 -.

1552 3961 1638 4014 52.
1661 3963 1868 4012 Cunctos
1887 3963 1961 4012 ad
1975 3961 2154 4027 pra-lia
2178 3961 2344 4010 Divos.
2366 3956 2474 4009 Viti
2489 3999 2501 4009 .

1476 4041 1740 4093 Excursus
1767 4039 1971 4112 primus
2009 4037 2078 4091 ad
2108 4037 2304 4090 calcem
2345 4035 2510 4110 hujus

1478 4137 1742 4173 carminis.
