2975 4684
453 331 594 416 460
1173 331 1304 403 DE
1370 332 1845 401 AUCTORE

455 461 756 551 perhibet
783 436 1208 551 epigramma,
1242 461 1414 526 idem
1446 485 1567 526 nos
1596 484 1798 526 manu
1834 459 2073 524 ducere
2109 459 2192 524 ad
2222 461 2436 550 ipsum
2470 485 2597 528 au-

463 586 709 634 ctorem
767 569 904 649 ejtis
960 567 1360 633 noscendum
1408 584 1655 656 potest,
1715 565 2041 654 siquidem
2090 583 2351 655 poetam
2386 569 2595 632 multa

459 675 739 739 scribere
773 673 1088 750 carmina,
1131 690 1196 737 et
1243 674 1528 739 seribere
1567 675 1635 736 in
1681 673 1827 736 villa
1860 672 2127 736 solitum
2162 673 2597 738 inveniamus.

460 780 834 843 Invenimus
851 793 1071 846 autem
1087 776 1327 865 Rufina
1349 779 1601 842 Festum
1622 781 1932 842 Avienum
1942 824 1964 857 ‚
1987 777 2173 858 cujus
2196 778 2599 868 epigramma

455 885 552 950 ad
590 888 824 953 amicos
867 883 948 950 de
981 907 1139 974 agro
1180 907 1294 950 suo
1330 899 1535 949 exstat
1572 882 1748 972 apud
1781 883 2105 948 Pithoeum
2126 932 2144 966 ,
2193 883 2594 974 Epigramm.

457 1007 582 1058 vet.
608 992 722 1056 lib.
748 993 861 1075 IV,
887 1013 952 1081 p.
991 991 1136 1079 157,
1159 1009 1223 1056 et
1243 992 1312 1054 in
1339 991 1606 1058 Anthol.
1630 992 1767 1055 Lat.
1789 992 2015 1056 Burm.
2053 989 2169 1056 lib.
2193 990 2289 1055 111
2310 1039 2329 1074 ,
2355 1014 2460 1080 ep.
2484 990 2598 1078 59,

459 1097 574 1161 ubi
605 1099 746 1162 vitoe
778 1121 912 1164 suae
943 1113 1324 1187 perpetuam
1363 1097 1681 1162 rationem
1724 1109 2041 1183 actusque
2086 1095 2358 1162 diurnos
2372 1145 2391 1182 ,
2424 1117 2597 1184 quos

458 1203 524 1266 in
551 1203 695 1267 villa
723 1226 841 1269 sua
864 1203 1047 1268 obire
1071 1204 1299 1292 soleat,
1321 1217 1613 1267 recenset
1627 1249 1645 1283 ,
1679 1216 1875 1289 atque
1900 1201 1966 1286 in
1994 1200 2095 1266 his
2118 1217 2418 1291 poemata
2439 1201 2601 1266 assi-

465 1308 596 1373 due
629 1311 862 1398 seripta
890 1324 1208 1374 memorat
1234 1333 1249 1372 ε

742 1471 886 1523 Rure
920 1487 1128 1524 morans
1153 1469 1286 1543 quid
1315 1489 1468 1542 agam
1481 1508 1497 1534 ‚
1524 1471 1774 1543 respondi
1797 1490 1968 1544 pauca
1988 1511 2005 1538 ,
2032 1480 2246 1543 rogatus
2267 1486 2281 1522 ε

740 1559 886 1612 Luce
901 1561 1043 1613 Deos
1069 1578 1165 1613 oro
1187 1561 1299 1630 (1),
1321 1559 1549 1614 famulos
1567 1572 1687 1632 post
1710 1579 1945 1634 arvaque
1970 1559 2115 1621 viso,

735 1646 1064 1720 Par-titusque
1095 1646 1225 1701 meis
1245 1647 1418 1719 justos
1439 1646 1623 1702 indico
1648 1648 1857 1702 labore·
1874 1685 1893 1713 ,

741 1732 874 1787 Inde
901 1733 1050 1806 lego,
1071 1733 1442 1808 Phoebumque
1463 1735 1549 1788 cio
1564 1775 1580 1802 ,
1600 1734 1915 1808 Musamque
1939 1735 2175 1802 lacesso,
2198 1744 2295 1788 etc.

460 1900 667 1966 Multa
692 1903 1008 1967 Avienum
1049 1903 1334 1967 earmina
1364 1902 1695 1991 scripsisse
1714 1951 1734 1983 ‚
1771 1919 1838 1968 et
1861 1903 1997 1967 fere
2028 1901 2284 1967 assidue
2316 1903 2385 1966 in
2413 1904 2603 1991 poesi

461 2005 814 2072 exercenda
851 2022 1242 2097 occupatum
1280 2007 1479 2072 fuisse
1496 2055 1515 2084 ‚
1548 2007 1685 2096 ipse
1722 2023 1998 2072 testatur
2026 2008 2095 2071 in
2127 2023 2567 2071 monumento
2584 2057 2603 2090 ,

467 2112 647 2199 quod
679 2113 831 2177 Deae
877 2113 1122 2178 Nortiae
1173 2112 1576 2196 dedicatum,
1610 2130 1675 2178 et
1716 2095 1939 2178 Romae
1988 2115 2057 2177 in
2102 2113 2248 2177 villa
2296 2113 2603 2177 Caesarini

468 2233 794 2304 repertum
815 2265 832 2299 ,
876 2217 1046 2283 Petr.
1077 2222 1486 2284 Burmannus
1507 2218 1577 2281 in
1602 2218 1950 2309 Antholog.
1968 2219 2103 2283 Lat.
2122 2218 2235 2283 lib.
2250 2219 2283 2284 I
2298 2265 2319 2300 ,
2346 2241 2449 2307 ep.
2474 2240 2566 2306 79
2584 2265 2605 2299 ‚

463 2347 498 2384 e
533 2322 871 2404 Fabretto,
907 2324 1153 2411 Sponio
1185 2340 1253 2388 et
1279 2324 1733 2390 Almelovenio
1758 2323 2079 2390 traduxit:

518 2553 597 2618 R.
644 2551 973 2621 FESTVS
1021 2551 1104 2619 V.
1160 2553 1238 2620 C.
1288 2551 1414 2620 DE
1461 2551 1567 2619 SE
1612 2553 1740 2622 AD
1789 2552 2051 2622 DEAM
2101 2549 2548 2624 NORTIAM.

709 2707 724 2724 ο
739 2741 921 2794 Festus
943 2740 1166 2794 Musoni
1195 2741 1404 2794 soboles
1430 2742 1710 2814 prolesque
1733 2741 1949 2806 Avieni,

749 2826 909 2882 Unde
933 2828 1008 2882 tui
1032 2829 1211 2883 latices
1237 2839 1511 2882 traxerunt
1531 2829 1697 2884 Casia
1720 2849 1917 2884 nomen
1933 2868 1949 2893 ‚
1970 2897 1979 2904 ι

745 2916 930 2970 Nortia
950 2956 966 2983 ,
1004 2927 1058 2970 te
1083 2935 1332 2984 veneror,
1359 2915 1469 2970 lare
1489 2929 1668 2972 cretus
1684 2915 2013 2972 Vulsiniensi
2023 2956 2039 2982 ,
2098 2927 2111 2934 '

744 3007 966 3059 Romam
994 3004 1264 3070 habitans,
1293 3006 1504 3078 gemino
1530 3007 1861 3079 proconsulis
1888 3019 2076 3062 auctus
2100 3009 2283 3060 honore
2298 3045 2316 3067 ,

745 3096 982 3148 Gemina
1009 3099 1163 3148 multa
1192 3115 1358 3148 serens
1376 3134 1393 3156 ‚
1435 3095 1597 3149 vitam
1622 3096 1808 3149 insons
1832 3134 1849 3159 ,
1872 3096 2075 3169 integer
2098 3112 2284 3150 avum.

465 3275 540 3339 In
593 3297 726 3361 quo
765 3275 1243 3364 Epigrammate
1291 3275 1777 3366 interpretando
1810 3276 2140 3342 adsentior
2187 3278 2315 3342 Iac.
2354 3277 2607 3364 Sponio

470 3379 538 3443 in
598 3379 867 3444 Miscell.
929 3379 1115 3446 erud.
1181 3382 1382 3470 antiq.
1433 3397 1589 3448 sect.
1641 3383 1740 3464 11,
1800 3407 1864 3472 p.
1910 3404 1997 3470 99
2022 3431 2041 3460 ‚
2106 3383 2221 3471 qui
2286 3380 2607 3471 geminata

465 3484 662 3550 verba
697 3485 932 3550 soboles
955 3486 1318 3576 prolesque,
1364 3487 1537 3552 idem
1578 3487 1998 3577 significantia
2016 3537 2033 3570 ,
2069 3489 2155 3552 ita
2182 3486 2487 3576 explieat,
2530 3503 2609 3552 ut

465 3589 756 3656 sobolem
824 3590 1128 3670 Musoni,
1195 3592 1326 3658 sive
1392 3617 1469 3657 ex
1537 3592 1673 3672 ejus
1720 3593 1991 3682 posteris
2048 3615 2117 3658 se
2174 3591 2567 3660 descendere
2586 3642 2605 3674 ,

535 3817 615 3888 (ι)
653 3818 738 3873 Sic
766 3817 908 3872 malo
939 3818 1168 3872 scribere
1208 3817 1441 3892 plurium
1477 3819 1752 3887 codicum,
1783 3839 1920 3893 quos
1960 3820 2293 3874 Burmannus
2333 3817 2606 3881 nominat,

465 3906 805 3970 auctoritate,
844 3927 1003 3978 quam
1023 3945 1038 3971 ,
1074 3907 1221 3979 quod
1259 3907 1488 3962 Pithoeus
1533 3922 1582 3960 et
1626 3909 1734 3982 ipse
1776 3910 2114 3963 Burmannus
2155 3907 2323 3962 edidit
2344 3948 2358 3972 ,
2404 3933 2429 3952 κ
2451 3905 2608 3958 Mane

469 3996 637 4046 Deum
663 4015 821 4047 exoro
845 4021 888 4047 ι’.
929 3997 1036 4062 Qui
1067 3997 1136 4049 ita
1164 3998 1484 4069 scripserunt
1512 3999 1712 4052 librarii
1729 4038 1743 4062 ,
1770 3999 2127 4052 Christianum
2155 3997 2325 4050 facere
2348 3994 2609 4047 Avienum

473 4079 783 4142 voluerunt,
811 4083 902 4152 qui
926 4084 1036 4152 ipse
1063 4103 1170 4136 non
1197 4083 1307 4136 fuit.
