2975 4684
700 405 1154 474 EPITOME
1213 408 1632 477 ILIADOS
1690 409 2121 479 HOMERI.

435 528 820 596 Instruxere
859 542 1030 597 rates
1065 543 1336 598 ornatas
1373 528 1585 599 milite
1628 530 1807 600 forti.

433 636 792 730 Euryalus,
831 636 1318 734 Sthenelusque
1356 638 1580 729 ferox,
1617 655 1685 708 et
1724 640 1915 711 fortis
1954 643 2025 709 in
2066 643 2270 713 armis

435 747 755 843 Tydides,
791 747 1013 819 valido
1053 748 1407 843 pulsarunt
1441 752 1691 847 remige
1730 767 2052 846 pontum,

437 858 686 953 Bisque
720 859 1180 953 quadragenas
1219 876 1588 931 onerarunt
1622 862 1831 961 milite
1866 888 2159 959 puppes:
2410 887 2486 927 1⁸⁵

436 969 984 1065 Ascalaphusque
1021 988 1290 1067 potem,
1324 988 1391 1042 et
1425 973 1759 1045 Ialmenus
1796 999 1969 1064 acer,
2010 990 2289 1073 uterque

437 1084 572 1151 Ter
612 1082 817 1152 denas
855 1083 1076 1153 valido
1117 1084 1544 1180 complerunt
1586 1083 1797 1155 milite
1842 1111 2061 1157 naveS.

535 1195 629 1263 At
663 1194 766 1262 bis
806 1195 1070 1264 vicenas
1105 1197 1409 1289 equitum
1447 1196 1849 1267 fortissimus
1892 1198 2062 1293 Ajax

438 1303 768 1372 Instruxit
812 1329 1113 1399 puppeS,
1149 1306 1562 1402 totidemque
1603 1310 1959 1377 Evaemone
2002 1324 2197 1379 natus
2216 1309 2245 1399 ;'

2340 406 2471 483 531

443 1412 634 1503 Quos
664 1414 858 1508 juxta
893 1416 1181 1487 Graium
1217 1416 1458 1489 ductor
1501 1419 1863 1488 comitatur
1906 1417 2243 1509 Achilles,
2419 1454 2501 1496 ¹⁹0
2602 1470 2609 1477 ·

341 1622 629 1697 legendum
681 1642 794 1679 esse
843 1636 992 1699 patet
1037 1646 1100 1680 ex
1150 1624 1370 1681 Homeri
1461 1646 1582 1682 mus
1622 1646 1685 1680 ex
1727 1627 1997 1693 Homero,
2047 1628 2203 1684 Iliad.
2231 1631 2317 1697 ΙΙ,
2364 1632 2498 1711 512

343 1704 496 1758 Iliad.
537 1705 626 1769 11,
667 1713 770 1775 740
809 1716 862 1757 et
895 1704 1015 1775 745.
1061 1704 1231 1778 quue
1260 1710 1373 1779 jam
1460 1710 1555 1781 qui
1585 1708 1733 1761 hunc
1763 1708 2061 1783 Ascalapho
2091 1712 2327 1781 apponit.
2356 1716 2416 1767 A.
2448 1726 2501 1767 et

341 1785 656 1837 monstravit
717 1784 1083 1850 Bondamius,
1146 1786 1372 1858 Specim.
1462 1788 1687 1861 vulgatae
1729 1789 1933 1843 habent
1974 1806 2025 1842 ee
2063 1796 2308 1845 Telamus.
2344 1794 2413 1848 G.
2463 1814 2490 1847 ι

343 1864 627 1918 Animadv.
661 1882 781 1937 cap.
813 1868 908 1930 13,
943 1886 996 1938 p.
1021 1824 1090 1937 73
1109 1906 1125 1931 ,
1163 1876 1215 1919 et
1242 1866 1374 1920 Adr.
1453 1884 1633 1938 potens
1658 1875 1938 1925 Tolmenus.

343 1964 452 1997 van
475 1950 638 2013 Dor-p,
663 1946 940 1999 Observat.
961 1964 1006 1998 c.
1032 1954 1124 2010 14,
1148 1952 1200 2017 ρ’.
1225 1946 1340 1999 133.

421 2026 538 2079 182.
559 2032 774 2078 Ornatas
791 2028 941 2079 milite
961 2038 1039 2079 est
1059 2026 1112 2077 in
1132 2025 1376 2097 vulgatis.

345 2110 612 2167 Amaras,
643 2120 874 2168 ornatas,
909 2122 1139 2158 oneratas
1161 2123 1270 2158 una
1287 2123 1378 2157 ex·

345 2184 496 2238 hibet
519 2185 584 2238 G.
609 2206 654 2238 τι.

423 2267 544 2319 183.
567 2269 841 2335 Eurypylus
867 2266 952 2318 vel
969 2270 1042 2317 Eu
1045 2267 1247 2333 ripelus,
1270 2268 1374 2314 Eu·

345 2348 528 2415 n'pohu·
541 2385 557 2407 ,
593 2350 942 2412 Sthenelusque
975 2354 1278 2397 constanter
1304 2344 1376 2395 le·

346 2434 482 2498 gunt
507 2426 694 2499 scripti
725 2436 778 2479 et
807 2425 1048 2495 impressi
1075 2442 1214 2495 quos
1241 2421 1372 2477 vidi.

343 2508 696 2573 Sthenelusque
711 2508 861 2556 duces
887 2503 951 2556 G.
975 2524 1024 2557 2.
1041 2507 1377 2570 Stenedusque

345 2585 414 2638 A.
438 2584 540 2637 vix
591 2595 767 2637 tamen
821 2583 1046 2638 dubium
1087 2595 1192 2645 est,
1227 2581 1376 2656 quod

344 2665 414 2719 cl.
431 2662 757 2717 Bondamius
777 2704 792 2731 ,
839 2664 1066 2737 Specim.
1093 2662 1374 2717 Animadv.

346 2764 403 2818 p.
425 2746 518 2815 73,
539 2756 591 2797 et
612 2743 740 2796 Var.
767 2745 914 2797 Lect.
944 2763 999 2815 p.
1028 2745 1128 2809 146
1145 2781 1160 2805 ,
1182 2744 1377 2816 proba·

347 2826 426 2881 vit
443 2864 459 2889 ,
491 2844 592 2897 pro
620 2829 894 2892 Eurypylus
925 2823 1232 2895 ponendum
1265 2840 1379 2876 esse

347 2910 594 2972 EuryaIus
611 2942 628 2967 ,
663 2922 822 2975 quem
864 2904 1040 2977 ipsum
1075 2903 1340 2955 Homerus
1359 2943 1375 2969 ,

351 2984 506 3039 Iliad.
535 2986 590 3037 II
605 3022 621 3047 ‚
644 2984 769 3051 565,
795 3002 918 3037 cum
941 2988 1166 3036 Sthenelo
1189 2994 1239 3034 et
1263 2982 1376 3035 Dio-

350 3063 508 3120 mede
543 3064 840 3137 conjungit.
870 3064 939 3115 Et
977 3064 1140 3115 Dares
1179 3062 1374 3134 phryg.

349 3154 468 3218 cap.
507 3154 569 3211 14
599 3163 612 3196 :
655 3142 986 3196 «Diomedes
1008 3180 1024 3206 ,
1071 3142 1334 3212 Euryalus
1356 3179 1372 3205 ,

347 3224 632 3281 Sthenelus
655 3243 714 3277 ex
730 3224 882 3295 Argis
899 3222 922 3270 i·
937 3264 952 3289 ,
980 3222 1206 3275 navibus
1225 3238 1372 3274 Lxxx.

349 3305 686 3378 Eurypylum
721 3316 906 3355 contra
929 3344 944 3370 ,
981 3319 1138 3375 quem
1179 3301 1376 3353 Home·

350 3404 461 3452 rus,
485 3404 538 3437 v.
559 3385 666 3454 736
685 3422 700 3447 ,
727 3384 780 3436 in
815 3383 1042 3436 ducibus
1067 3381 1374 3434 Graecorum

354 3484 476 3519 cum
531 3463 887 3537 quadraginta
923 3462 1153 3515 navibus
1191 3480 1377 3514 nume-

352 3557 462 3611 rat,
481 3544 572 3599 sed
595 3555 854 3614 poetaster
877 3554 1053 3595 noster
1073 3560 1180 3595 non
1204 3541 1376 3594 nomi·

353 3642 505 3678 nme
548 3623 781 3690 videtur,
815 3623 1144 3676 Bondamius
1185 3642 1237 3673 v.
1277 3622 1376 3690 189

352 3703 643 3757 adductum
669 3714 822 3775 putat
836 3744 850 3769 ,
873 3702 1018 3777 quod
1042 3703 1142 3775 ipsi
1165 3701 1232 3755 ad
1254 3720 1379 3755 eum

353 3802 560 3837 versum
583 3784 900 3836 notabimus.

431 3865 550 3927 184.
580 3867 977 3933 Remigefluctus
997 3861 1064 3915 G.
1085 3880 1133 3915 2.

431 3946 550 3997 185.
581 3946 648 3995 Hi
665 3948 1024 4011 quadragenas
1046 3942 1106 3992 A.
1133 3951 1186 3992 et
1201 3939 1266 3991 L.
1287 3938 1380 3990 sed

357 4022 618 4075 Homerus
627 4022 890 4094 octoginta
907 4039 1068 4074 naves
1084 4020 1148 4073 iis
1163 4019 1377 4086 tribuit3

356 4103 502 4158 unde
523 4108 596 4156 bis
617 4121 830 4157 necesse
845 4108 950 4155 est.

433 4184 554 4237 186.
591 4188 662 4236 Ee
687 4186 940 4235 Ialmenus
959 4202 980 4232 .·
1019 4179 1094 4234 sic
1117 4178 1384 4272 rescripsi-

1544 1950 1663 2020 187.
1682 1954 1931 2018 Complem
1934 1966 1989 2003 ne
2002 1954 2183 2020 remige
2200 1970 2348 2003 naves
2363 1952 2429 2005 G.
2448 1972 2499 2008 2.

1546 2030 1661 2083 188.
1676 2033 1739 2081 Be·
1719 2050 1760 2081 ts
1788 2034 1997 2082 vicenas
2012 2032 2178 2099 forces
2192 2032 2496 2099 fortissimus

1465 2106 1533 2161 G.
1556 2128 1621 2172 ης
1650 2128 1779 2163 sane
1800 2127 2093 2185 perperam.

1506 2186 1665 2255 189
1702 2192 2011 2255 Totidemque
2052 2192 2307 2240 Abantore
2348 2204 2497 2243 natus

1459 2266 1657 2319 habent
1671 2266 1795 2320 edd.
1809 2269 1875 2320 L.
1893 2278 1945 2319 et
1957 2268 2082 2320 Tor.
2098 2267 2204 2320 Sed
2216 2268 2498 2325 Abantoris

1461 2346 1633 2399 filium
1670 2348 1878 2399 nullum
1911 2347 1968 2399 in
2005 2347 2245 2419 catalogo
2278 2348 2500 2403 Homeri

1461 2427 1695 2480 invenio.
1724 2426 1807 2480 Cl.
1840 2426 2336 2493 Bondamius,Var.
2370 2426 2494 2482 lect.

1461 2524 1521 2578 p.
1552 2510 1651 2571 146
1668 2547 1685 2573 ,
1707 2507 2039 2580 Eurypylum
2058 2544 2074 2571 ,
2105 2525 2265 2578 quem
2294 2508 2363 2559 ab
2387 2508 2498 2561 Ho-

1467 2602 1615 2638 mero
1638 2588 1774 2641 inter
1800 2586 1963 2641 duces
1988 2587 2321 2640 nominatum
2352 2588 2499 2659 apud

1465 2666 1723 2717 Nostrum
1766 2686 1873 2718 non
1922 2666 2157 2732 invenit,
2192 2666 2295 2719 hoc
2336 2686 2496 2721 versu

1467 2743 1761 2798 indicatum
1788 2758 1941 2819 putat
1963 2784 1977 2809 ,
2001 2745 2229 2816 ideoque
2264 2746 2339 2799 sic
2366 2748 2499 2800 scri·

1463 2836 1614 2895 ptum
1636 2844 1748 2877 esse
1770 2826 1981 2899 conjicit
2001 2844 2014 2878 :
2039 2851 2064 2870 α
2079 2825 2329 2876 Instruxit
2351 2845 2494 2900 pup-

1464 2922 1556 2976 pes
1572 2946 1587 2971 ,
1608 2904 1933 2979 totidemque
1958 2906 2243 2957 Evaemone
2268 2917 2424 2959 natus
2446 2932 2495 2961 υ.

1463 2986 1597 3037 Nam
1627 2986 1929 3059 Eurypylus
1953 2986 2022 3037 ab
2046 2984 2279 3037 Homero
2310 3004 2359 3037 v.
2388 2986 2494 3055 736

1463 3076 1685 3119 vocatur
1725 3069 1993 3139 Εὐαίμονος
2040 3068 2219 3138 ἀγλαὸς
2264 3067 2363 3129 ὖιὸς
2379 3105 2394 3132 ,
2440 3076 2495 3118 et

1462 3142 1657 3198 dicitur
1686 3144 1929 3198 eumdem
1959 3144 2173 3196 navium
2206 3150 2273 3207 4ο
2300 3162 2495 3197 nume·

1461 3241 1583 3276 rum
1635 3224 1861 3279 duxisse.
1912 3222 2211 3275 Evoemonis
2255 3236 2307 3276 et
2356 3224 2491 3295 Opis

1463 3302 1607 3356 filius
1639 3318 1857 3356 vocatur
1891 3301 2045 3355 etiam
2087 3302 2339 3375 Hygino,
2379 3304 2490 3357 fab.

1463 3390 1549 3452 94.
1578 3384 1767 3455 Neque
1788 3400 1917 3435 vero
1945 3382 2104 3434 alium
2136 3382 2193 3433 in
2219 3394 2331 3435 toto
2354 3394 2493 3435 cata-

1465 3460 1586 3533 logo
1624 3461 1863 3533 reperio,
1900 3462 1994 3533 qui
2042 3461 2213 3533 aptius
2260 3464 2495 3533 potuerit

1462 3540 1568 3594 hoc
1595 3542 1712 3593 loco
1736 3540 2053 3593 memorari:
2080 3552 2132 3592 et
2160 3540 2228 3593 ad
2255 3544 2369 3612 ejus
2394 3561 2493 3594 no·

1467 3619 1623 3673 minis
1636 3619 1976 3673 similitudem
1998 3618 2396 3689 quodammodo
2408 3639 2493 3673 ac·
2588 3640 2597 3655 “

1466 3698 1609 3752 cedit
1656 3700 1911 3773 scriptura
1956 3698 2158 3752 codicis
2203 3698 2379 3752 Guelf.
2431 3718 2458 3751 ο
2478 3740 2494 3766 ,

1467 3779 1560 3850 qui
1584 3783 1877 3849 totidemque
1894 3783 2147 3831 inthenore
2158 3817 2175 3839 ,
2198 3782 2488 3842 enthenore,

1468 3862 1741 3911 anthenore
1785 3857 2113 3931 conjunctim
2162 3858 2412 3911 exhibet:
2441 3870 2495 3912 et

1470 3936 1591 3991 cod.
1613 3939 1679 3991 A.
1704 3938 1865 3990 habet
1890 3958 1957 3988 ex
1984 3952 2169 3988 tenore.

1546 4036 1666 4087 190.
1710 4019 1910 4069 Graium
1952 4020 2126 4067 ductor
2164 4016 2494 4088 praecipuum

1469 4098 1613 4151 bello
1628 4135 1643 4161 ,
1664 4116 1970 4168 supremum
2000 4093 2309 4148 fortitudine
2335 4096 2499 4169 expli·

1470 4188 1559 4231 cat
1584 4175 1827 4231 Bar-thius
1846 4216 1863 4245 ,
1883 4172 2101 4229 Advers.
2127 4192 2181 4245 p.
2211 4174 2364 4244 ²7⁵4·
2390 4173 2497 4228 Sed

2146 4262 2259 4350 34.
