2975 4684
786 470 801 481 ,
838 396 1261 467 CARMEN
1324 398 1456 465 AD
1521 398 1997 471 PISONEM.

2347 402 2484 473 255

456 516 713 588 Pulsasi
754 519 1096 606 manibuS,
1138 519 1385 613 quibus
1427 533 1497 587 et
1539 519 1970 589 contenditur
2004 546 2216 593 arcus,
2418 546 2490 583 16·

450 632 601 723 Ipse
636 628 837 699 fidem
870 630 1155 699 movisse
1189 630 1377 701 ferox
1407 616 1748 700 narratur
1771 630 2098 721 Achilles,

452 738 777 826 Quamvis
822 739 1003 810 mille
1049 756 1225 811 rates
1264 741 1636 812 Priameius
1678 757 1902 812 ureret
1933 742 2168 833 heros,

450 850 539 917 Et
579 850 797 943 gravis
838 850 1255 946 obstreperet
1289 851 1652 921 modulatis
1692 853 1977 923 buccina
2007 857 2272 926 nervis:

451 958 579 1033 Illo
619 962 815 1033 dulce
854 964 1065 1035 melos
1097 966 1377 1039 Nereius
1412 966 1674 1036 extudit
1718 968 1914 1037 heros

454 1072 739 1162 Pollice,
776 1076 1091 1147 terribilis
1126 1102 1265 1173 quo
1296 1078 1512 1148 Pelias
1550 1078 1692 1148 ibat
1734 1078 1805 1147 in
1845 1078 2124 1150 hostem.
2426 1108 2497 1145 ,σε

454 1189 661 1256 Arma
700 1188 835 1257 tuis
870 1190 1073 1257 etiam
1117 1190 1171 1259 si
1208 1188 1382 1258 forte
1424 1204 1648 1259 rotare
1679 1188 1980 1279 lacertiS,

454 1298 667 1391 Inque
704 1298 988 1393 gradum
1022 1298 1262 1369 clausis
1298 1299 1494 1369 libuit
1534 1300 1895 1369 consistere
1932 1301 2273 1387 membris,

454 1409 543 1475 Et
578 1408 787 1477 vitare
832 1409 1068 1497 simul,
1102 1409 1299 1479 simul
1337 1426 1405 1481 et
1444 1426 1721 1509 captare
1765 1426 2129 1507 petentem3

436 1618 529 1671 161
540 1657 555 1670 .
566 1624 680 1686 Ipse
680 1620 844 1691 fidem
856 1621 1241 1691 movisseferox,
1256 1621 1385 1675 Mic.

357 1698 561 1750 Bel-em.
582 1696 697 1751 Col.
724 1702 803 1751 sic
820 1703 1027 1751 movisse
1045 1704 1185 1773 fides
1217 1721 1387 1753 soevus.

358 1777 421 1829 C.
441 1806 512 1817 -
530 1778 782 1829 Nan-dtur
796 1782 1036 1831 Achilles.
1061 1779 1387 1851 Frequenter

358 1866 653 1927 provocant
678 1868 848 1929 poetae
872 1858 941 1911 ad
968 1856 1073 1911 hoc
1094 1859 1389 1931 exemplum

361 1936 583 1991 Achillis
616 1950 740 2011 post
777 1936 1058 1992 abductam
1098 1939 1387 1993 Briseidem

360 2016 533 2069 otium
587 2018 801 2070 cithare
851 2029 1013 2072 cantu
1056 2020 1385 2072 oblectantis.

359 2094 524 2149 ovid.
541 2096 704 2150 Trist.
732 2098 838 2162 IV,
874 2117 925 2161 1,
956 2098 1017 2151 15
1040 2117 1055 2151 z
1080 2126 1105 2145 κ
1126 2098 1317 2152 Fertur
1338 2110 1391 2152 et

362 2176 589 2229 abducta
614 2178 932 2251 Lyrnesside
963 2178 1127 2231 tristis
1156 2178 1389 2231 Achilles

360 2256 637 2311 Haemonia
668 2276 827 2311 curas
860 2271 1161 2313 attenuasse
1199 2260 1316 2332 lyra
1341 2286 1386 2311 n.

362 2336 591 2401 Statius,
616 2336 745 2391 silv.
776 2338 879 2401 w,
919 2344 981 2402 4,
1022 2340 1123 2403 34ε
1172 2366 1197 2385 «e
1216 2340 1390 2411 major

362 2424 481 2485 post
514 2416 619 2467 otia
652 2416 845 2469 virtus.
867 2416 1011 2470 Talis
1038 2430 1245 2471 cantata
1271 2418 1390 2471 Bri-

365 2492 510 2548 seide
534 2494 680 2549 venit
710 2496 939 2550 Achilles
966 2498 1174 2564 Acrior,
1218 2511 1270 2551 et
1293 2518 1389 2571 po-

364 2575 475 2628 sitis
497 2576 668 2647 erupit
686 2575 741 2627 in
763 2575 993 2630 Hectora
1016 2578 1225 2649 plectris
1254 2603 1301 2632 ι.
1325 2579 1393 2631 Et

366 2655 613 2727 Epitome
646 2654 801 2709 Iliad.
831 2655 1081 2723 Homeri,
1111 2676 1270 2729 quam
1300 2657 1393 2712 da-

366 2752 486 2785 mus
520 2732 627 2786 hoc
658 2744 839 2797 tomo,
874 2753 951 2787 vs.
977 2734 1079 2789 585
1107 2754 1121 2789 :
1156 2764 1179 2785 ι
1213 2738 1394 2791 aberat

366 2832 495 2865 nam
536 2814 741 2865 Troum
792 2826 962 2867 terror
1010 2816 1242 2869 Achilles
1266 2856 1281 2881 ,
1326 2818 1394 2869 Et

368 2891 515 2945 dulci
553 2892 753 2945 cithara
798 2893 973 2947 dirum
1015 2896 1213 2948 lenibat
1252 2916 1395 2949 amo-

366 2990 480 3024 rem
502 2998 548 3024 ».
588 3004 660 3013 --
696 2974 763 3024 Et
781 2974 999 3025 Achillis
1029 2976 1218 3027 cithara
1252 2980 1393 3028 Pele-

368 3054 563 3104 throm‘a
590 3050 802 3119 dicitur,
826 3052 1113 3125 Antholog.
1136 3056 1253 3107 Lat.
1274 3056 1355 3107 v1
1378 3093 1393 3117 ,

372 3132 537 3203 epigr.
562 3150 651 3202 70.
678 3131 777 3183 En.

448 3216 563 3263 162.
592 3212 858 3262 I‘n'ameim
884 3215 1050 3273 beros,
1085 3212 1299 3265 Hector.
1331 3212 1397 3265 Et

372 3290 507 3344 forte
536 3291 641 3344 hoc
672 3308 869 3343 nomen
898 3290 1263 3361 reponendum
1298 3310 1398 3364 pro

372 3374 538 3431 heros,
574 3388 643 3422 ne
688 3370 895 3441 ingrate
936 3381 1205 3441 repetatur
1242 3390 1400 3425 versu

379 3452 499 3515 164.
524 3450 591 3503 Et
616 3452 917 3523 Propertius
943 3451 1021 3508 11.
1053 3454 1084 3505 8
1105 3493 1120 3519 ,
1144 3452 1237 3505 31:
1260 3478 1281 3499 ι
1306 3452 1400 3503 Vi-

372 3529 523 3582 derat
564 3530 651 3581 ille
695 3530 875 3600 fugas,
907 3529 1101 3583 fractos
1145 3530 1203 3582 in
1245 3531 1400 3584 litore

371 3610 601 3662 Achivos
614 3646 629 3673 ,
656 3610 881 3663 Fervere
912 3622 963 3661 et
995 3609 1251 3664 Hectorea
1289 3612 1399 3663 Do-

372 3688 485 3741 rica
513 3700 685 3742 castra
710 3689 824 3742 face
843 3714 885 3739 n.

450 3769 569 3821 163.
589 3772 898 3836 obstreperet
912 3772 1175 3820 modulatis
1192 3772 1397 3819 buccina

375 3851 554 3899 nervis.
590 3848 835 3902 Similiter
863 3847 1112 3918 Calpurn.
1136 3846 1234 3912 IV,
1264 3848 1394 3901 131:

376 3926 660 3981 &Turbida
701 3946 802 3980 nec
846 3927 1075 3981 calamos
1116 3925 1401 3980 exsurdant

376 4005 596 4059 classica
614 4018 823 4060 nostros
836 4032 883 4059 n.
1298 3996 1303 4011 ¹

452 4086 573 4150 164.
594 4088 785 4138 Extulit
798 4090 959 4139 beros.
985 4086 1106 4139 Alii:
1124 4088 1315 4137 extulit.
1342 4084 1399 4137 C.

379 4176 431 4217 et
451 4166 522 4217 ita
542 4166 895 4220 Pith.Genev.
912 4168 1049 4236 1596
1064 4208 1079 4233 ,
1098 4168 1260 4236 Corp.
1276 4166 1399 4216 Aur.

1555 1622 1676 1674 165.
1703 1627 1810 1689 Quo
1831 1624 1991 1673 Pelias
2009 1626 2115 1674 ibat
2125 1661 2144 1684 ,
2173 1622 2284 1697 ipen
2305 1626 2504 1681 scilicet

1474 1702 1626 1754 hasta
1656 1700 1894 1753 Achillis.
1929 1700 2154 1770 ovid-ie,
2181 1705 2332 1759 Pont.
2362 1707 2420 1771 1,
2444 1728 2499 1777 7,

1480 1780 1544 1833 52
1563 1800 1576 1834 :
1595 1780 1792 1833 «Missa
1808 1799 1994 1853 graves
2009 1780 2144 1835 ictus
2161 1782 2331 1839 Pelias
2349 1786 2502 1840 hasta

1476 1860 1598 1911 tulit
1614 1886 1659 1911 n.
1686 1859 1755 1912 Et
1783 1860 1981 1913 confer.
2008 1859 2160 1915 Pont.
2184 1863 2241 1916 11
2262 1901 2278 1927 ,
2314 1885 2340 1918 2
2359 1902 2374 1928 ,
2404 1870 2498 1930 263

1482 1940 1700 1991 Metam.
1718 1938 1881 2005 xm,
1923 1956 2040 2009 109.
2512 1949 2519 1956 '

1553 2020 1668 2087 167.
1706 2023 1866 2085 Inque
1895 2024 2136 2087 gradum.
2159 2060 2172 2071 .
2193 2027 2500 2077 mon-cistere.

1476 2098 1578 2150 Vir
1618 2097 1804 2150 doctus
1825 2116 1839 2149 τ
1869 2102 2030 2167 Inque
2066 2104 2253 2167 gradu.
2307 2102 2370 2155 C.
2393 2139 2408 2150 -
2423 2105 2505 2157 Ita

1478 2176 1709 2231 correxit
1731 2176 1781 2229 J.
1807 2177 1952 2249 Lips.
1979 2176 2192 2231 Saturn.
2216 2180 2302 2244 11,
2343 2200 2394 2234 c.
2424 2203 2506 2236 20.

1477 2288 1546 2297 --
1557 2263 1718 2325 Inque
1731 2260 1947 2325 gradum
1966 2260 2145 2308 clausis
2157 2279 2175 2309 :
2192 2258 2306 2331 lege
2320 2266 2505 2328 gradu.

1477 2338 1627 2391 Stare
1651 2337 1706 2387 in
1731 2334 1899 2407 gradu
1925 2334 2143 2400 dicitur,
2167 2356 2265 2409 pro
2302 2359 2414 2394 esse
2449 2342 2507 2395 in

1478 2428 1602 2468 actu
1620 2414 1914 2468 incedentis
1930 2456 1945 2482 ,
1967 2427 2027 2468 ut
2045 2416 2242 2469 dicitur
2262 2420 2388 2472 etin
2409 2433 2510 2473 sta-

1478 2508 1556 2548 tu.
1585 2496 1813 2549 Seneca:
1840 2520 1864 2540 a
1885 2495 2128 2559 Quorum
2157 2496 2288 2549 alter
2317 2500 2509 2553 vulnus

1479 2575 1692 2648 premit,
1709 2586 1761 2627 et
1780 2585 1986 2627 constat
2003 2574 2059 2626 in
2080 2574 2249 2647 gradu
2257 2602 2298 2629 υ.
2309 2577 2506 2633 Busa.

1478 2654 1622 2707 Sane
1643 2654 1735 2708 vix
1767 2652 1990 2707 dubium
2017 2666 2124 2717 est,
2161 2658 2212 2707 in
2235 2661 2404 2724 gradu
2435 2659 2509 2712 le-

1481 2731 1714 2805 gendum
1741 2751 1870 2795 esse,
1888 2750 2054 2803 quum
2073 2733 2148 2785 sic
2169 2734 2326 2786 etiam
2348 2735 2488 2789 ovid
2495 2775 2507 2787 .

1482 2814 1706 2865 Metam.
1735 2812 1816 2864 IX
1834 2850 1849 2876 ‚
1872 2820 1937 2876 4²
1956 2828 1970 2863 τ
1991 2838 2016 2857 ει
2030 2810 2097 2865 ad
2120 2812 2256 2865 bella
2276 2814 2480 2871 coimus
2495 2856 2510 2879 ,

1481 2893 1652 2964 Inque
1695 2890 1868 2963 gradu
1906 2888 2141 2943 stetimus
2161 2930 2176 2953 ,
2221 2893 2350 2944 certi
2399 2913 2509 2947 non

1480 2970 1670 3025 cedere
1680 2974 1985 3023 ».—-Clausis
2003 2974 2242 3031 membris,
2263 2972 2296 3023 i.
2306 2990 2352 3025 e.
2370 2992 2512 3025 com·

1483 3051 1671 3124 positis
1708 3062 1760 3102 et
1821 3049 2062 3101 coercitis
2107 3049 2244 3101 intra
2289 3062 2504 3103 statum.

1484 3128 1773 3195 Quomodo
1793 3127 1934 3200 apud
1959 3128 2186 3180 Statium
2204 3127 2388 3193 ‚Theb.
2409 3130 2509 3191 VI,

1486 3216 1589 3279 744
1607 3246 1620 3269 ,
1662 3208 1848 3261 Pollux
1893 3206 2107 3270 dicitur,
2147 3207 2508 3263 Alcidamanta

1484 3289 1728 3361 palaestra
1747 3306 1995 3341 exercens
2010 3326 2025 3351 ,
2045 3289 2288 3340 membra
2307 3291 2418 3361 ejus
2440 3288 2510 3342 ad

1484 3365 1833 3439 pugnandum
1896 3368 2254 3439 composuisse
2278 3386 2292 3417 ε
2336 3395 2360 3415 κ
2390 3370 2510 3440 Ipse

1486 3450 1629 3500 Deus
1655 3446 1936 3519 posuitque
1965 3466 2153 3499 manus
2173 3488 2186 3511 ‚
2216 3459 2268 3499 et
2295 3448 2512 3501 brachia

1486 3528 1638 3581 finxit
1656 3565 1671 3591 ,
1694 3540 1793 3580 ete.
1817 3552 1839 3573 ι
1865 3558 1936 3567 -
1954 3528 2088 3579 Tale
2108 3539 2188 3579 est
2206 3525 2312 3578 hoc
2332 3527 2514 3597 Epito-

1488 3627 1600 3660 mes
1629 3606 1693 3658 ll.
1719 3606 1964 3670 Homeri,
2001 3625 2072 3657 vs.
2101 3622 2233 3673 297:
2261 3630 2283 3650 κ
2307 3605 2515 3677 Corpus

1462 3688 1768 3751 ,collectum
1807 3686 2004 3758 tegitur
2052 3684 2377 3755 fulgentibus
2426 3705 2510 3738 ar-

1488 3768 1589 3823 mis
1610 3793 1656 3819 u.
1681 3766 1926 3818 Pluribus
1957 3764 2098 3816 hunc
2121 3763 2369 3835 'pugilum
2398 3762 2510 3818 mo-

1486 3864 1599 3899 rem
1617 3864 1684 3899 ex
1696 3845 1942 3917 Antiquis
1960 3842 2239 3915 descripsit
2255 3844 2515 3915 Cuperus,

1486 3925 1714 3977 Observ,
1755 3924 1851 3977 lib.
1891 3924 1918 3975 1
1936 3964 1952 3989 ‚
1993 3941 2108 3993 cap.
2148 3940 2207 3975 12
2232 3963 2247 3987 ,
2284 3942 2405 3995 pag.
2445 3925 2512 3994 89

1490 4022 1634 4078 seqq.
1671 4005 1772 4056 En.

1571 4085 1688 4137 168.
1717 4090 1783 4134 Et
1797 4087 1959 4134 vitare
1979 4084 2140 4132 simul.
2163 4080 2393 4145 Quidam
2419 4101 2431 4133 :
2453 4088 2520 4134 Ec

1495 4168 1674 4215 virtute
1695 4166 1865 4222 simul,
1892 4172 2154 4231 corrupte.
2177 4160 2238 4212 C.
2261 4192 2332 4200 —
2351 4164 2521 4215 Vitare
