2975 4684
444 365 584 451 458
1178 370 1308 438 DE
1370 371 1839 441 AUCTORE
1937 356 1943 362 ’

442 520 630 564 versu
649 519 804 584 907,
825 498 934 562 ubi
951 547 969 578 ,
997 497 1270 564 AEneam
1297 523 1448 566 cum
1471 501 1719 568 Achille
1742 523 2163 592 congressum
2186 525 2580 584 memorans,

442 603 654 686 addit,
693 604 815 670 nisi
847 627 998 670 eum
1034 620 1174 670 tum
1211 607 1559 696 Neptunus
1594 623 1936 686 servasset,

723 773 838 824 Non
866 771 1016 825 clarae
1045 771 1212 842 gentis
1239 773 1443 826 NOBIS
1471 773 1742 826 mansisset
1768 771 1935 842 origo.

441 939 622 1004 Idem
654 961 807 1004 vero
835 953 902 1005 et
932 938 1084 1002 inde
1125 954 1421 1028 apparet,
1455 937 1633 1026 quod
1668 938 1916 1024 ubique
1950 937 2295 1001 lectionem
2330 956 2396 1002 et
2426 941 2577 1003 imi-

441 1045 755 1109 tationem
802 1056 1141 1132 poetarum
1174 1045 1622 1108 Romanorum
1662 1043 1911 1131 prodit,
1952 1041 2115 1107 adeo
2166 1043 2431 1132 quidem
2451 1095 2470 1127 ,
2502 1063 2579 1114 ut

440 1151 804 1216 Homerum
820 1199 838 1231 ‚
875 1171 1070 1238 quem
1101 1149 1437 1231 exscribit,
1461 1151 1567 1212 vix
1590 1139 1845 1212 tantum
1868 1143 2219 1236 respicere,
2255 1168 2573 1237 quantum

440 1257 781 1346 Virgilium
821 1271 884 1320 et
915 1254 1253 1335 Ovidium,
1287 1252 1606 1318 videatur.
1644 1253 1947 1318 Nobilem
1980 1255 2169 1317 etiam
2204 1257 2573 1328 Romanum

439 1377 503 1426 et
537 1363 798 1426 beatum
836 1361 1170 1424 hominem
1200 1360 1398 1424 fuisse
1418 1406 1436 1440 ‚
1473 1360 1587 1447 qui
1623 1381 1881 1426 carmen
1912 1357 2071 1422 illud
2096 1359 2293 1422 animi
2330 1361 2579 1448 otiique

438 1466 804 1532 oblectandi
853 1487 1076 1530 caussa
1110 1468 1176 1530 in
1223 1487 1478 1534 secessu
1534 1468 1699 1530 ruri-s
1744 1466 1846 1529 sui
1884 1466 2359 1551 composuerit,
2397 1465 2577 1531 haud

441 1595 602 1638 vana
645 1573 1016 1652 conjectura
1063 1571 1223 1634 mihi
1258 1569 1649 1659 persuadere
1686 1593 1765 1632 ex
1810 1571 2268 1658 epigrammate
2304 1574 2579 1659 antiquo

365 1751 369 1756 ¹
439 1676 686 1757 videor,
722 1676 904 1764 quod
931 1678 1000 1739 in
1024 1676 1377 1739 Burmanni
1393 1673 1669 1739 Anthoh
1688 1675 1823 1738 Lat.
1846 1675 1955 1737 lib.
1986 1675 2117 1756 111,
2156 1697 2257 1762 ep.
2294 1677 2415 1757 62,
2460 1699 2575 1740 oc-

439 1784 662 1866 currit,
676 1785 1021 1872 repetitum
1041 1805 1121 1845 ex
1135 1781 1366 1845 Pithoei
1387 1780 1605 1868 Epigr.
1628 1795 1695 1843 et
1716 1781 1939 1842 Poem.
1969 1795 2094 1844 vet.
2120 1780 2231 1844 lib.
2258 1781 2288 1844 Ι
2308 1829 2325 1862 ,
2350 1805 2413 1869 p.
2428 1805 2575 1867 192,

443 1909 509 1955 et
535 1891 1054 1976 deNavigacione
1085 1887 1482 1952 inscribitur.
1510 1885 1585 1949 In
1624 1909 1701 1948 eo
1730 1901 1959 1950 auctor
1982 1886 2195 1950 villam
2230 1909 2411 1952 suam
2444 1911 2582 1952 ma-

435 1999 716 2061 ritimam
753 1995 1055 2075 laudam,
1090 2018 1126 2057 e
1159 2015 1288 2079 qua
1326 1993 1695 2080 prospicere
1728 1989 2115 2057 velificantes
2146 1994 2213 2056 in
2252 1993 2413 2057 mari
2458 2017 2575 2058 na-

435 2124 578 2185 veS,
613 2095 677 2167 eii:
709 2099 986 2166 subinde
1017 2097 1100 2162 ad
1131 2099 1284 2162 litus
1319 2095 1748 2185 appellenteS,
1784 2114 2074 2185 poterat,
2110 2098 2201 2163 sic
2227 2101 2494 2189 incipit:

720 2278 768 2328 O
795 2275 918 2328 litus
945 2274 1048 2324 vita
1080 2271 1212 2324 mihi
1238 2269 1446 2322 dulcius
1470 2269 1483 2320 !
1514 2291 1546 2321 o
1576 2290 1722 2322 mare
1745 2272 1757 2321 ἔ
1794 2271 1945 2334 felix,
1995 2253 2001 2258 .

791 2363 892 2415 Cui
919 2363 1040 2416 licet
1069 2359 1136 2412 ad
1165 2371 1330 2412 terras
1359 2358 1432 2411 ire
1464 2358 1689 2411 subinde
1717 2377 1881 2410 ineas.

719 2453 767 2502 Ο
793 2455 1022 2504 formosa
1049 2449 1192 2502 dies!
1223 2448 1327 2501 hoc
1355 2446 1625 2521 quondam
1652 2467 1775 2501 rure
1797 2446 2027 2500 solebam

789 2537 1014 2592 Iliadum
1041 2550 1266 2590 armatas
1293 2536 1575 2589 sollicitare
1603 2555 1804 2588 manus.

433 2725 696 2810 Nempe.
720 2723 992 2786 Iliadum
1030 2721 1138 2784 hic
1185 2720 1599 2800 scribendum
1640 2743 1777 2784 esse
1818 2745 1939 2808 pro
1972 2722 2242 2803 Iliadas,
2280 2724 2463 2811 quod
2499 2727 2569 2790 in

435 2831 704 2919 vulgatis
741 2833 866 2910 est,
901 2852 1050 2893 eum
1085 2828 1376 2910 Pithoeo,
1413 2829 1525 2915 qui
1575 2829 1667 2892 sic
1710 2829 1773 2890 in
1823 2830 2111 2917 margine
2158 2831 2528 2895 emendavit
2551 2883 2571 2913 ‚

435 2938 758 3017 existimo,
791 2936 912 3001 nisi
942 2935 1144 3000 Iliade
1163 2935 1362 3000 mavis
1380 2983 1396 3014 ,
1433 2933 1617 3022 quod
1641 2935 1744 2998 Fr.
1775 2935 2323 3002 Christiussuasit
2346 2939 2417 3002 in
2446 2939 2575 3003 Ex-

438 3067 638 3110 cursu
661 3043 744 3108 ad
761 3043 1128 3107 Villaticum
1145 3090 1164 3122 ,
1193 3065 1252 3128 p.
1293 3065 1439 3128 270.
1461 3043 1557 3105 ‘Et
1578 3042 1646 3104 in
1676 3041 1991 3106 villaesuae
2022 3043 2391 3108 amoenitate
2416 3068 2575 3108 con-

435 3148 804 3238 templanda
835 3147 1404 3236 hoc‘potissimum
1427 3146 1810 3212 recordatur
1834 3164 2064 3212 auctor
2082 3197 2100 3230 ,
2134 3171 2205 3212 se
2234 3147 2571 3237 quondam

433 3257 500 3321 in
536 3278 616 3320 eo
645 3279 798 3319 rure
829 3255 1090 3334 Iliadas,
1123 3255 1189 3317 h.
1226 3260 1285 3317 e.
1314 3253 1629 3332 Troianos
1660 3269 1938 3320 armatos
1972 3255 2045 3316 in
2078 3257 2283 3319 aciem
2322 3255 2577 3344 produ-

433 3362 599 3438 xisse
615 3409 633 3440 ,
658 3377 724 3423 et
748 3359 831 3423 ad
853 3360 1093 3424 bellum
1123 3360 1490 3425 sollicitasse
1508 3408 1525 3440 ,
1555 3358 1683 3423 hoc
1713 3375 1811 3424 est
1828 3409 1846 3440 ,
1876 3359 2076 3424 Iliada
2100 3363 2567 3450 perscripsisse.

431 3470 620 3544 Iuvat
647 3467 816 3530 hanc
845 3467 1440 3554 interpretationem
1459 3515 1477 3548 ,
1516 3466 1693 3554 quo'd
1724 3466 1793 3530 in
1822 3465 1953 3530 fine
1984 3467 2459 3556 epigrammatis
2490 3469 2571 3532 ad

432 3577 702 3640 alterum
743 3592 908 3660 opus
943 3573 1360 3638 Homericum
1381 3623 1396 3646 ‚
1435 3571 1822 3661 odysseam,
1856 3572 2147 3638 adludit:

710 3729 958 3802 Naviget,
993 3741 1044 3782 et
1064 3724 1254 3782 fluctu's
1283 3731 1438 3784 lasset
1465 3729 1741 3783 mendicus
1768 3729 1964 3803 Ulyx‘es
1988 3749 2000 3782 ε

781 3821 844 3870 In
876 3819 1025 3871 terris
1047 3819 1187 3872 vivet
1214 3817 1435 3872 candida
1463 3819 1748 3890 Penelope.

429 3999 680 4060 Scilicet
715 3999 841 4061 hoc
870 3998 1259 4085 epigramma
1290 3997 1380 4059 sic
1419 3997 1639 4060 scribit
1668 4013 1930 4076 auctor,
1968 4012 2037 4058 ut
2070 3995 2252 4084 quasi
2284 4019 2571 4084 occupa-.

431 4117 534 4162 tus
569 4102 632 4163 in
687 4101 968 4187 Odyssea
1007 4104 1268 4166 Homeri
1321 4101 1754 4166 convertenda
1813 4101 2141 4182 videatur,
2182 4119 2377 4188 atque
2415 4103 2578 4170 inde-
