2975 4684
591 363 1024 437 CONCUB.
1069 362 1446 434 MARTIS
1495 364 1619 433 ET
1668 364 2136 436 VENERIS.

2291 360 2427 460 337

397 490 636 563 Martis
670 486 799 558 tela
841 510 1112 581 regens,
1147 510 1294 581 quae
1329 501 1682 581 postquam
1718 486 1975 584 singula
2016 490 2219 580 vidit,

399 600 708 669 Loricam
727 652 750 685 ,
787 594 1128 692 clypeum,
1166 594 1458 692 gladium
1474 648 1494 683 ‚
1529 595 1867 693 galeaeque
1900 602 2192 673 minaces

401 710 654 781 Cristas
669 763 689 797 ,
721 708 888 777 flore
921 705 1116 803 ligat3
1141 720 1303 777 tunc
1337 707 1542 777 hastae
1574 708 1872 804 pondera
1908 726 2149 802 tentat,

402 824 820 915 Miraturque
855 820 993 889 suis
1027 834 1288 889 tantum
1329 817 1589 889 licuisse
1622 820 1898 916 sagittis.
2364 843 2440 882 1³0

499 936 648 1003 Jam
687 930 984 1001 medium
1015 929 1306 1000 Phoebus
1348 928 1553 999 radiis
1585 930 1966 1025 possederat
1994 934 2259 1021 orbem,

401 1046 550 1111 Jam
585 1040 860 1111 tumidis
895 1038 1149 1110 calidus
1183 1038 1414 1135 spatiis
1454 1037 1814 1111 libraverat
1846 1042 2084 1131 horas3

307 1269 604 1343 dendorpio
617 1308 634 1335 ,
647 1282 768 1324 ante
785 1270 925 1325 fores
941 1270 1160 1325 thalami
1177 1282 1328 1323 nem-

305 1370 398 1425 pe.
434 1350 616 1404 Bm.
661 1350 775 1422 Ego
801 1362 1050 1424 corrupta
1079 1366 1192 1405 esse
1215 1344 1330 1404 hoe

305 1431 394 1484 vix
412 1428 785 1495 existimarim
799 1446 896 1498 pro
921 1433 1042 1482 lueis
1067 1429 1334 1501 sig-nificat

309 1521 434 1563 ante
473 1509 658 1561 lucum
675 1548 692 1575 ,
727 1528 836 1581 quo
877 1510 1020 1562 Mars
1065 1520 1117 1563 et
1146 1509 1333 1563 Venus

310 1587 744 1643 concumbebant
763 1625 782 1653 ,
823 1598 884 1640 ut
931 1586 1075 1660 apud
1115 1587 1331 1642 Sueten.

311 1667 426 1721 lul.
447 1683 565 1738 cap.
591 1668 693 1736 78:
738 1688 761 1713 ιι
779 1666 964 1721 Patres
1007 1666 1332 1741 conscriptos

309 1745 500 1800 sedens
532 1764 634 1817 pro
658 1746 774 1799 ode
792 1746 1018 1801 Veneris
1049 1746 1333 1801 Genitricis

309 1826 516 1898 excepit
536 1832 850 1896 ·.--negem
869 1822 1218 1900 participium}
1234 1846 1335 1899 pro

309 1906 428 1980 ipso
451 1918 688 1979 tempore
701 1911 838 1977 regie,
857 1908 944 1963 ve}
965 1912 1166 1977 regebat
1190 1908 1335 1981 posi-

309 2000 422 2040 tum
439 1988 532 2061 qui
553 2006 668 2041 mos
689 1998 767 2041 est
783 1987 963 2041 Nostri
981 2004 999 2051 ς
1019 1988 1132 2041 vid.
1154 2008 1206 2043 v.
1235 2006 1335 2041 1οο

312 2077 367 2119 et
397 2071 522 2139 176.

384 2166 504 2218 127.
539 2152 666 2215 Quoe
687 2162 954 2216 postquam
985 2151 1238 2217 sing-ula...
1269 2146 1336 2201 In

311 2227 527 2281 Salmas.
551 2226 853 2281 Divionens.
881 2240 932 2281 et
953 2227 1196 2281 Leidensi
1211 2248 1227 2293 ;
1244 2226 1336 2281 sed

246 2319 251 2324 ·
313 2310 440 2358 vidis
483 2307 544 2359 in
588 2306 830 2379 margine
880 2306 1124 2361 additum
1155 2324 1170 2361 :
1201 2308 1338 2360 forte

314 2386 546 2458 suppleri
571 2397 742 2457 potest
761 2424 777 2451 ,
804 2406 918 2456 quoe
939 2402 1201 2455 postquam
1230 2389 1336 2438 sin-

311 2468 436 2533 guda
463 2469 664 2524 luserat,-
690 2476 752 2517 ut
775 2464 918 2537 apud
944 2466 1095 2537 Virg.
1125 2462 1249 2517 AEn.
1278 2465 1338 2525 1,

317 2544 438 2607 443,
471 2544 607 2596 «sub
629 2544 824 2614 ingenti
853 2543 985 2596 dum
1009 2544 1200 2598 lustrat
1225 2544 1336 2597 sin-

315 2622 430 2694 gula
457 2623 658 2695 templo
677 2642 736 2686 -3
759 2624 872 2677 sive
897 2634 957 2675 ut
978 2622 1225 2695 exprimit
1240 2622 1334 2675 lib.

315 2703 479 2768 VIII,
498 2704 630 2757 618:
647 2728 670 2750 ι
687 2702 788 2756 Ille
808 2702 930 2755 Dea
951 2700 1104 2755 donis
1123 2715 1174 2756 et
1191 2714 1336 2757 tanto

313 2782 460 2837 latus
475 2782 701 2847 honore,
720 2782 931 2855 Expleri
948 2782 1131 2855 nequit
1142 2820 1159 2847 ,
1179 2795 1338 2855 atque

316 2864 497 2917 oculos
529 2880 628 2934 per
661 2861 869 2935 singula
890 2861 1056 2915 volvit
1077 2887 1122 2915 ι.
1144 2862 1331 2915 Romu.

386 2960 507 3011 1²9·
523 2946 666 2994 Flore
677 2946 820 3013 ligae.
837 2941 1060 2995 Veneris
1075 2980 1092 3007 ‚
1109 2941 1331 3003 amoris,

314 3020 622 3075 deliciarum
637 3022 844 3093 signum
860 3032 912 3075 et
927 3021 1335 3075 instrumentum

313 3099 466 3155 flores
489 3138 507 3165 ,
547 3100 738 3173 quibus
781 3100 916 3155 adeo
959 3099 1144 3154 Martis
1189 3118 1334 3153 arma

311 3178 546 3252 ligantur
593 3199 626 3233 a
673 3179 934 3253 Cupidine
947 3216 964 3243 ‚
1003 3190 1066 3231 ut
1109 3179 1336 3233 Martem

313 3277 454 3313 nunc
479 3276 695 3333 operam
718 3259 887 3312 amori
909 3257 1038 3311 dare
1059 3256 1336 3330 significet.

313 3336 448 3392 Hine
493 3338 638 3393 idem
680 3338 796 3392 fieri
829 3340 982 3411 jussu
1017 3338 1240 3391 Veneris
1277 3339 1335 3392 in

311 3418 522 3491 Nuptiis
548 3417 772 3472 Honor-ii
799 3418 952 3491 fingit
979 3416 1302 3472 Claudianus
1316 3459 1334 3486 ,

317 3512 365 3547 v.
393 3502 524 3563 187:
554 3498 850 3553 «Mavortia
874 3499 1025 3570 signa
1052 3499 1336 3552 rubescunt

315 3572 562 3628 Floribus
574 3612 591 3640 ,
603 3592 654 3627 et
673 3578 855 3633 subitis
873 3579 1176 3633 animantur
1194 3578 1337 3633 fron-

317 3653 474 3707 dibus
497 3652 660 3707 husto
675 3678 698 3700 υ
714 3694 728 3707 .

393 3734 511 3787 130.
543 3736 753 3786 Tantum
778 3735 970 3788 licuisse
993 3740 1204 3807 sagittis.
1233 3736 1339 3793 Ge·

319 3814 525 3867 minum
548 3812 680 3867 huic
705 3824 782 3867 est
799 3854 816 3881 ,
835 3814 983 3886 quod
1008 3829 1190 3873 auctor
1216 3817 1338 3870 Ele·

319 3894 412 3965 gia
437 3892 496 3946 in
519 3893 648 3946 obit.
667 3898 816 3948 Mae.
835 3914 892 3948 v.
913 3896 981 3949 80
1004 3894 1158 3961 dicit,
1181 3898 1339 3950 Amo-

321 3992 428 4025 rem
450 3972 614 4027 armis
631 3974 880 4046 projectis
903 3974 1143 4030 Herculis
1157 4014 1174 4041 ,
1195 3975 1338 4049 apud

320 4050 634 4123 Omphalem
677 4053 933 4107 versantis
957 4094 974 4121 ,
1013 4074 1110 4126 per
1151 4054 1336 4108 ludum

321 4130 539 4202 pedibus
565 4131 856 4186 insultasse.
1013 4138 1016 4143 '

562 4226 704 4293 III.

1498 1270 1615 1324 132.
1636 1276 1751 1323 Jam
1774 1270 1968 1323 tumidis
1987 1274 2201 1326 eandm.
2220 1270 2307 1327 Sic
2324 1292 2448 1327 cor-

1415 1349 1720 1423 rexi,quum
1738 1350 1794 1403 in
1814 1350 2023 1405 schedis
2040 1351 2441 1422 legeram-‚101⁸

1417 1432 1609 1481 mucidis
1629 1432 1844 1481 calidum
1869 1432 2039 1499 spatiis
2064 1434 2330 1486 lffiraverat
2350 1437 2442 1487 ho-

1417 1510 1503 1561 na.
1551 1508 1630 1561 ci.
1674 1494 2087 1583 Oudendorpih.
2128 1509 2441 1580 hariolum,

1417 1592 1630 1657 Jamque
1649 1592 1776 1641 udae
1797 1591 1973 1641 calidis
1993 1591 2160 1658 spatiis
2182 1594 2449 1645 libraverat

1419 1672 1587 1721 horas.
1624 1672 1747 1720 Udce
1778 1672 1914 1721 horae
1947 1669 2115 1723 noctis
2141 1682 2265 1725 sunt
2280 1711 2297 1738 ,
2326 1689 2444 1745 qun

1417 1748 1613 1821 passim
1638 1752 1834 1801 humere
1859 1747 2111 1803 dicunuzr
2134 1767 2149 1803 ε
2188 1751 2443 1824 scriptum

1421 1828 1595 1881 suerat
1618 1830 1843 1880 humidas
1871 1847 1902 1880 e
1925 1830 2096 1899 glossa
2110 1866 2126 1893 ,
2152 1828 2296 1882 unde
2319 1848 2444 1883 ena-

1420 1919 1536 1960 tum
1558 1910 2141 1962 mvnidas.-—Libraverae
2156 1908 2333 1981 posuit
2348 1928 2448 1982 pro

1420 1998 1747 2059 aequaverat,
1787 1986 2061 2041 adherens
2086 1987 2317 2059 Virgilio
2336 2025 2353 2052 ,
2388 1987 2447 2039 in

1421 2066 1618 2139 Georg.
1642 2066 1703 2130 1,
1727 2070 1862 2122 208:
1891 2067 2087 2119 «Libra
2120 2066 2209 2121 die
2242 2067 2446 2121 somni-

1422 2163 1528 2217 que
1574 2164 1727 2217 pares
1774 2145 1867 2198 ubi
1908 2144 2092 2199 fecerit
2137 2146 2296 2199 horas
2315 2184 2332 2211 ,
2376 2148 2447 2199 Et

1423 2224 1660 2279 medium
1688 2224 1797 2278 luci
1824 2236 1981 2297 atque
2005 2225 2208 2279 umbris
2230 2226 2339 2297 jam
2366 2224 2446 2278 di-

1421 2304 1560 2359 vidit
1602 2306 1783 2358 orbem
1804 2331 1847 2357 n.
1888 2304 2068 2358 Bous.
2112 2306 2267 2359 Recte
2310 2304 2446 2357 Bur-

1423 2402 1648 2437 mannus
1666 2403 1873 2439 versum
1895 2384 2168 2438 constituit
2184 2423 2201 2449 ‚
2223 2396 2277 2438 et
2300 2385 2357 2438 in
2383 2402 2446 2437 eo

1423 2462 1560 2516 nihil
1583 2461 1897 2517 mutandum
1918 2474 2011 2515 est.
2034 2462 2156 2516 Non
2180 2462 2315 2516 alius
2334 2466 2446 2537 ejus

1422 2559 1607 2595 sensus
1660 2554 1737 2595 est
1760 2578 1776 2605 ‚
1813 2560 1975 2613 quam
2018 2540 2215 2595 horum
2266 2542 2445 2598 Ovidii

1421 2621 1553 2674 Met.
1575 2622 1653 2674 xl
1670 2660 1687 2687 ‚
1711 2620 1813 2675 353
1838 2638 1853 2673 ε
1894 2646 1920 2666 α
1936 2618 2113 2675 medio
2154 2641 2321 2694 quum
2359 2625 2449 2679 Sol

1423 2700 1707 2755 altissimus
1731 2700 1859 2753 orbe
1875 2700 2112 2753 Tantum
2135 2702 2448 2775 respiceret,

1422 2792 1683 2854 qnantum
1721 2798 1992 2853 superesse
2017 2778 2217 2834 videret
2236 2807 2281 2834 ι.
2309 2783 2448 2837 Nam

1422 2864 1610 2912 matida
1627 2861 1789 2929 spatia
1807 2870 1930 2912 sunt
1950 2858 2055 2912 alta
2078 2860 2310 2914 culmina
2327 2902 2345 2929 ,
2365 2865 2448 2917 vel

1422 2958 1631 2993 summa
1653 2937 1801 3010 regio
1824 2937 1938 2991 coli
1952 2978 1968 3005 ,
1991 2938 2445 3009 quemadmodum

1421 3030 1629 3072 montes
1672 3032 1855 3071 mmm
1892 3030 1946 3071 et
1985 3019 2158 3071 mmidi
2190 3038 2290 3091 pro
2332 3022 2450 3077 altis

1421 3097 1672 3152 dicuntur
1689 3135 1707 3163 ,
1746 3108 1807 3149 ut
1850 3096 2099 3151 Heinsius
2144 3100 2335 3170 probat
2377 3100 2448 3155 sd

1421 3176 1584 3231 Ovid.
1616 3174 1834 3230 Heroid.
1854 3176 1929 3241 V,
1965 3176 2085 3231 138.
2123 3176 2209 3231 Sic
2237 3183 2445 3234 tumidos

1405 3272 1609 3311 ‘montes
1630 3256 1762 3311 dicit
1780 3256 1922 3311 idem
1940 3296 1955 3319 ‚
1973 3257 2090 3309 Am.
2113 3257 2170 3310 II
2188 3297 2206 3324 ,
2232 3262 2297 3314 16
2315 3301 2331 3327 ,
2354 3258 2416 3314 51
2430 3302 2449 3331 ‚

1421 3351 1476 3392 et
1498 3337 1715 3390 Tacitus
1732 3376 1747 3404 ,
1766 3336 1907 3388 Ann-
1932 3336 1989 3387 Π
2008 3376 2024 3403 ,
2048 3338 2113 3390 23
2134 3375 2151 3402 ‚
2171 3360 2195 3384 ι
2214 3338 2449 3395 tumidas

1421 3415 1719 3471 Germanias
1744 3426 1909 3469 terras
1923 3440 1971 3479 ιι,
1999 3415 2036 3469 i.
2060 3434 2107 3470 e.
2134 3416 2377 3473 elatiores
2399 3432 2451 3473 et

1422 3508 1711 3550 montosus.
1723 3494 1955 3549 Avienus
1965 3532 1982 3559 ‚
1996 3496 2182 3549 Deser.
2197 3498 2313 3551 orb.
2331 3516 2449 3571 quae

1425 3588 1675 3650 quartum
1703 3574 1819 3648 huj.
1853 3594 1943 3646 op.
1978 3585 2186 3629 tomum
2213 3578 2412 3649 aperiet
2430 3616 2447 3643 ,

1427 3676 1479 3710 v.
1511 3672 1577 3727 99
1602 3672 1616 3707 z
1644 3654 1783 3707 «Hic
1809 3664 1977 3707 tumet
2002 3652 2145 3706 Atlas
2160 3654 2373 3710 Arduus
2397 3681 2445 3710 »-

1428 3738 1625 3789 Calidas
1665 3733 1883 3787 tumidis
1921 3733 1976 3785 in
2018 3732 2197 3805 spatiis
2235 3734 2447 3801 dicimr,

1425 3816 1549 3887 quis
1577 3814 1666 3870 Sol
1701 3814 1984 3869 altissimus
2014 3813 2245 3867 maxime
2279 3814 2449 3869 ardet.

1426 3896 1493 3949 Et
1504 3898 1765 3949 libraverat
1773 3891 2176 3966 intelligendum
2195 3908 2290 3961 est,
2299 3914 2449 3968 oque

1427 3972 1676 4029 diviserat
1693 3974 1852 4028 horas
1870 3971 1996 4035 diei,
2016 3972 2087 4023 ita
2108 3984 2167 4024 ut
2186 3975 2452 4047 utrimque

1427 4072 1581 4127 pares
1628 4052 1849 4107 totidem
1904 4064 2235 4123 superessent
2258 4094 2275 4119 ,
2320 4070 2451 4127 quot

1431 4145 1667 4207 peractae.
1682 4164 1749 4175 -—-
1763 4130 2229 4197 Quemadmodum
2255 4134 2449 4188 Seneca

2070 4248 2157 4291 22
