2975 4684
673 385 794 456 AD
840 387 1022 455 SAL.
1073 381 1318 454 BASSI
1369 380 1649 453 CARM.
1704 384 1829 451 AD
1880 383 2171 468 PISON,
2340 382 2479 479 273

357 504 576 594 patriae
609 505 923 593 appellate
937 550 954 585 ,
1011 505 1260 592 primus
1309 504 1376 567 in
1427 519 1578 594 toga
1627 503 2031 591 triumphum
2054 549 2074 586 ‚
2112 504 2481 594 linguoeque

359 607 640 672 lauream
687 606 916 669 merite
933 653 952 688 ‚
1001 622 1068 670 et
1098 605 1413 671 facundiae
1453 605 1958 693 Latinarumque
2001 606 2330 671 literarum
2367 630 2483 696 pa-

359 728 514 770 rens
531 739 578 771 n.
615 706 750 770 Etsi
799 705 911 772 bic
956 705 1206 771 Plinius
1255 705 1496 795 linguae
1538 706 1825 770 lauream
1876 706 2059 770 aliter
2105 707 2331 796 accipit
2359 755 2378 790 ‚
2410 731 2485 772 ac

362 807 628 896 quando
663 808 888 872 Cicero
929 808 1222 872 lauream.
1243 806 1480 897 linguae
1512 805 1739 872 cedere
1782 806 2043 887 dixerit,
2086 807 2223 895 ipsa
2268 823 2481 873 tamen

363 909 520 974 haec‘
537 908 731 974 verba
782 909 1171 998 suggessisse
1216 909 1428 973 Plinio
1483 907 1731 972 dictum
1780 907 2155 971 Tullianum
2187 905 2446 972 videtur
2468 958 2486 990 ,

370 1031 506 1098 quo
551 1009 780 1074 laurea
829 1008 1070 1095 linguoe
1107 1009 1523 1100 jungebatur.
1555 1009 1703 1073 Huc
1744 1007 1936 1072 etiam
1967 1009 2178 1072 refero
2212 1008 2489 1074 Saleium

368 1113 637 1175 Bassum
685 1107 752 1174 in
792 1133 982 1175 versu
1012 1111 1135 1175 isto
1162 1133 1178 1175 ι
1205 1111 1456 1176 Laurea
1467 1107 1788 1198 facundis
1834 1123 2143 1174 cesserunt
2178 1133 2365 1173 arma
2395 1125 2491 1174 to·

364 1214 562 1300 gatis.
617 1211 816 1295 Quod
856 1212 1030 1277 enim
1055 1211 1389 1301 facundos
1424 1229 1507 1278 et‘
1532 1223 1783 1300 togatos
1828 1211 2202 1300 conjungit,
2235 1209 2492 1276 videtur

371 1313 566 1378 etiam
598 1312 667 1377 in
705 1313 1033 1378 Ciceronis
1064 1335 1288 1396 versu,
1324 1313 1406 1379 ad
1439 1336 1637 1402 quem
1670 1311 1896 1378 alludit
1915 1361 1932 1394 ,
1970 1313 2257 1400 linguam
2292 1329 2359 1378 et
2391 1326 2491 1378 to·

366 1433 530 1502 gam
557 1413 958 1480 nominatam
984 1417 1304 1504 accepisse
1322 1465 1338 1497 ,
1364 1432 1431 1480 et
1455 1415 1726 1480 fortasse
1751 1417 1843 1480 sic
1869 1414 2363 1504 distinguendus
2390 1415 2495 1480 hic

371 1533 594 1580 versus
625 1527 845 1598 est,ut
873 1516 1203 1582 Ciceronis
1231 1510 1324 1582 illi
1344 1566 1362 1598 ,
1397 1540 1434 1582 e
1462 1539 1597 1606 quo
1624 1516 1907 1582 manavit
1924 1565 1944 1598 ,
1975 1516 2246 1582 similior
2270 1515 2381 1581 fiat
2398 1533 2498 1598 ,et
2603 1553 2611 1562 ·

371 1616 598 1682 laur-ea
630 1639 816 1681 arma
864 1639 1000 1681 non
1036 1618 1334 1708 legantur
1364 1619 1710 1701 conjuncta
1731 1666 1751 1700 ‚
1784 1617 1899 1684 sed
1934 1617 2158 1683 laurea
2178 1615 2498 1705 facundie

374 1721 618 1782 cessisse
651 1717 934 1799 dicatur,
970 1733 1036 1780 et
1078 1739 1264 1782 arma
1309 1721 1560 1806 togatis.
1606 1721 1925 1783 Caeterum
1972 1719 2148 1783 subit
2182 1719 2453 1782 ‘miratio
2477 1766 2495 1798 ,

375 1818 658 1884 Saleium
684 1818 1012 1882 Ciceronis
1039 1841 1301 1884 versum
1339 1836 1405 1885 et
1430 1822 1814 1888 sententiam
1841 1821 1908 1884 in
1948 1821 2230 1892 carmine
2264 1820 2348 1884 ad
2383 1819 2495 1883 Pi·

378 1941 603 1985 sonem
635 1917 895 1983 laudare
915 1967 934 1996 ‚
965 1921 1150 2001 cujus
1177 1921 1246 1984 in
1275 1921 1627 2002 majoribus
1650 1921 1721 1986 L.
1752 1921 2139 2009 Calpurnius
2157 1921 2307 1986 Piso
2326 1969 2345 2003 ‚
2378 1921 2500 1984 ini-

379 2017 600 2087 micus'
614 2021 944 2086 Ciceronis
963 2069 982 2103 ‚
1007 2043 1150 2086 eam
1183 2037 1248 2087 et
1275 2022 1506 2087 acerbe
1533 2021 2036 2111 reprehenderat
2053 2068 2073 2102 ‚
2090 2037 2167 2095 ,et
2200 2037 2499 2111 propter-

381 2146 455 2187 αι
497 2123 805 2187 acerrime
835 2123 1177 2212 castigatus
1209 2146 1245 2187 a
1271 2125 1588 2188 Cicerone
1617 2139 1769 2188 erat.
1814 2125 2246 2206 Quantumvis
2283 2140 2497 2187 autem

381 2224 592 2288 derisa
639 2240 707 2288 et
743 2225 1118 2313 impugnata
1158 2226 1474 2289 sententia
1522 2224 1851 2288 Ciceronis
1905 2225 1986 2288 ab
2037 2223 2173 2304 ejus
2224 2222 2501 2288 inimicis

383 2326 612 2408 fuerit,
649 2326 881 2391 veritas
915 2341 1132 2390 tamen
1164 2326 1299 2408 ejus
1319 2375 1336 2408 ‚
1369 2341 1445 2390 ut
1489 2323 1570 2390 ab
1604 2326 1745 2415 ipso
1796 2325 2110 2390 declarata
2150 2325 2385 2413 passim
2432 2323 2500 2387 in

380 2427 562 2491 libris
585 2425 721 2506 ejus
755 2441 924 2508 erat,
950 2425 1123 2514 apud
1156 2442 1448 2514 posteros
1481 2427 1697 2516 agnita
1718 2425 2035 2508 obtinuit,
2059 2427 2173 2514 qui
2202 2424 2467 2515 gloriam
2484 2473 2502 2505 ,

383 2550 580 2616 quam
607 2528 732 2592 sibi
762 2527 991 2593 Cicero
1024 2550 1061 2592 e
1093 2529 1436 2592 consulatu
1470 2549 1592 2592 suo
1620 2544 1687 2592 et
1720 2550 2023 2615 oppressa
2068 2527 2346 2592 factione
2380 2527 2504 2589 Ca-

385 2630 579 2694 tilinae
601 2629 966 2694 vindicabat
983 2676 1002 2711 ‚
1031 2631 1308 2719 graviter
1335 2630 1458 2718 ipsi
1487 2629 1794 2694 adserunt
1818 2646 1885 2692 et
1910 2630 2213 2694 fatentur.
2237 2628 2403 2692 Nam
2431 2643 2507 2691 ut

383 2731 490 2795 ille
527 2731 610 2796 ad
651 2729 860 2796 filium
896 2730 1160 2812 scribit,
1203 2731 1284 2796 de
1317 2731 1506 2796 Offic.
1538 2731 1605 2814 1,
1660 2753 1739 2796 22
1769 2753 1784 2794 ε
1814 2761 1841 2786 σι
1865 2730 2072 2796 Nobis
2120 2752 2257 2794 rem
2288 2729 2505 2818 publi-

386 2851 523 2896 cam
554 2832 1067 2922 gubernantibus
1091 2880 1110 2914 ‚
1139 2855 1361 2897 nonne
1389 2849 1555 2920 togae
1584 2855 1759 2896 arma
1781 2832 2073 2896 cessere?
2101 2853 2310 2918 neque
2332 2828 2507 2894 enim

387 2933 748 3026 periculum
791 2935 859 2996 in
901 2955 972 2997 re
1011 2933 1266 3022 publica
1305 2934 1425 2996 fuit
1471 2935 1725 3022 gravius
1771 2953 2065 3020 unquam
2090 2979 2109 3013 ‚
2152 2953 2271 2995 nec
2301 2932 2509 3011 majus

389 3037 618 3102 otium.
654 3037 754 3100 Ita
787 3033 1072 3101 consiliis
1107 3033 1568 3123 diligentiaque
1598 3050 1820 3098 nostra
1855 3033 2147 3097 celeriter
2186 3031 2267 3096 de
2302 3031 2509 3095 mani·

387 3135 514 3200 bus
545 3135 1123 3201 audacissimorum
1157 3131 1394 3198 civium
1440 3132 1698 3224 delapsa
1735 3157 1910 3198 arma
1944 3136 2081 3223 ipsa
2118 3131 2507 3198 ceciderunt.

391 3239 553 3322 Quae
586 3259 687 3302 res
711 3237 908 3326 igitur
937 3241 1112 3326 gesta
1140 3257 1434 3323 unquam
1468 3233 1535 3299 in
1560 3237 1731 3301 bello
1755 3233 1974 3300 tanta?
1999 3237 2113 3324 qui
2142 3235 2516 3324 triumphus

391 3337 871 3404 conferendus?
897 3370 922 3395 ι»
958 3339 1159 3420 Ecce,
1204 3337 1404 3425 quam'
1435 3335 1707 3402 mndide
1736 3336 1875 3400 haec
1911 3335 2151 3401 fatetur
2182 3352 2247 3401 et
2278 3335 2513 3424 repetit

391 3439 726 3520 Luoenus,
758 3439 870 3503 lib.
900 3439 1024 3503 Vll
1046 3488 1063 3521 ‚
1105 3435 1188 3503 62
1224 3459 1356 3527 seq.
1433 3509 1436 3512 ,

683 3597 1047 3614 ...........
1051 3555 1283 3614 ¹Romani
1309 3560 1565 3613 maximus
1592 3533 1777 3612 auctor

675 3645 878 3698 Tullius
904 3644 1130 3717 eloquii3
1157 3645 1307 3716 cujus
1333 3645 1432 3698 sub
1452 3647 1574 3716 jure
1599 3656 1827 3715 togaque
1846 3679 1861 3706 ‚
1890 3711 1895 3718 Ι

679 3726 926 3781 Pacificas
950 3745 1115 3780 soevus
1140 3726 1353 3781 tremuit
1372 3725 1600 3780 Catilina
1621 3745 1846 3780 secures.

397 3859 646 3924 Eodem
678 3861 1026 3949 respiciens
1057 3861 1247 3926 Silius
1275 3861 1416 3925 Ital.
1444 3862 1557 3925 lib.
1576 3861 1763 3940 VIII,
1794 3862 1921 3935 410
1944 3905 1963 3939 ,
1992 3855 2076 3921 de
2100 3857 2444 3920 Cicerone:

682 3979 924 4053 Implebit
945 3993 1110 4053 terras
1131 3999 1262 4034 voce
1275 4021 1289 4046 ,
1310 3993 1362 4033 et
1382 3981 1593 4034 furialia
1620 3979 1759 4034 bella

679 4065 921 4119 Fulmine
947 4075 1244 4136 compescet
1268 4063 1463 4136 lingua
1477 4103 1498 4135 ,
1524 4083 1623 4118 nec
1650 4061 1841 4117 deinde
1863 4061 2122 4133 relinquet

684 4149 783 4202 Par
812 4146 977 4204 decus
1001 4149 1218 4222 eloquio
1241 4149 1486 4221 cuiquam
1513 4163 1718 4220 sperare
1750 4155 2018 4219 nepotum.

647 4241 788 4307 III.
2160 4234 2238 4303 18
