2975 4684
482 322 619 395 362

1048 328 1547 401 EPISTOLA
1609 332 2044 401 DIDONIS

566 452 750 517 Dum
783 464 1032 519 sortem
1067 465 1307 521 natura
1343 454 1557 547 rapit,
1592 477 1732 523 sua
1762 452 1983 525 toedia
2018 452 2213 525 solus

566 557 850 629 Fallere
885 566 1115 630 nescit.
1135 586 1392 632 amor.-
1423 578 1804 658 reparatum
1842 564 2132 659 Cynthia
2170 564 2417 635 format

568 670 768 740 Lucis
809 670 1066 741 honore
1099 672 1322 766 jubar,
1353 674 1649 744 curvatis
1684 675 2003 745 cornibus
2034 699 2263 762 arcus,

565 781 770 870 Quod
815 781 898 850 de
935 781 1140 853 fratre
1177 784 1418 871 rubet3
1455 808 1758 855 cessurus
1794 784 1941 881 lege
1976 788 2193 855 sorori
2558 816 2611 859 40

563 893 922 963 Consumit
955 918 1072 963 sua
1103 895 1258 988 jura
1295 896 1477 967 dies:
1518 897 1613 965 sic
1650 898 1955 967 continet
1990 898 2261 983 orbem,

563 1007 745 1074 Dum
782 1004 1020 1099 recipit
1055 1020 1294 1076 natura
1325 1006 1575 1077 vicem:
1604 1032 1743 1078 sua
1769 1006 1991 1080 coedia
2016 1006 2212 1079 solus

561 1114 845 1186 Fallere
883 1123 1110 1187 nescit
1139 1142 1386 1188 amor:
1425 1142 1719 1187 mersum
1756 1116 2160 1213 pallentibus
2197 1118 2459 1187 umbris

562 1226 952 1297 Circumdat
993 1252 1128 1297 nox
1167 1242 1312 1297 atra
1344 1228 1555 1313 diem,
1598 1228 1979 1323 fruiturque
2022 1227 2315 1297 tenebris

559 1340 740 1431 Lege
779 1336 954 1431 poli,
987 1352 1452 1433 peraguntque
1483 1338 1799 1408 micantia
1832 1338 2049 1409 sidera
2083 1346 2337 1408 cursus.
2554 1364 2605 1409 4⁵

537 1539 620 1609 37.
645 1543 774 1591 Dum
799 1553 974 1590 sortem
999 1552 1181 1589 natura
1207 1540 1362 1607 rapit,
1391 1556 1483 1590 ex·

461 1616 604 1691 plico
617 1656 634 1681 ,
654 1616 784 1671 dum
812 1617 868 1671 in
895 1630 1086 1673 nature
1110 1636 1291 1671 rerum
1317 1618 1486 1672 conti-

461 1697 558 1751 nui
595 1714 748 1752 cesue
793 1709 952 1771 atque
981 1698 1124 1751 vices
1165 1716 1343 1753 rerum
1373 1700 1485 1753 vol-

463 1782 848 1831 vanum—Sua
867 1780 1018 1831 toedia
1039 1782 1195 1839 solus,
1212 1778 1271 1831 h.
1303 1796 1350 1831 e.
1385 1778 1486 1831 soli

459 1868 698 1911 amantes
725 1858 957 1911 relevare
983 1856 1225 1918 taedium,
1253 1876 1362 1929 quo
1393 1876 1483 1911 ca·

460 1934 712 2009 piuntur,
745 1948 1032 2009 neq-neunt.
1085 1936 1286 1990 Crebra
1327 1937 1488 2009 hujus

459 2016 730 2074 sententiae
767 2016 1005 2088 repetitio
1050 2017 1106 2069 in
1149 2018 1490 2089 sequentibus

461 2096 618 2151 valde
641 2096 830 2169 frigida
851 2136 866 2161 ,
887 2109 940 2150 et
959 2116 1146 2169 parum
1169 2098 1485 2151 conveniens

457 2189 657 2230 naturae
681 2191 736 2231 et
759 2177 976 2231 affectui
999 2175 1226 2232 Didonis
1247 2189 1342 2231 est.

529 2256 616 2311 38.
661 2263 954 2327 Reparatum
1005 2261 1212 2323 Cynthia
1247 2260 1474 2327 format,

459 2348 562 2391 etc.
601 2336 688 2391 sic
721 2338 935 2391 Divion.
961 2336 1167 2391 Vitiose
1197 2341 1398 2405 Quintia
1423 2338 1479 2391 in

456 2416 620 2471 Salm.
650 2415 745 2471 sed
771 2435 802 2469 a
829 2436 992 2471 manu
1014 2417 1310 2471 recentiore
1349 2422 1479 2483 &a-

455 2498 586 2556 εΙιία,
607 2507 668 2549 ut
695 2496 753 2548 in
777 2496 1018 2569 margine
1040 2496 1158 2549 eod.
1183 2496 1334 2552 Leid.
1358 2498 1482 2551 Imi-

454 2585 597 2629 tatur
638 2576 825 2629 Horat.
867 2575 958 2629 lib.
1001 2576 1103 2639 IV,
1139 2575 1230 2630 od.
1279 2596 1327 2647 7,
1380 2579 1476 2630 13:

454 2682 480 2703 α
503 2656 711 2709 Damna
757 2669 936 2711 tamen
981 2656 1178 2711 celeres
1229 2670 1479 2729 reparant

453 2735 678 2790 caelestia
699 2737 886 2790 lunae».
911 2738 1202 2791 Bunnm.
1223 2737 1293 2789 Et
1319 2736 1476 2793 Ovid.

454 2814 580 2869 Met.
607 2817 636 2869 Ι
653 2854 671 2881 ,
705 2834 762 2870 11
789 2834 802 2869 τ
826 2816 976 2871 «Nec
1011 2834 1149 2871 nove
1191 2817 1477 2871 crescendo

453 2896 735 2967 reparabat
759 2915 960 2951 cornua
989 2896 1181 2949 Phoebe
1196 2922 1240 2949 ιο.

525 2976 609 3044 39.
641 2979 853 3029 amau}
879 2979 1102 3028 cornibus
1131 2996 1303 3037 arcus,
1344 2974 1398 3027 h.
1431 2996 1476 3031 e.

454 3056 702 3110 cornibus
742 3076 809 3111 ex
844 3076 972 3111 arcu
999 3057 1084 3110 vel
1120 3056 1308 3109 falcata
1345 3056 1480 3110 faeie

454 3134 646 3187 sensim
671 3136 726 3188 in
752 3137 936 3189 orbem
959 3136 1292 3189 coeuntibus.
1319 3134 1475 3189 simi·

447 3212 570 3266 liter
593 3215 788 3269 Seneca
815 3216 872 3268 in
900 3215 1040 3270 Med.
1063 3234 1114 3269 v.
1137 3233 1230 3285 97:
1251 3214 1468 3281 «Quum

447 3292 644 3348 Phoebe
657 3293 888 3348 solidum
905 3294 1108 3349 lumine
1125 3313 1236 3347 non
1257 3313 1354 3347 suo
1371 3294 1471 3347 Or-

447 3371 570 3425 bem
596 3372 826 3426 circuitis
851 3374 1102 3427 cornibus
1124 3372 1301 3445 alligat
1318 3400 1361 3425 a.

520 3458 604 3516 4⁰·
626 3456 774 3519 Quod
789 3456 853 3503 de
853 3454 1024 3521 fratre
1043 3455 1210 3503 rubet:
1229 3472 1468 3506 cessurus.

443 3529 529 3585 Sic
577 3543 719 3583 recte
759 3529 980 3583 Salmas.
1029 3540 1082 3583 et
1125 3529 1278 3585 Leid.
1329 3531 1467 3585 male

441 3610 582 3663 enim
609 3610 914 3664 Divionens.
936 3614 1102 3680 jubet,
1129 3614 1368 3683 cessuris:-
1387 3610 1465 3663 in-

443 3689 560 3743 nuit
595 3690 738 3743 euim
773 3690 955 3743 lunam
995 3708 1026 3743 a
1060 3688 1170 3742 sole
1207 3689 1466 3761 fulgorem

443 3770 676 3823 mutuari
695 3808 710 3833 ,
745 3769 890 3843 quod
935 3768 1080 3842 apud
1127 3780 1308 3840 poetas
1355 3768 1464 3822 fre-

443 3868 626 3920 quens.
643 3848 823 3903 Bunx.
839 3848 1046 3921 Higtius
1069 3849 1278 3921 legebat
1306 3855 1462 3919 Quum

443 3930 682 3996 defrave
703 3932 856 3981 rubet.

515 4013 598 4068 41.
631 4010 878 4060 Consumit
898 4028 988 4058 sna
1001 4012 1127 4075 jura
1153 4010 1255 4058 dies
1269 4046 1284 4067 ,
1319 4006 1373 4059 h.
1417 4028 1462 4059 e.

444 4086 530 4140 sol
546 4087 748 4157 justum
772 4085 874 4139 diei
895 4104 1108 4139 cursum
1129 4086 1351 4139 conficit.

1645 1534 1729 1598 43.
1745 1542 1959 1589 Mersum
1966 1541 2263 1606 pallentibus
2276 1542 2459 1591 umbris
2470 1580 2487 1602 ,
2502 1541 2540 1593 i.
2556 1561 2601 1595 e.

1574 1617 1916 1672 occidentem.
1947 1620 2189 1673 Verbum
2226 1625 2387 1691 mergi
2415 1621 2485 1677 de
2516 1642 2603 1677 oc·-

1574 1694 1784 1750 cidente
1804 1698 1913 1751 sole
1932 1697 2237 1771 frequenter
2254 1702 2507 1773 usurpari
2524 1721 2607 1755 os·

1574 1774 1842 1830 tendimus
1880 1775 1949 1831 ad
1984 1778 2141 1831 Saleii
2180 1778 2325 1833 Bassi
2360 1800 2599 1847 carmen,

1575 1875 1629 1909 v.
1666 1874 1786 1928 197.

1648 1942 1733 2001 44.
1756 1940 2036 1990 circumdat
2058 1957 2165 1990 nox
2190 1953 2330 2001 atra,
2358 1939 2467 1993 hoc
2492 1953 2599 2007 ent,

1576 2014 1775 2069 claudit
1812 2028 1866 2069 et
1900 2016 2236 2083 subsequitur
2262 2020 2410 2071 diem.
2444 2018 2601 2073 Hisce

1574 2094 1811 2147 versibus
1832 2095 2005 2149 locum
2023 2094 2173 2149 illum
2194 2096 2404 2169 Virgilii
2426 2117 2601 2171 respe-

1572 2173 1655 2227 xit
1680 2178 1801 2227 AEn.
1828 2175 1931 2238 IV,
1961 2174 2061 2229 522
2090 2194 2235 2248 seqq.
2272 2177 2430 2231 «Nox
2454 2191 2597 2241 erat,

1572 2264 1624 2305 et
1658 2252 1933 2325 placidum
1960 2256 2245 2327 carpebant
2269 2256 2406 2309 sensa
2436 2277 2599 2330 topo-

1568 2350 1684 2385 rem
1718 2332 1957 2404 Corpora
1993 2352 2091 2404 per
2122 2344 2287 2389 terras
2305 2374 2321 2399 ,
2347 2336 2599 2408 silvaque

1570 2422 1623 2463 et
1660 2429 1798 2465 θωνα
1842 2412 2088 2485 quierant
2128 2418 2401 2486 AEquora;
2428 2434 2595 2487 quum

1569 2489 1748 2544 medio
1762 2491 2048 2545 volvuntur
2064 2492 2233 2547 sidere
2254 2493 2409 2566 lapsu
2422 2532 2438 2557 ,
2457 2508 2556 2549 etc.
2572 2522 2596 2541 ι-

1568 2574 1923 2639 —Fna'mrque
1944 2574 2169 2625 tenebris.
2192 2572 2351 2627 Salm.
2372 2585 2425 2627 et
2449 2574 2595 2629 Leid.

1568 2654 1792 2703 tenebras
1830 2663 1976 2704 recte
1997 2691 2014 2720 ,
2054 2672 2125 2705 ne
2162 2667 2485 2708 concurrant
2518 2665 2597 2708 tot

1566 2728 1821 2796 ablativi,
1867 2741 1921 2783 et
1976 2728 2088 2786 duo
2140 2750 2327 2786 versus
2382 2734 2593 2805 ingrato

1565 2809 1819 2883 rhythmo
1832 2813 2011 2862 umbris
2022 2823 2073 2864 et
2086 2816 2293 2865 tenebris
2308 2812 2562 2867 finiantur
2576 2832 2589 2865 ε

1568 2888 1644 2942 sic
1654 2890 1772 2959 frui
1789 2892 2043 2958 ingenium
2063 2890 2281 2945 Terent.
2304 2892 2494 2947 Heaut.
2517 2894 2592 2957 11,
2696 2936 2713 2943 -

1570 2976 1629 3036 4,
1654 2988 1715 3022 21
1736 2988 1751 3033 ;
1772 2969 1862 3021 ubi
1884 2968 1988 3023 vid.
2014 2970 2197 3023 Faem.
2238 2997 2259 3017 ι
2280 2970 2403 3025 data
2426 2974 2594 3044 possi·

1567 3050 1694 3103 dere
1708 3060 1759 3101 et
1774 3048 1879 3101 frui
1894 3075 1918 3093 n
1936 3048 2144 3103 Phaedr.
2166 3049 2257 3103 lib.
2278 3051 2381 3116 IV,
2400 3052 2509 3105 fab.
2528 3059 2559 3116 4
2574 3090 2589 3116 ,

1572 3148 1636 3183 10
1655 3169 1670 3196 ,
1690 3128 1781 3181 ubi
1796 3127 1900 3183 vid.
1921 3128 2227 3183 Schefferus
2242 3170 2257 3196 ,
2276 3142 2379 3185 etc.
2403 3132 2587 3187 Bunn.

1564 3207 1671 3263 Sed
1710 3226 2100 3281 quemcumque
2143 3228 2329 3263 casum
2368 3209 2459 3262 hic
2498 3230 2591 3283 po-

1560 3307 1656 3343 nes
1674 3328 1691 3355 ,
1717 3300 1969 3359 quartum
2010 3299 2102 3341 aut
2141 3302 2345 3343 sextum
2364 3329 2381 3355 ,
2412 3291 2589 3361 inepta

1558 3366 1769 3440 phrasis
1794 3378 1873 3421 est
1894 3388 2001 3421 nox
2022 3370 2336 3437 aer-astuitia·
2359 3372 2585 3423 tenebris.

1558 3447 1732 3521 Igitur
1756 3446 1939 3501 malim
1964 3448 2135 3521 legere
2147 3449 2425 3517 funditque
2452 3462 2588 3501 eene·

1556 3531 1671 3579 bras
1687 3565 1702 3587 ,
1721 3526 1803 3581 vel
1826 3529 1920 3579 ruit
1940 3542 2091 3595 atque
2108 3530 2339 3579 tenebris.

1627 3608 1713 3673 45.
1754 3613 2097 3675 Pet-aguntque
2137 3610 2370 3661 micantia
2420 3610 2586 3659 sidera

1556 3708 1741 3740 cursus.
1766 3686 1845 3738 Ita
1868 3685 2067 3758 optime
2092 3686 2149 3739 in
2176 3686 2338 3740 Salm.
2362 3698 2415 3739 et
2436 3684 2587 3739 Leid.

1556 3765 1673 3821 cod.
1686 3784 1959 3839 perperam
1981 3767 2037 3819 in
2050 3766 2356 3821 Divionens.
2376 3764 2586 3820 schedis

1554 3868 1583 3901 a
1616 3866 1781 3900 manu
1813 3864 1915 3899 sec.
1948 3850 2184 3899 cadentia
2210 3848 2379 3897 sidera
2394 3885 2409 3909 ,
2439 3844 2585 3918 quod

1556 3928 1892 3997 desumptum
1912 3944 1975 3979 ex
1990 3926 2137 3997 Vir-g.
2158 3928 2281 3979 AEn.
2302 3926 2405 3987 lv,
2423 3927 2484 3978 81
2498 3963 2515 3987 ‚
2534 3936 2583 3979 et

1560 4008 1609 4059 11
1631 4044 1644 4069 ,
1672 4026 1703 4075 9
1720 4042 1737 4069 ‚
1756 4032 1781 4050 «
1799 4004 2129 4077 suadentque
2146 4004 2389 4059 cadentia
2410 4004 2583 4057 sidera

1562 4103 1774 4139 somnos
1796 4106 1855 4149 »;
1887 4088 2035 4155 cujus
2071 4104 2253 4138 versus
2300 4102 2582 4138 numerum
