2975 4684
716 395 1174 464 EPITOME
1231 394 1658 463 ILIADOS
1721 397 2151 468 HOMERI.

2363 399 2494 487 541

460 521 677 613 Seque
715 517 930 614 gradu
963 515 1163 586 celeri
1202 517 1471 610 recipit,
1507 513 1835 612 longeque
1875 519 2269 591 frementem

456 633 735 698 Hastam
767 627 1008 696 deinde
1037 627 1240 721 jacit,
1275 651 1476 721 quam
1514 625 1833 696 devitavit
1861 630 2161 719 Atrides,
2420 669 2501 708 290

463 741 682 833 Inque
727 739 959 807 vicem!
989 738 1194 806 misso
1230 736 1493 807 fixisset·
1516 752 1789 831 pectora
1820 737 1953 809 telo

460 850 802 920 Praedonis
843 849 1155 944 Phrygii,
1195 849 1324 916 nisi
1360 863 1624 918 vastum
1668 849 1881 919 ferrea
1918 877 2165 947 corpus

461 962 762 1030 Texisset
801 959 1008 1030 lorica
1047 960 1169 1028 viri
1213 959 1641 1054 septemplice
1684 975 1891 1056 tergo,

465 1074 854 1167 Insequitur
883 1071 1081 1165 juxta
1121 1070 1416 1160 clamor,
1454 1086 1598 1140 tuni
1632 1071 1948 1141 adversus
1984 1086 2266 1167 uterque

463 1182 817 1270 Constitit,
867 1197 936 1251 et
971 1181 1160 1277 galea
1198 1181 1454 1276 galeam
1490 1183 1679 1271 terit,
1714 1196 1782 1252 et
1819 1183 1987 1277 pede
2030 1181 2332 1279 plantam
2431 1209 2509 1263 29⁵

366 1381 513 1437 Illud
549 1397 598 1435 te
642 1387 804 1452 rapuit
850 1403 1016 1454 regem
1063 1405 1176 1438 non
1217 1385 1389 1459 capio.

365 1465 432 1516 In
468 1463 700 1516 Homero
742 1474 957 1517 auctore
991 1476 1100 1531 est,
1139 1465 1393 1518 victorem

365 1543 550 1596 omnia
576 1543 905 1598 habiturum.
930 1545 1128 1616 Legam
1168 1563 1282 1612 quae
1317 1564 1396 1595 me

367 1628 496 1674 Mox
531 1629 692 1693 rapiet
725 1643 891 1693 regem
911 1663 928 1685 ,
971 1642 1092 1696 quae
1133 1625 1278 1677 ultro
1309 1643 1396 1677 me

366 1703 538 1776 rapiet
581 1705 638 1756 in
679 1703 986 1775 complexus
1026 1722 1187 1768 suos,
1235 1716 1294 1756 ut
1337 1713 1395 1756 tu

367 1800 485 1835 eam
527 1784 767 1856 rapuisti.
813 1783 1024 1836 Tamen
1063 1785 1243 1838 verius
1288 1795 1364 1836 est
1381 1823 1398 1850 ,

367 1861 513 1914 aliud
568 1862 699 1934 quid
744 1867 912 1916 latere
934 1900 950 1926 ,
1007 1880 1105 1916 nec
1161 1863 1397 1919 Homero

366 1943 548 1996 stricte
569 1943 802 1996 adheret
821 1961 1028 2015 semper
1048 1942 1138 1996 hic
1158 1945 1400 2016 scriptor,

365 2041 467 2075 nec
493 2022 549 2074 in
574 2042 638 2076 eo
662 2022 956 2095 quidquam
995 2023 1134 2086 tale;
1178 2022 1270 2077 sed
1308 2025 1396 2076 Jo-

365 2119 484 2155 vem
524 2101 706 2174 ipsum
747 2121 983 2175 pugnam
1022 2121 1114 2158 seu
1160 2103 1398 2159 duellum

367 2181 542 2235 iniens
567 2181 876 2254 adloquitur
891 2183 1180 2237 Menelaus.
1196 2183 1398 2237 But-m.

370 2259 590 2314 Advers.
611 2262 771 2330 le,
797 2281 842 2317 1.
888 2263 954 2316 Et
997 2281 1097 2334 ego
1136 2281 1361 2317 acumen
1381 2305 1398 2330 ,

368 2339 516 2412 quod
539 2339 624 2394 his
649 2342 826 2396 verbis
861 2343 1029 2395 inesse
1061 2342 1218 2396 debet
1236 2383 1252 2410 ,
1289 2362 1400 2397 non

369 2421 610 2496 intelligo
635 2439 650 2474 ε
697 2439 797 2474 nec
847 2421 1050 2475 Barthii
1095 2425 1398 2497 conjectura

369 2503 494 2557 satis
523 2503 712 2572 placet.
749 2501 997 2556 Fortasse
1033 2501 1222 2556 melius
1242 2543 1258 2571 ,
1287 2523 1401 2573 quoe

369 2603 448 2636 me
465 2583 600 2634 'Mox
625 2583 788 2652 capiet
811 2601 989 2652 regem

446 2662 566 2731 289.
623 2667 924 2714 Rementem
992 2665 1188 2714 hastam
1209 2700 1226 2722 ,
1281 2681 1399 2734 quo

369 2741 556 2796 emissa
598 2760 789 2797 sonum
837 2741 960 2808 dat,
998 2760 1121 2794 aera
1165 2741 1402 2794 diverbe-

371 2841 512 2876 rans.
536 2821 789 2895 Virgilius
815 2825 1098 2875 stridentem
1117 2820 1294 2875 dicere
1317 2839 1403 2875 so-

371 2901 472 2969 let,
491 2914 546 2955 ut
569 2907 694 2957 AEn.
715 2902 824 2965 lx,
848 2902 952 2968 418
972 2921 988 2969 ;
1011 2901 1087 2968 X,
1121 2900 1222 2967 645
1244 2939 1260 2964 ,
1283 2905 1400 2971 776.

371 2982 565 3036 Nescio
589 2994 764 3035 tamen
795 3001 862 3034 an
885 2983 974 3035 hic
993 2981 1176 3054 potius
1197 2995 1404 3033 tremen-

371 3075 462 3113 tem
482 3060 764 3135 legendnm
787 3061 856 3114 sit
870 3101 885 3126 ,
919 3059 1066 3132 quod
1088 3059 1230 3112 idem
1253 3079 1404 3113 usur-

371 3141 546 3214 pavit,
568 3142 693 3194 AEn.
716 3140 823 3192 x11
839 3181 854 3204 ,
879 3146 962 3209 94.

445 3241 566 3291 ²90·
591 3229 904 3292 Quamquam
927 3224 1108 3274 devitat
1145 3227 1207 3273 A.
1236 3221 1294 3272 L.
1315 3220 1406 3274 Se-

371 3301 609 3355 cundum
647 3301 968 3365 Homerum,
1009 3301 1074 3352 11.
1110 3300 1228 3364 111,
1269 3299 1403 3360 360,

369 3381 520 3435 Paris
546 3379 745 3434 Atridae
761 3381 983 3434 hastam
1005 3417 1020 3443 ,
1058 3399 1166 3433 non
1191 3376 1404 3432 Atrides

372 3460 576 3514 Paridis
595 3499 610 3524 ,
633 3459 942 3516 declinavit.
972 3461 1040 3512 Et
1063 3462 1221 3533 plura
1243 3459 1404 3532 hujus

371 3559 564 3614 pugno
591 3539 800 3594 diverse
827 3550 1006 3593 narrat
1032 3541 1238 3593 Noster.

447 3637 568 3688 291.
591 3623 810 3672 fixisset
825 3639 1032 3689 corpora
1033 3621 1182 3688 fem
1201 3619 1270 3672 G.
1298 3639 1346 3672 2.

447 3718 569 3768 ²9²·
604 3702 854 3752 hadonis
883 3701 1096 3768 Phrygii.
1134 3701 1404 3772 Frequens

374 3778 638 3850 praedonis
655 3779 954 3835 convicium
983 3780 1038 3833 in
1063 3779 1330 3833 adulteros
1352 3790 1405 3832 et

372 3870 611 3929 raptores
658 3859 982 3931 puellarum,
1030 3859 1296 3932 sigillatim
1349 3857 1403 3910 in

373 3935 622 3990 Paridem
639 3979 655 4005 ,
681 3951 901 4009 propter
925 3951 1136 4012 raptum
1161 3937 1372 3990 Helenoe
1388 3977 1404 4002 ,

375 4028 436 4069 ut
471 4016 619 4089 apud
644 4017 770 4072 Stat.
800 4017 992 4070 Achiu.
1013 4018 1040 4069 1
1063 4055 1079 4080 ‚
1120 4015 1212 4080 45,
1260 4027 1312 4069 et
1349 4017 1406 4069 in

378 4099 601 4149 AEneam
617 4134 633 4161 ,
669 4109 884 4169 propter
921 4097 1198 4150 Laviniam
1216 4134 1230 4159 ,
1265 4094 1409 4168 apud

381 4172 532 4246 virg.
553 4175 760 4230 AEneid.
782 4177 886 4230 vll
902 4212 920 4241 ,
942 4175 1040 4230 362
1068 4195 1082 4227 τ
1123 4202 1150 4222 «
1174 4173 1410 4230 Perfidus

1479 1387 1583 1438 alta
1612 1395 1827 1457 petens,
1856 1383 2085 1440 abducta
2115 1386 2355 1458 virgine,
2382 1405 2513 1459 pru-

1477 1463 1597 1518 do»
1613 1477 1703 1530 ;et
1730 1467 2509 1538 AEn.x1‚484,ubi-Phry-

1479 1545 1595 1617 gius
1612 1543 1829 1618 praedo·
1806 1544 2015 1598 »audie
2036 1544 2191 1600 Pluto
2208 1547 2279 1598 ob
2298 1557 2512 1630 raptum

1480 1625 1812 1696 Proserpina
1840 1625 1913 1678 sic
1946 1625 2142 1678 dicitur
2166 1625 2313 1699 apud
2341 1603 2511 1682 Ovid.

1480 1705 1609 1758 Met.
1614 1706 1686 1771 V,
1698 1705 1817 1769 5213
1803 1705 1963 1760 ·Fast.
1976 1705 2079 1770 IV,
2097 1705 2218 1775 591.
2237 1707 2513 1776 Proser-rea

1482 1805 1656 1856 corpus
1669 1785 1735 1836 H.
1751 1797 1803 1838 et
1819 1784 1889 1838 G.
1908 1803 1937 1836 2
1954 1785 2072 1856 legu
2079 1787 2315 1854 mser-rea
2326 1803 2515 1857 pectus.

1560 1866 1679 1932 293.
1721 1868 2033 1934 Septemplt‘ce
2075 1881 2207 1934 tergo
2220 1905 2237 1929 ,
2275 1885 2393 1940 quoe
2431 1886 2515 1921 se-

1483 1955 1626 2015 ptem
1649 1943 1806 1996 coriis
1830 1943 2053 1998 inducta
2080 1955 2129 1998 et
2154 1946 2353 1998 munita
2385 1959 2516 2001 erat.

1483 2023 1629 2076 Alias
1664 2021 2031 2095 septemplices
2059 2024 2230 2096 clypei
2260 2025 2513 2080 heroibus

1483 2101 1650 2155 tribui
1666 2103 1858 2156 solent.
1880 2101 2035 2174 Virg.
2058 2105 2179 2155 AEn.
2202 2103 2309 2156 ΧΠ
2324 2146 2339 2172 ,
2371 2106 2472 2174 925
2492 2124 2509 2169 ;

1484 2179 1644 2234 ovid.
1665 2180 1793 2236 Met.
1815 2181 1950 2234 XIII
1968 2220 1985 2247 ‚
2022 2200 2051 2233 2
2071 2193 2123 2233 et
2141 2183 2262 2253 347.

1560 2271 1677 2332 ²94-
1704 2267 1841 2315 Dum·
1867 2268 2099 2315 adversus
2132 2264 2199 2317 G.
2238 2284 2287 2319 α.
2318 2267 2514 2319 Anton.

1485 2347 1551 2394 de
1568 2347 1719 2410 noos,
1743 2343 1985 2414 spicileg.
2013 2344 2129 2396 crit.
2152 2363 2272 2416 pag.
2294 2363 2385 2415 97,
2414 2365 2515 2418 pro

1485 2425 1721 2474 adversus
1748 2421 1886 2476 forte
1913 2423 2158 2476 substitui
2186 2443 2339 2495 posse
2376 2445 2516 2478 arre-

1486 2515 1595 2552 ctus
1616 2501 1901 2568 existimat,
1921 2521 1951 2555 e
1972 2503 2125 2574 Virg.
2148 2505 2323 2556 AEn.V
2342 2545 2358 2571 ,
2378 2508 2509 2567 426:

1486 2605 1513 2625 α
1536 2579 1779 2633 Constitit
1814 2579 1870 2634 in
1906 2580 2100 2652 digitos
2135 2583 2397 2654 extemplo
2434 2603 2517 2638 ar-

1485 2670 1663 2712 rectus
1684 2670 1909 2732 uterque
1925 2685 1968 2712 a.
1992 2659 2094 2714 Sed
2114 2659 2227 2731 ipse
2250 2661 2383 2714 nihil
2406 2681 2519 2716 mu·

1487 2736 1711 2792 tandum
1765 2739 1969 2792 suadet.
2012 2741 2081 2793 Et
2124 2757 2253 2794 sane
2300 2757 2519 2795 amenas

1487 2830 1649 2871 cestu
1696 2820 2061 2890 pugnantibus
2111 2821 2357 2875 convenit
2389 2861 2405 2887 ,
2458 2835 2520 2877 ut

1487 2895 1631 2969 apud
1672 2899 1981 2962 Maronem3
2026 2917 2138 2952 non
2182 2899 2323 2952 ferro
2364 2902 2521 2956 inva-

1487 2973 1736 3030 dentibus
1758 3017 1774 3044 ,
1800 2990 1859 3030 ut
1875 2977 1985 3030 hic.
1998 2977 2087 3030 Sic
2104 2977 2249 3049 apud
2268 2979 2519 3049 Statium,

1487 3055 1658 3109 Theb.
1678 3057 1707 3107 1
1728 3097 1743 3122 ,
1794 3062 1927 3120 4122
1968 3081 1991 3104 ι
2018 3069 2131 3110 tum
2160 3076 2287 3110 vero
2312 3073 2519 3114 erectus

1489 3147 1711 3208 uterque
1728 3136 2002 3190 Exsertare
2021 3137 2294 3208 humeros,
2305 3141 2525 3195 nudam-

1490 3231 1596 3286 que
1614 3215 1870 3268 lacessere
1888 3234 2123 3288 pugnam
2152 3241 2196 3269 n.

1566 3293 1687 3361 295.
1733 3297 1959 3346 Constitit
1968 3331 1987 3357 ,
2044 3309 2094 3347 ee
2122 3301 2279 3365 galea
2316 3303 2522 3366 galeam

1474 3377 1627 3444 serie.
1660 3375 1743 3428 Cl.
1775 3372 2101 3428 Bondamius
2130 3376 2165 3428 l.
2201 3396 2245 3431 c.
2274 3397 2393 3450 pag.
2423 3381 2522 3436 153

1492 3466 1644 3526 putat
1668 3452 1897 3507 auctoris
1914 3453 2027 3506 hec
2046 3455 2322 3510 scribentis
2344 3458 2523 3514 animo
2604 3514 2609 3520 ,

1492 3535 1771 3588 obversata
1796 3552 1909 3587 esse
1936 3533 2049 3586 hnc
2081 3535 2343 3590 Ovidiana
2360 3575 2375 3600 ‚
2394 3539 2523 3595 Met.

1492 3617 1569 3669 lx
1593 3654 1610 3681 ,
1652 3617 1719 3680 43
1747 3632 1761 3666 :
1800 3640 1825 3661 u
1847 3625 2065 3686 eratque
2094 3615 2229 3668 Cum
2270 3617 2407 3689 pede
2430 3639 2523 3692 pes

1486 3699 1708 3772 junctus
1731 3712 1745 3746 :
1774 3705 1993 3767 totoque
2018 3713 2117 3766 ego
2145 3709 2358 3766 pectore
2396 3719 2521 3768 pro-

1492 3795 1625 3839 nus,
1661 3776 1729 3827 Et
1756 3773 1947 3848 digitos
1979 3773 2186 3847 digitis,
2216 3789 2266 3828 et
2296 3778 2525 3834 frontem

1494 3855 1667 3909 fronte
1688 3854 1991 3926 premebam
2013 3879 2052 3905 n.
2083 3855 2149 3905 Et
2168 3871 2295 3908 sane
2318 3855 2405 3909 hic
2419 3899 2434 3924 ,
2464 3871 2529 3912 ut

1495 3935 1563 3986 in*
1586 3935 1705 3987 aliis
1742 3933 1909 3996 locis,
1954 3945 2175 4006 apparet
2214 3947 2421 4007 captata
2458 3941 2526 3992 ab

1496 4026 1711 4066 auctore
1768 4012 1976 4066 occasio
2020 4013 2261 4067 imitandi
2308 4017 2525 4085 Ovidii,

1498 4111 1665 4165 quum
1710 4093 1821 4164 ipsa
1860 4093 2079 4146 Homeri
2120 4094 2356 4151 narratio
2402 4100 2529 4153 talia

1498 4195 1607 4228 non
1632 4173 1963 4247 suggesserit.
