2975 4684
1416 396 1598 417 m
1603 396 2482 419 “mmmmm

815 600 1815 762 EXC'URSUS
1903 642 2017 760 v

578 910 720 978 AD
780 907 1173 981 LUCILII
1230 906 1441 978 JUN.
1493 904 1898 991 AETNAM‚
1949 926 2019 971 v.
2084 898 2249 997 575.

636 1274 709 1327 Et
730 1290 877 1329 sacer
906 1273 963 1328 in
996 1273 1201 1329 bellum
1224 1292 1513 1339 numam,
1539 1290 1636 1328 sua
1659 1272 1813 1327 turba
1839 1270 2062 1345 regenti.

442 1446 681 1511 Panum
713 1443 797 1510 ad
823 1467 960 1511 rem
987 1444 1265 1527 faciunt,
1302 1467 1445 1533 quoe
1467 1443 1576 1509 hic
1600 1444 1880 1534 Scaliger
1904 1441 1984 1508 de
2007 1465 2263 1507 numero
2281 1490 2303 1523 ‚
2329 1442 2485 1507 alio·

360 1547 515 1634 quin
551 1544 641 1611 ad
687 1560 1136 1634 contemptum
1175 1544 1382 1622 dicte,
1418 1544 1610 1609 affert
1631 1593 1650 1627 ,
1685 1561 1761 1609 ut
1791 1545 1860 1609 in
1885 1544 1997 1609 illo
2032 1544 2281 1609 Horatii
2310 1544 2488 1609 :Nos

363 1668 659 1711 numerus
693 1668 903 1711 sumus
958 1661 1020 1731 et
1036 1645 1277 1735 finges
1312 1667 1667 1711 consumere
1700 1648 1860 1711 nati.
1899 1644 2099 1727 Cujus
2129 1642 2290 1709 adeo
2324 1666 2488 1708 con-

359 1748 633 1811 trarium
686 1745 1043 1837 significare
1094 1762 1323 1812 auctor
1375 1744 1458 1811 de
1508 1748 1834 1836 Spartanis
1873 1747 2026 1811 velit
2041 1795 2058 1830 ,
2093 1769 2202 1811 eos
2247 1746 2490 1812 scilicet

357 1870 493 1913 uon
530 1872 880 1913 numerum
904 1848 1102 1914 fuisse
1129 1870 1381 1913 merum
1398 1896 1418 1930 ,
1446 1848 1564 1913 sed
1586 1871 1838 1914 sacrum
1856 1897 1874 1931 ,
1906 1848 1974 1913 h.
2008 1870 2064 1913 e.
2095 1846 2488 1912 destinatum

355 1966 420 2015 et
451 1949 828 2015 ordinatum
861 1949 944 2015 ad
973 1949 1237 2015 bellum.
1272 1949 1550 2038 Propius
1585 1950 1788 2039 tangit
1830 1948 2162 2031 Gorallus,
2201 1948 2317 2036 qui
2362 1970 2486 2013 nu-

352 2072 596 2115 merum
624 2050 733 2115 hic
766 2072 907 2116 esse
938 2072 1166 2115 vocem
1192 2050 1516 2115 existimat
1548 2073 1586 2115 e
1611 2050 1835 2115 militia
1870 2048 2277 2138 desumptam
2295 2097 2313 2131 ,
2342 2071 2492 2137 qum

264 2172 277 2185 ·
355 2150 627 2239 quidem
660 2152 865 2217 Taciti
890 2174 1027 2217 aevo
1058 2151 1462 2240 frequentior
1487 2151 1614 2217 fuit
1632 2200 1651 2235 ,
1683 2174 1812 2240 qua
1841 2150 2356 2242 significarentur
2379 2174 2491 2215 co-

354 2250 576 2317 hortes
609 2265 677 2318 et
722 2251 843 2317 alia
873 2252 1155 2317 militum
1186 2262 1522 2335 συντάγματα
1543 2302 1558 2327 ,
1593 2275 1878 2341 quorum
1913 2268 2051 2317 erat
2103 2268 2318 2318 certus
2357 2276 2489 2317 nu-

354 2376 597 2421 merus.
635 2354 793 2437 Quo
822 2354 1178 2443 respexisse
1201 2370 1387 2444 putat
1419 2353 1762 2445 Virgilium
1781 2404 1800 2439 ‚
1825 2354 1979 2420 AEn.
2006 2354 2106 2419 XI
2126 2401 2145 2437 ,
2185 2352 2330 2441 599.

636 2506 949 2579 Etruscique
972 2468 1109 2561 dua's
1126 2544 1143 2573 ‚
1177 2508 1528 2581 equitumque
1555 2508 1815 2563 exercitus
1841 2510 2016 2563 omnis

641 2590 933 2664 Compositi
956 2610 1182 2647 numero
1205 2592 1259 2645 in
1282 2604 1503 2647 turmas.

356 2734 623 2799 Sacrum
666 2750 886 2799 autem
928 2734 1054 2799 dici
1088 2751 1274 2824 putat
1308 2736 1489 2799 hunc
1517 2758 1866 2801 numerum
1891 2784 1910 2817 ,
1950 2736 2130 2824 quod
2156 2733 2487 2800 Laconicae

356 2844 651 2918 ἐνωμοτία,
679 2834 748 2900 h.
766 2859 820 2900 e.
850 2838 1109 2901 numeri
1138 2836 1327 2901 XXV
1346 2837 1634 2902 virorum
1651 2885 1670 2919 ,
1700 2839 1982 2902 solerent
2001 2837 2192 2903 sacris
2223 2836 2490 2925 quibus-

356 2934 508 3000 dam
538 2936 843 3002 adhibitis
875 2939 1118 3003 militiae
1150 2961 1392 3004 nomen
1425 2938 1598 3004 dare.
1627 2938 1924 3003 Fortasse
1951 2954 2018 3003 et
2056 2960 2135 3003 eo
2161 2960 2358 3002 sensu
2383 2958 2486 3001 sa·

356 3058 500 3101 cros
536 3059 845 3103 numeros
877 3036 1088 3102 dictos
1117 3060 1255 3104 esse
1287 3038 1494 3104 credit
1514 3088 1534 3121 ‚
1570 3062 1702 3128 quo
1727 3040 1902 3130 apud
1929 3039 2274 3103 Thebanos
2301 3060 2488 3103 sacra

355 3138 576 3204 cohors
595 3187 617 3220 ‚
650 3138 733 3205 de
761 3162 891 3227 qua
909 3140 1295 3206 Plutarchus
1318 3140 1387 3204 in
1413 3140 1741 3230 Pelopida.
1769 3141 2122 3205 Enimvero
2147 3140 2286 3205 haec
2310 3140 2487 3205 The·
2537 3182 2552 3199 ,

355 3239 677 3306 banorum
724 3242 957 3306 cohors
1008 3242 1278 3306 minime
1317 3242 1451 3306 huc
1493 3242 1808 3307 trahenda
1836 3241 2115 3307 videtur.
2159 3242 2487 3306 Nimirum

356 3340 494 3406 hoec
524 3364 703 3407 sacra
730 3343 1084 3408 vocabatur
1102 3392 1121 3427 ,
1155 3342 1333 3431 quod
1364 3344 1549 3432 quasi
1585 3345 2004 3428 inviolabilis,
2029 3346 2300 3421 invicta,
2339 3360 2404 3409 et
2422 3344 2490 3408 vi
2580 3431 2590 3442 .

359 3446 638 3534 quadam
656 3446 873 3512 divina
889 3447 1153 3537 praedita
1177 3464 1345 3514 esset
1358 3498 1377 3531 ,
1403 3474 1481 3515 ex
1500 3450 1892 3517 electissimis
1911 3451 2061 3516 viris
2080 3499 2098 3533 ,
2121 3450 2486 3516 amantibus

356 3552 527 3617 inter
550 3574 619 3617 se
651 3570 717 3619 et
736 3554 963 3620 amatis
983 3601 1001 3636 ‚
1040 3556 1401 3643 composita
1424 3605 1442 3639 ,
1479 3555 1660 3644 quod
1689 3554 2127 3629 firmissimum
2150 3556 2484 3621 vinculum

356 3650 437 3716 ad
486 3673 750 3718 omnem
792 3653 924 3720 vim
978 3655 1421 3721 sustinendam
1462 3673 1528 3722 et
1578 3658 2044 3748 profligandam
2085 3656 2484 3722 credebatur.

357 3754 565 3843 Atque
611 3772 748 3820 erat
781 3756 979 3845 igitur
1016 3756 1153 3821 haec
1196 3758 1429 3823 cohors
1472 3760 1653 3847 quasi
1688 3759 1968 3825 nobilior
1999 3781 2144 3848 pars
2172 3757 2484 3822 exercitus

358 3853 673 3923 Thebani.
697 3856 1025 3923 Numerus
1040 3858 1678 3925 Lacedaemoniorum
1701 3885 1738 3925 a
1759 3860 2007 3925 Lucilio
2025 3882 2160 3923 non
2182 3858 2480 3946 simplici-

360 3971 457 4021 ter
467 3981 646 4023 sacer
671 3959 905 4024 dicitur
924 4008 943 4041 ‚
970 3960 1084 4025 sed
1107 3964 1359 4025 sacerin
1376 3962 1629 4044 bellum,
1655 3979 1846 4050 atque
1863 3962 2057 4051 igitur
2076 3982 2206 4023 non
2233 3958 2488 4048 bellige-

362 4060 555 4124 rantis
575 4061 888 4127 exercitus
912 4083 1058 4149 pars
1075 4110 1091 4143 ‚
1112 4060 1225 4127 sed
1243 4066 1468 4152 populi
1492 4064 1571 4129 ad
1593 4066 1834 4130 bellum
1857 4063 2152 4128 instructi
2178 4078 2241 4125 et
2262 4062 2484 4126 sacrati
