2975 4684
491 378 630 449 300

1070 377 1559 449 PETRONII
1622 381 2045 455 ARBITRI.

582 506 745 573 Mox
782 504 898 575 ubi
933 504 1256 599 fugerunt
1289 502 1543 595 elusam
1582 502 1822 599 gaudia
1866 515 2193 585 mentem,

584 618 897 709 Vei-aque
933 615 1150 684 forma
1185 614 1393 699 redit3
1427 616 1727 697 animm,
1762 613 1945 709 quod
1976 610 2303 707 perdidit,
2330 626 2553 707 optat,

587 732 809 821 Atque
846 728 914 794 in
952 726 1284 821 praeterita
1325 750 1394 794 se
1427 739 1609 795 totus
1648 724 1936 819 imagine
1970 736 2212 793 versat.

487 942 568 995 vis
589 941 761 995 Mauri
786 941 894 995 fera
911 983 925 1007 ,
961 952 1014 996 et
1043 940 1259 995 ultimus
1276 941 1507 993 Ammon

487 1022 740 1075 Afrorum
759 1024 1021 1075 excutitur
1029 1046 1072 1087 n,
1083 1020 1119 1073 i.
1134 1038 1178 1073 e.
1199 1018 1504 1091 exquiritur.

556 1102 605 1154 8.
649 1107 782 1153 Vera
793 1102 971 1170 sonna
1003 1104 1143 1153 redit.
1185 1100 1270 1152 Sic
1293 1100 1505 1153 Petron.

481 1179 539 1233 in
569 1179 673 1232 alio
707 1180 869 1251 epigr.
905 1178 1053 1251 quod
1078 1176 1324 1232 dedimus
1348 1177 1507 1250 hujus

481 1259 658 1331 operia
689 1271 834 1313 tomo
865 1260 920 1311 11
942 1299 959 1325 ‚
1001 1277 1122 1331 pag.
1153 1278 1269 1330 127,
1309 1259 1503 1329 fragm.

482 1356 612 1405 vm,
631 1359 682 1393 v.
713 1342 778 1393 8:
805 1340 984 1392 «Vera
1001 1338 1143 1393 redit
1163 1338 1320 1391 facien
1335 1376 1352 1404 ‚
1393 1336 1505 1390 dis·

479 1418 721 1471 simulata
740 1418 880 1490 perit
893 1444 934 1469 ιι.
948 1418 1353 1478 Ευ.-Αηι“ωω,
1371 1420 1510 1485 quod

472 1500 712 1565 perdidit,
743 1512 892 1566 optat.
922 1498 988 1552 In
1014 1496 1196 1551 eadem
1221 1516 1281 1550 re
1313 1494 1503 1551 Claud.

479 1576 535 1629 in
560 1576 760 1649 p‘roefat.
785 1588 906 1629 ante
923 1577 1005 1629 VI
1031 1577 1190 1629 Cone.
1219 1575 1354 1656 lion.
1395 1601 1420 1621 α
1438 1576 1506 1627 Et

1596 940 1721 1013 vigil
1756 938 1959 1011 elapsas
1991 938 2181 1011 querit
2206 955 2395 993 avarus
2428 956 2559 1010 opes
2576 964 2619 992 ιο.

1594 1019 1841 1075 Similiter
1870 1018 2127 1073 Horatius
2174 1016 2403 1071 delirum
2442 1016 2622 1071 horni-

1594 1118 1719 1153 nem
1762 1099 1953 1152 morbo
1993 1098 2195 1163 animi,
2234 1110 2505 1171 tamquam
2552 1115 2621 1151 ex

1594 1179 1739 1233 dulci
1759 1178 1965 1232 somnio
1982 1218 1997 1244 ,
2030 1179 2319 1232 relevatum
2336 1218 2352 1243 ,
2390 1188 2445 1231 et
2470 1176 2539 1229 ad
2562 1196 2621 1229 se

1595 1258 1903 1313 redeuntem
1924 1298 1940 1323 ,
1968 1257 2041 1312 sic
2074 1257 2376 1329 loquentem
2414 1255 2621 1310 inducit

1592 1339 1756 1410 Epist.
1774 1339 1827 1390 11
1843 1378 1859 1403 ‚
1882 1336 2011 1392 1³8:
2050 1363 2072 1385 ι
2094 1335 2187 1391 Pol
2214 1354 2302 1389 me
2324 1336 2622 1401 occidistis,

1593 1417 1777 1481 amici,
1807 1418 1931 1469 Non
1960 1416 2231 1482 servastis,
2264 1416 2336 1468 ait
2358 1438 2373 1469 ε
2412 1415 2503 1469 cui
2540 1416 2620 1469 sic

1592 1506 1793 1549 extorta
1832 1496 2099 1567 voluptas,
2137 1494 2205 1549 Et
2236 1493 2479 1566 demptus
2522 1514 2621 1567 per

1593 1575 1697 1627 vim
1724 1575 1911 1629 mentis
1926 1574 2253 1645 gratissimus
2274 1592 2423 1627 error
2442 1602 2481 1626 ν.

1103 1853 1204 1919 ΙΙ.
1261 1852 1398 1919 AD
1448 1852 1925 1919 PRIAPUM
1961 1848 2014 1917 *.

571 2070 1093 2151 NYMPHARUM‚
1129 2067 1509 2161 Bacchique
1546 2091 1800 2152 comeS‚
1838 2090 2038 2159 quem
2072 2065 2351 2160 pulchra
2396 2070 2619 2135 Dione

570 2177 910 2246 Divitibus
946 2177 1124 2247 silvis
1165 2202 1412 2246 numen
1453 2176 1641 2247 dedit
1664 2232 1681 2263 ,
1720 2177 1962 2271 inclyta
2006 2192 2193 2272 paret

569 2288 700 2357 Cui
735 2287 1015 2373 Lesbos,
1051 2287 1410 2382 viridisque
1443 2286 1731 2374 Thasos»,
1762 2306 1965 2381 quern
2002 2285 2227 2382 Lydus
2262 2286 2491 2356 adorat

569 2395 964 2482 vestifluus,
1002 2396 1460 2491 templumque
1498 2398 1629 2466 tuis
1676 2398 1965 2492 imponit
1998 2398 2351 2492 Hypaepis;

543 2626 564 2647 ·
582 2624 760 2676 Exstat
779 2624 998 2697 Satyrici
1009 2643 1124 2698 cap.
1142 2627 1256 2681 133.
1277 2628 1499 2699 Stepha-

473 2720 574 2756 nus
599 2702 804 2773 repetiit
824 2703 960 2757 inter
992 2706 1176 2777 fragm.
1205 2723 1344 2777 poet.
1379 2726 1496 2779 pag.

473 2790 592 2849 401,
609 2792 662 2835 et
686 2783 740 2835 in
763 2784 1023 2838 Catalecta
1045 2786 1226 2838 retulit
1248 2786 1497 2858 Scaliger,

471 2862 560 2915 lib.
580 2863 637 2928 Ι,
668 2882 717 2935 p.
752 2870 867 2928 πά.
887 2866 1224 2919 Burmannus
1251 2865 1306 2917 in
1329 2865 1490 2919 Anth.

469 2942 561 2995 lib.
579 2943 608 2994 1
627 2984 642 3011 ,
681 2944 846 3016 epigr.
874 2944 958 2997 ⁵1.

546 3040 590 3075 1.
615 3029 768 3092 Quem
785 3027 994 3093 pulchra
1023 3028 1196 3077 Dione.
1237 3024 1496 3079 Brassica-

468 3120 566 3153 nus
582 3101 759 3173 legere
775 3102 891 3155 vult
909 3124 1058 3171 quam
1077 3143 1091 3163 ‚
1121 3103 1175 3156 id
1201 3116 1279 3157 est
1293 3145 1307 3169 ,
1321 3105 1493 3159 Vene-

466 3198 578 3234 rem
595 3222 610 3247 ,
642 3182 838 3237 Diones
875 3181 1054 3236 filiam.
1095 3182 1200 3238 Sed
1245 3183 1493 3237 allocutio

467 3272 544 3312 est
573 3260 640 3313 ad
667 3260 942 3334 Priapum,
981 3274 1032 3315 et
1065 3263 1235 3315 Dione
1270 3275 1346 3315 est
1379 3264 1488 3335 ipsa

466 3340 678 3406 Venus,
700 3351 759 3392 ut
781 3358 921 3413 saepe
936 3382 952 3407 ‚
970 3360 1086 3413 quae
1106 3341 1347 3395 hocloco
1363 3341 1493 3397 dici-

465 3432 553 3471 tur
566 3418 820 3492 Priapum
836 3460 851 3485 ‚
879 3420 1048 3473 filium
1067 3440 1223 3474 suum
1236 3463 1251 3487 ,
1271 3425 1490 3475 divitibus

466 3501 622 3561 silvis,
647 3498 681 3552 i.
717 3519 763 3553 e.
795 3500 991 3567 hortis,
1029 3520 1228 3555 numen
1265 3501 1487 3556 dedisse.

465 3580 600 3632 Nam
633 3578 852 3652 Priapus
887 3580 1044 3652 vulgo
1080 3581 1360 3636 hortorum
1394 3600 1489 3635 cu·

464 3670 588 3712 stos.
631 3658 698 3710 Et
733 3660 792 3711 iu
831 3661 1064 3715 Veneris
1101 3662 1264 3715 tutela
1301 3662 1489 3715 hortos

466 3736 788 3793 fuissedocet
801 3740 975 3793 Varro
989 3782 1004 3806 ,
1017 3743 1131 3793 Lat.
1148 3741 1300 3814 Ling.
1315 3741 1404 3794 lib.
1420 3742 1487 3806 V,

463 3828 514 3869 et
531 3817 575 3870 F
575 3829 715 3871 estus
732 3818 786 3870 in
807 3822 1003 3872 Bustica
1031 3823 1197 3874 Vinal.
1241 3824 1246 3829 ’

535 3916 582 3950 2.
623 3900 852 3950 Divitibus
883 3902 1042 3961 silvis,
1071 3900 1103 3953 i.
1136 3920 1181 3954 e.
1210 3900 1484 3953 arboribus

464 3974 550 4027 vel
585 3976 752 4031 hortis
787 3980 1021 4050 pomosia
1035 4020 1049 4044 ,
1079 3980 1376 4034 feracibus:
1429 3991 1488 4033 ut

463 4056 594 4106 dives
615 4076 768 4117 area,
797 4056 854 4109 id
883 4070 983 4123 est,
1016 4060 1158 4112 ferax
1175 4098 1190 4123 ,
1213 4058 1397 4113 Claud.
1419 4057 1486 4113 de

465 4132 623 4203 Nupt.
655 4135 790 4188 Hon.
817 4154 912 4204 92,
939 4148 994 4189 et
1021 4158 1188 4189 nemus
1212 4142 1486 4206 opulentum

1590 2647 1867 2699 pomorum
1892 2630 2031 2683 ferax
2052 2631 2264 2683 senecae
2282 2668 2298 2691 ,
2319 2629 2372 2681 in
2398 2628 2609 2683 Hercul.

1592 2710 1690 2761 fur.
1719 2728 1767 2761 v.
1794 2710 1911 2777 ²39·

1658 2788 1705 2841 3.
1739 2792 1826 2841 Gai
1842 2792 2034 2841 Lesbos.
2061 2790 2125 2841 In
2154 2786 2389 2859 antiquis
2412 2788 2611 2841 codici·

1582 2867 1683 2920 bus
1704 2879 1952 2938 corrupte
1987 2868 2255 2939 legebatur
2288 2867 2376 2919 cui
2399 2872 2534 2919 Iesos
2560 2880 2613 2919 et

1584 2952 1725 2999 Ioesos
1744 2970 1763 3009 ,-
1801 2946 1894 3000 sed
1931 2950 2107 2999 Lesbos
2160 2958 2303 3000 recte
2342 2947 2613 2999 substituit

1582 3024 1743 3080 Hadr.
1784 3026 2012 3091 Juuiue,
2056 3025 2464 3092 Animadv.VI,
2513 3028 2612 3089 15;

1581 3110 1805 3163 Aut-atus
1816 3146 1831 3171 ,
1848 3106 2092 3177 Scaliger.

1657 3194 1703 3249 4.
1754 3188 2043 3256 Vestf‘fluus,
2098 3185 2165 3238 de
2216 3184 2507 3239 fluentibus
2556 3199 2609 3239 et

1582 3266 1833 3318 mollibus
1865 3265 2139 3338 Lydorum
2178 3266 2409 3319 vestibus
2445 3284 2610 3339 expo·

1578 3343 1812 3397 nendum
1832 3383 1849 3408 ,
1906 3345 2090 3416 quales
2138 3347 2377 3398 nominat
2422 3358 2611 3399 auctor

1579 3424 1722 3496 Eleg.
1762 3425 1817 3477 in
1845 3424 2049 3477 obitum
2079 3426 2303 3478 Maecen.
2339 3444 2389 3477 v.
2426 3444 2521 3496 77,
2556 3439 2609 3479 et

1582 3502 1818 3576 Propert.
1846 3504 1947 3570 111,
1972 3522 2052 3573 17,
2076 3505 2158 3557 32.
2182 3504 2403 3557 Veteres
2422 3524 2611 3561 omnes

1580 3584 1765 3654 scripti
1798 3598 1847 3635 et
1887 3582 2047 3649 editi,
2088 3584 2223 3636 sicut
2262 3597 2315 3637 et
2346 3584 2611 3655 Scaliger,

1578 3666 1828 3733 septifluus
1867 3662 2143 3718 dederunt.
2176 3664 2459 3719 Gonsaliue
2486 3684 2609 3718 vem

1578 3755 1823 3814 proterea
1858 3744 2060 3815 legebat
2090 3764 2233 3811 quem
2262 3748 2407 3795 Nilus
2429 3748 2613 3795 adorat

1574 3826 1851 3895 Sepcg'fluus,
1871 3821 2018 3897 quod
2044 3834 2097 3877 et
2120 3822 2345 3893 margini
2363 3824 2609 3895 apposuit

1572 3902 1881 3973 Stephanus.
1900 3901 2007 3956 Sed
2023 3920 2345 3975 quamquam
2354 3902 2607 3975 Priapum

1575 3980 1717 4052 apud
1735 3983 2011 4055 AEgyptioe
2030 3982 2234 4035 cultum
2254 4000 2364 4035 esse
2388 3993 2610 4046 constat,

1576 4064 1819 4131 septifluus
1846 4074 2021 4113 tamen
2060 4082 2125 4114 au
2156 4080 2343 4114 verum
2378 4060 2607 4114 vocalm·

1578 4140 1687 4193 lum
1718 4140 1782 4192 sit
1797 4180 1813 4205 ,
1834 4138 2033 4193 dubito.
2058 4140 2303 4193 Profecto
2327 4142 2611 4210 scpeeeefiem
