2975 4684
479 387 619 482 570

1326 397 1771 468 INCERTI

673 517 830 582 Post
871 515 1000 584 hoc
1031 515 1368 613 extemplo
1401 523 1656 589 Troum
1688 523 2136 615 Danaumque
2168 537 2451 592 catervae

577 625 983 710 Discedunt,
1017 625 1388 724 caelumque
1431 631 1597 725 tegit
1632 655 1766 699 nox
1798 647 1941 700 atra
1976 633 2287 702 tenebris.

569 736 945 830 Implentur
981 738 1264 832 dapibus
1306 737 1506 834 largis
1534 740 1911 834 Bacchique
1941 739 2237 835 liquore,
2528 765 2605 804 ωε

573 851 792 941 Atque
821 847 996 917 avidi
1025 849 1289 944 placido
1333 850 1614 920 tradunt
1650 876 1770 920 sua
1798 875 2084 944 corpora
2112 876 2370 921 somno.

675 961 948 1028 Postera
977 987 1182 1054 quum
1227 963 1519 1056 primum
1552 959 1769 1030 stellas
1797 965 2061 1030 Aurora
2088 961 2355 1057 fugarat
2374 1017 2395 1048 ‚

577 1071 654 1135 In
685 1082 929 1138 coetum
957 1095 1196 1140 venere
1233 1073 1558 1167 Phryges,
1596 1087 1741 1141 tum
1782 1073 2111 1140 maximus
2138 1076 2391 1141 Hector

563 1181 735 1248 Cum
776 1181 969 1249 sociis
989 1235 1008 1266 ‚
1055 1207 1430 1252 memorans
1457 1184 1785 1252 hesternae
1812 1181 2051 1252 funera
2078 1182 2275 1252 caedis
2291 1237 2312 1269 ‚

565 1290 813 1358 Suadet
847 1306 923 1359 ut
957 1292 1218 1362 invictis
1257 1293 1513 1362 Helene
1556 1293 1875 1362 reddatur
1911 1293 2213 1381 Achivis,
2306 1368 2315 1375 ‚
2528 1316 2608 1362 ⁶⁴·

497 1423 505 1430 ·
562 1401 955 1495 Praedaque,
993 1427 1141 1497 quae
1185 1405 1394 1474 duros
1427 1404 1715 1474 Menelai
1756 1402 2045 1473 mulceat
2084 1405 2310 1499 ignes;

560 1509 771 1604 quue
809 1511 1024 1605 placet
1057 1516 1360 1601 cunctis3
1399 1530 1545 1584 tum
1578 1537 1751 1584 saevo
1786 1516 2027 1584 missus
2064 1512 2313 1582 Atridae

557 1621 834 1690 Pertulit
868 1623 1082 1692 Idaeus
1115 1628 1372 1694 Troum
1411 1625 1757 1710 mandata,
1796 1649 2011 1719 neque
2048 1623 2156 1692 ille

565 1736 696 1800 Aut
735 1734 1036 1803 animum
1072 1736 1340 1830 praedae,
1385 1753 1503 1806 aut
1540 1735 1737 1806 dictis
1775 1736 2237 1806 accommodat
2276 1761 2505 1822 aureS‚

569 1841 763 1911 Ultro
805 1845 1006 1912 etiam
1053 1847 1285 1915 castris
1327 1847 1581 1917 ldae‘um
1617 1845 1933 1916 excedere
1964 1847 2182 1939 jussit.
2522 1867 2601 1910 ⁶4⁵

561 1954 793 2023 Paruit
825 1956 935 2025 hic
975 1959 1282 2044 monitis,
1325 1961 1703 2054 iterumque
1736 1958 1821 2026 ad
1858 1972 2073 2026 castra
2110 1981 2407 2024 reversus

462 2176 642 2229 Guelf.
670 2195 691 2228 1
730 2178 940 2231 exhibet
978 2181 1194 2249 Concipit
1222 2184 1482 2249 insignem.

467 2259 684 2308 Balteum
716 2257 1061 2331 dissyllabum
1094 2259 1214 2312 fecit
1245 2261 1486 2332 exemplo

463 2337 701 2409 Virgilii,
719 2343 845 2393 AEn.
868 2339 946 2404 X,
971 2343 1104 2410 496:
1127 2367 1148 2388 ι
1173 2341 1379 2412 rapiens
1397 2341 1487 2392 im-

463 2417 633 2468 mania
674 2417 906 2487 pondera
942 2419 1099 2471 baltei
1127 2445 1169 2470 ¹.
1214 2425 1480 2474 Coelamina

461 2499 621 2566 clypei
634 2495 765 2550 dicit
784 2497 940 2551 Ovid.
959 2499 1087 2550 Met.
1110 2499 1246 2552 XIII
1263 2539 1278 2565 ‚
1303 2519 1398 2568 291
1411 2543 1422 2554 .

535 2577 653 2629 636.
685 2583 848 2645 Atque
877 2581 1010 2629 avidi
1033 2579 1237 2631 restitui
1269 2597 1298 2632 e
1324 2580 1393 2632 G.
1429 2599 1479 2647 1,

467 2675 493 2707 2
511 2696 526 2721 ,
556 2658 615 2711 A.
644 2669 694 2709 et
723 2657 781 2708 L.
807 2677 972 2730 quum
996 2657 1123 2712 Tor.
1155 2658 1237 2712 cd.
1261 2659 1482 2713 haberet

463 2740 624 2788 avide.

534 2815 652 2886 637.
667 2823 866 2868 Postera
882 2838 1026 2886 quum
1041 2821 1262 2886 primum.
1281 2819 1485 2872 Bouda-

464 2897 601 2948 mius
630 2915 778 2969 aeque
807 2909 957 2970 putat
978 2895 1229 2950 Ovidium
1255 2897 1356 2951 hoc
1374 2917 1488 2952 ver·

462 2997 520 3030 su
549 2979 618 3030 ab
643 2989 857 3030 auctore
874 2997 1195 3049 expressum,
1215 2977 1343 3030 Met.
1359 2979 1484 3044 XV,

462 3060 564 3110 665
590 3076 604 3110 :
635 3059 884 3110 «Postera
910 3057 1141 3111 sidereos
1165 3059 1370 3110 Aurora
1397 3059 1482 3110 fu·

459 3148 680 3207 gaverat
722 3138 865 3207 ignes
885 3153 935 3200 ις
978 3150 1029 3189 et
1072 3135 1202 3191 Met.
1249 3138 1347 3203 IV,
1385 3139 1477 3191 81:

460 3243 478 3262 .-
495 3215 711 3268 Postera
747 3229 1032 3270 nocturnos
1064 3219 1269 3270 Aurora
1306 3237 1480 3269 remo-

460 3309 608 3349 verat
632 3296 834 3368 ignes».
849 3328 916 3336 —
931 3297 998 3350 Et.
1016 3309 1156 3366 potet
1167 3309 1216 3348 at
1238 3295 1480 3350 advocari

461 3376 671 3448 Virgilii
713 3375 893 3444 locus,
928 3376 1136 3429 AEneid.
1176 3376 1293 3440 111,
1336 3377 1430 3430 521
1462 3396 1475 3428 :

457 3481 481 3500 u
501 3456 723 3528 Jamque
745 3455 1055 3508 rubescebat
1087 3457 1247 3509 stellis
1273 3457 1478 3510 Aurora

459 3535 648 3609 fugatis
658 3563 698 3588 a.
714 3535 1007 3607 Eo.—Ego
1021 3555 1147 3587 vero
1161 3537 1371 3608 Virgilii
1387 3556 1479 3608 po-

457 3618 563 3670 tius
607 3616 784 3668 locum
833 3615 921 3667 hic
969 3626 1278 3687 usurpatum
1323 3616 1478 3669 video

457 3697 582 3748 AEn.
608 3695 682 3759 V,
709 3703 807 3759 42:
834 3696 1081 3749 «Postera
1109 3715 1276 3767 quum
1303 3696 1476 3767 primo

456 3776 632 3829 stellas
668 3776 884 3828 Oriente
915 3776 1122 3848 fugarat
1149 3775 1304 3828 Clara
1334 3775 1474 3841 dies,

457 3857 626 3908 socios
675 3857 728 3908 in
779 3869 970 3908 coetum
1018 3855 1168 3907 litore
1215 3855 1282 3906 ab
1330 3855 1475 3907 omni

457 3936 692 3989 Advocat
709 3939 902 3989 AEneas
917 3963 956 3990 a.
976 3936 1122 4008 Lips.
1151 3937 1367 4006 antiqua
1391 3935 1476 3987 ‹le-

458 4015 532 4066 ‹lit
545 4019 788 4084 fugaret,
815 4015 988 4069 minus
1016 4029 1174 4068 recte.

527 4097 649 4147 638.
685 4101 799 4144 Tum
846 4099 1091 4146 mat-imus
1135 4095 1202 4145 G.
1251 4114 1267 4146 1
1311 4109 1360 4145 vt
1414 4116 1437 4145 π
1463 4116 1472 4146 ;

459 4175 646 4243 reliqui
685 4189 818 4224 tunc.

1648 2180 1771 2248 639.
1812 2185 2005 2230 Funera
2050 2181 2201 2230 coedis
2251 2176 2449 2229 habent
2495 2189 2603 2229 tres

1576 2259 1683 2310 mei
1711 2258 1922 2329 scripti,
1947 2257 2141 2329 quibus
2164 2255 2349 2309 alludit
2370 2258 2429 2307 A.
2454 2269 2505 2308 et
2532 2257 2597 2309 L.

1575 2349 1757 2391 tenens
1762 2339 1957 2406 fimet-a
1975 2341 2127 2390 necis.
2149 2337 2267 2389 Hoc
2284 2337 2443 2408 igitur
2460 2357 2605 2389 sum·

1576 2435 1666 2470 mo
1705 2421 1825 2490 jure
1864 2419 2145 2482 revocavi,
2181 2437 2345 2489 quum
2384 2417 2601 2488 vulgata

1570 2493 1728 2551 lectio
1740 2500 1932 2567 funera
1960 2503 2117 2550 noctis
2142 2517 2239 2570 per
2266 2515 2321 2548 se
2348 2495 2527 2568 inepta
2548 2509 2603 2548 et

1571 2577 1741 2631 aliena
1780 2577 1863 2630 sit.
1894 2577 2101 2630 Etenim
2145 2589 2300 2630 nocte
2336 2577 2599 2648 praeterita

1570 2655 1711 2709 nulla
1741 2657 1923 2708 funera
1952 2658 2089 2709 sacta
2118 2669 2284 2708 erant.

1646 2739 1767 2799 641.
1806 2739 2043 2787 Volnerae
2092 2739 2233 2803 ignes
2273 2735 2343 2787 H.
2382 2751 2602 2786 moverat

1576 2813 1643 2868 G.
1671 2833 1694 2866 1
1719 2832 1733 2867 τ
1754 2827 1941 2868 neutra
1958 2815 2114 2868 lectio
2130 2815 2353 2885 vulgata
2370 2827 2599 2886 praestat.

1646 2897 1767 2959 642.
1790 2895 1930 2948 Edd.
1956 2895 2043 2947 hic
2066 2895 2197 2947 falso
2220 2895 2469 2947 exhibent
2487 2916 2597 2946 cum

1574 2995 1735 3028 savo:
1771 2975 2125 3028 necessarium
2167 2986 2243 3027 est
2284 2989 2381 3025 tum
2399 3013 2412 3032 .
2450 2975 2597 3045 quod

1573 3053 1642 3106 G.
1674 3073 1695 3106 1
1724 3065 1773 3106 et
1804 3073 1830 3106 2
1847 3094 1861 3118 ,
1886 3067 1938 3106 et
1964 3055 2181 3126 antiqua
2214 3055 2357 3124 Lips.
2394 3067 2594 3106 tenent.

1642 3137 1761 3199 644.
1776 3132 2072 3185 Admodum
2090 3145 2371 3205 corruptus
2384 3133 2473 3186 hic
2488 3153 2599 3186 ver—

1571 3231 1658 3266 sus
1697 3213 1751 3265 in
1786 3213 1872 3266 ed.
1901 3207 2029 3264 Tor.
2072 3224 2122 3265 et
2156 3211 2353 3284 Spond.
2390 3225 2595 3264 exstat:

1572 3311 1731 3360 neque
1751 3297 1834 3343 ille
1862 3283 1963 3342 Αιιὶ
1987 3295 2202 3342 animum
2220 3294 2473 3360 precibus,
2500 3311 2597 3343 nec

1572 3375 1713 3423 dictis
1740 3373 1951 3440 porrigit
1979 3391 2138 3423 aures.
2164 3371 2350 3423 Caeteri
2374 3371 2595 3424 variant.

1570 3453 1804 3524 Antiqua
1845 3451 1990 3521 Lips.
2032 3455 2133 3500 Aut
2170 3453 2385 3500 animum
2412 3471 2593 3518 prece,

1570 3547 1657 3582 aue
1698 3533 1839 3582 dictis
1881 3532 2093 3598 porrigit
2136 3549 2300 3581 aures.
2362 3529 2589 3584 Helmst.

1568 3609 1794 3681 scriptus
1814 3627 1828 3660 :
1838 3613 2029 3676 proedoe
2046 3623 2137 3660 aut
2153 3612 2295 3659 dictis
2317 3613 2597 3659 commodat

1568 3709 1728 3742 aures.
1770 3688 1946 3742 Guelf.
1996 3707 2017 3739 ῐ
2040 3707 2051 3740 :
2092 3693 2279 3756 pmdoe
2324 3693 2415 3740 vel
2448 3691 2593 3739 dictis

1566 3773 1847 3820 commodat
1879 3787 2064 3818 aur-ern.
2086 3767 2151 3819 G.
2179 3786 2205 3819 2
2232 3785 2244 3818 :
2280 3772 2473 3836 proedoe
2506 3771 2599 3819 vel

1568 3851 1706 3899 dictis
1732 3849 2088 3899 accommodae.
2120 3850 2179 3897 A.
2206 3851 2395 3915 pra-da·
2413 3862 2501 3897 am
2518 3851 2593 3897 di-

1566 3931 1654 3978 ctis
1664 3931 1881 3996 porrigit.
1908 3927 1952 3976 Ε
1986 3925 2203 3998 singulis
2228 3925 2401 3997 colligi
2426 3927 2594 3997 potuit

1568 4026 1687 4058 vcra
1711 4007 1863 4058 lectio
1880 4049 1894 4069 ‚
1917 4024 2075 4075 quam
2093 4003 2230 4056 dedi.

1640 4087 1760 4147 645.
1791 4091 1929 4136 Ultro
1954 4091 2015 4135 de
2043 4089 2215 4134 castris
2236 4085 2301 4135 G.
2329 4105 2377 4134 α.
2440 4085 2459 4096 ’

1640 4169 1757 4230 646.
1793 4169 1877 4216 His
1914 4167 2108 4215 monitis
2144 4165 2208 4216 G.
2237 4183 2284 4226 1,
2306 4165 2369 4214 A.
2397 4175 2444 4215 et
2472 4165 2531 4213 L.
