2975 4684
931 361 1410 436 AUCTORE
1462 360 1799 432 AETNAE.
2350 385 2437 464 19

297 498 475 562 mine
525 495 796 585 proprio
838 493 978 582 '(1),
1022 517 1157 584 qno
1207 518 1362 560 eum
1413 495 1649 583 sapius
1688 493 2037 584 compellit
2084 494 2155 559 in
2206 492 2432 564 Natur.

298 603 792 687 Quaestionibus
823 603 1068 668 Seneca
1089 651 1108 685 ,
1138 619 1218 668 ut
1242 601 1412 670 libro
1441 603 1540 668 111
1560 649 1583 684 ‚
1614 623 1670 667 c.
1704 623 1731 666 1
1755 646 1774 684 ‚
1816 603 1994 682 Sive,
2042 617 2117 668 uc
2134 605 2317 692 apud
2342 621 2437 688 te,

295 711 530 775 Jumbr·
569 710 886 774 carissime
901 755 923 790 ,
979 709 1246 773 invenio
1262 755 1282 792 ,
1325 725 1394 773 et
1438 708 1589 776 libri
1632 708 1723 772 lv
1768 709 2011 798 praefat.
2040 709 2145 774 Ita
2180 723 2273 776 est
2290 755 2311 790 ,
2351 715 2447 777 mi

295 817 568 896 Iunior,
613 837 739 904 quo
771 817 1054 904 apertior·
1083 830 1174 880 est
1207 815 1542 895 adulatio,
1584 830 1710 879 etc.
1760 815 1915 897 Quo
1948 817 2149 906 magis
2196 817 2440 902 miror,

297 923 596 1011 Lipsium
626 919 720 1010 (2)
764 944 994 986 eruere
1026 943 1394 1012 cognomen
1426 920 1657 986 Lucilii
1694 941 1833 985 non
1873 923 2163 1010 potuisse
2184 968 2203 1006 ‚
2252 939 2321 988 et
2346 925 2439 988 ri-

297 1028 456 1093 dere
485 1027 645 1092 alios
665 1077 684 1106 ,
717 1029 832 1116 qui
857 1027 1196 1093 Iuniorem
1225 1025 1645 1116 appellarint,
1672 1026 1855 1115 quod
1887 1031 2072 1092 forte·
2086 1029 2305 1095 minor
2328 1030 2441 1095 Se-

300 1159 462 1201 neca
511 1135 727 1200 fuerit.
766 1135 1018 1224 Nempe
1046 1135 1304 1223 Lipsius
1343 1156 1481 1198 non
1522 1150 1819 1200 accurate
1860 1149 2003 1199 tum
2040 1137 2285 1226 legerat
2312 1137 2443 1202 Na-

301 1243 543 1308 turales
580 1241 995 1326 Quaestioncs
1015 1289 1034 1324 ‚
1087 1240 1158 1304 in
1202 1239 1442 1330 quibus
1485 1263 1565 1306 eo
1600 1241 1993 1330 cognomine
2028 1243 2391 1334 appellatur
2422 1293 2441 1324 ,

297 1371 461 1438 quas
501 1347 737 1412 morbo
782 1345 1135 1436 impeditus
1173 1345 1521 1434 dereliquit
1540 1391 1560 1427 ‚
1591 1367 1803 1434 quum
1824 1346 1933 1410 vix
1960 1347 2032 1410 in
2066 1346 2214 1412 libri
2249 1349 2439 1436 primi

299 1471 498 1544 caput
515 1453 800 1543 primum
824 1453 1070 1518 scholia
1091 1451 1495 1517 confecisset.
1518 1451 1843 1516 Lucilium
1873 1451 2145 1518 Balbum
2166 1477 2205 1518 a
2224 1455 2444 1520 multis

297 1561 524 1626 vocari
559 1558 860 1624 observat
887 1559 1082 1624 Mart.
1105 1560 1258 1623 Ant.
1287 1557 1550 1623 Delrius
1566 1605 1585 1640 ‚
1625 1557 1739 1622 lib.
1768 1559 1831 1622 11
1858 1558 2128 1648 proleg.
2144 1558 2230 1624 ad
2260 1544 2452 1650 Synt.

301 1668 489 1757 Frag.
507 1667 648 1730 Lat.
675 1687 815 1754 cap.
841 1664 958 1729 ult.
984 1687 1049 1754 p.
1073 1665 1160 1730 60
1181 1713 1200 1748 ‚
1239 1663 1354 1728 sed
1377 1663 1733 1729 confusum
1760 1685 1913 1728 cum
1937 1666 2191 1730 Lucilio
2220 1667 2446 1750 Balbo,

300 1775 534 1840 Stoicae
568 1771 922 1861 disciplinoe
952 1772 1348 1862 philosopho
1369 1819 1388 1854 ‚
1431 1772 1547 1859 qui
1590 1793 1631 1835 a
1660 1771 1977 1836 Cicerone
1991 1820 2011 1855 ,
2044 1771 2221 1838 libro
2258 1774 2324 1837 ΙΙ
2364 1774 2447 1838 de

301 1881 451 1946 Nat.
479 1881 678 1946 Deor.
713 1878 1053 1967 disputans
1088 1877 1443 1943 inducitur.
1484 1876 1688 1959 Quod
1724 1893 2037 1968 practerea
2080 1879 2448 1967 suspicatur

298 1987 558 2052 Delrius
578 2035 597 2070 ,
628 1984 922 2076 quaedam
955 1985 1186 2050 Lucilii
1214 1987 1248 2051 J
1254 1984 1503 2048 unioris
1530 1984 1729 2072 vulgo
1766 1977 2017 2048 Lucilio
2045 1984 2317 2051 Satirico
2341 1988 2449 2050 tri-

299 2094 420 2158 bui
441 2141 460 2176 ‚
485 2093 648 2158 mihi
669 2091 940 2182 quidem
969 2093 1178 2180 probe
1198 2090 1746 2157 considerandum
1764 2089 2043 2156 videtur.
2072 2092 2450 2158 Occurrunt

302 2215 480 2264 certe
509 2197 684 2264 inter
719 2199 1022 2288 reliquias
1038 2246 1057 2280 ,
1081 2221 1120 2262 a
1145 2199 1254 2264 Fr.
1279 2200 1503 2263 Dousa
1529 2197 1824 2262 collectas
1843 2246 1861 2280 ,
1885 2219 1965 2264 ex
1994 2195 2249 2264 incerto
2271 2199 2444 2265 libro

301 2305 534 2370 Lucilii
581 2305 828 2394 prolata
879 2303 1241 2394 fragmenta
1263 2351 1282 2386 ,
1335 2301 1481 2392 qnia
1516 2302 1891 2368 archaismis
1928 2319 2149 2369 camut
2166 2353 2185 2385 ‚
2212 2321 2280 2370 et
2316 2321 2445 2370 ter·-

229 2393 234 2398 ’
303 2411 542 2476 siorern
572 2411 956 2476 latinitatem
1001 2410 1251 2475 habent
1264 2457 1284 2492 ,
1347 2425 1414 2476 et
1459 2407 1615 2498 apta
1660 2407 1911 2474 Lucilio
1962 2411 2220 2474 Iuniori
2263 2429 2441 2476 sunt.

303 2516 654 2605 Apuleius,
699 2515 940 2582 Florid.
973 2515 1088 2582 lib.
1119 2517 1235 2598 IV,
1279 2535 1523 2604 equum
1550 2513 1935 2580 describens
1984 2516 2219 2582 fortem
2263 2539 2447 2606 seque

303 2644 382 2686 ac
409 2621 732 2712 rapidum,
771 2638 838 2686 et
868 2637 1126 2686 montes
1151 2622 1392 2710 pariter
1413 2641 1490 2685 ac
1522 2641 1787 2708 campos
1818 2639 2197 2708 percurrere
2227 2623 2447 2689 valen-

301 2744 440 2794 tem
464 2776 482 2810 ‚
515 2727 728 2794 utitur
756 2750 952 2793 versu
975 2727 1205 2792 Lucilii
1234 2751 1253 2790 :

591 2891 700 2957 Qui
724 2904 941 2962 campos
959 2887 1224 2961 collesque
1245 2859 1414 2960 gradui
1435 2866 1729 2960 perlabitur
1752 2903 1880 2938 uno.

305 3053 462 3115 Hoec
500 3067 598 3116 est
629 3050 988 3140 proprietas
1030 3047 1308 3111 maxime
1339 3067 1667 3134 equorum
1696 3045 2105 3126 Siculorum,
2142 3063 2219 3110 ut
2252 3061 2447 3110 testa-

289 3173 420 3226 tur
439 3157 736 3238 Gratius,
756 3155 1001 3244 Cyneg.
1029 3175 1093 3218 v.
1131 3151 1290 3235 524,
1311 3167 1384 3216 et
1409 3150 1564 3238 equi
1581 3148 1819 3214 AEtnaei
1850 3149 2265 3216 habebantur
2292 3172 2449 3240 prm-

306 3264 548 3328 celeres
567 3309 584 3342 ‚
615 3276 694 3325 ut
711 3261 1014 3326 observat
1037 3259 1270 3323 Caelius
1291 3255 1642 3346 Rhodigia.
1664 3254 1883 3344 Antiq.
1915 3257 2091 3320 Lect.
2110 3257 2225 3322 lib.
2247 3259 2409 3322 XXI
2426 3306 2443 3339 ‚

309 3369 435 3450 233
465 3390 634 3456 quos
664 3368 863 3457 igitur
891 3389 1026 3433 non
1072 3365 1348 3430 tacuisse
1380 3361 1639 3428 videtur
1669 3361 1957 3426 Lucilius
1983 3365 2213 3427 Junior
2229 3412 2251 3444 ,
2280 3365 2445 3429 Pro-

380 3573 458 3640 (ι)
492 3571 620 3636 Quo
661 3568 875 3624 nomine
907 3567 1095 3620 Junior
1132 3577 1240 3632 est,
1283 3561 1352 3617 ad
1377 3581 1537 3635 quem
1566 3560 1805 3626 Plinius,
1845 3563 2012 3634 Epist.
2037 3581 2137 3616 vm
2162 3601 2178 3626 ,
2222 3564 2308 3626 15,
2348 3583 2403 3616 rx
2426 3606 2441 3632 ,

314 3677 376 3711 η
396 3697 413 3724 ,
433 3671 488 3711 et
506 3658 784 3722 Terentius
806 3656 994 3710 Junior
1017 3653 1247 3710 occurrit
1271 3651 1366 3705 lib.
1391 3649 1501 3703 VII
1518 3687 1545 3720 ,ι
1560 3650 1621 3702 25
1642 3667 1659 3714 ς
1680 3662 1739 3701 ut
1766 3649 1897 3703 alios
1924 3651 2105 3722 plures
2130 3663 2347 3704 taceam.

377 3769 458 3835 (2)
479 3765 544 3817 In
567 3765 770 3838 praefat.
795 3763 866 3820 ad
893 3762 1136 3836 epistolas
1159 3761 1382 3816 seneca.
1405 3757 1585 3810 Verba
1610 3756 1724 3827 ejus
1748 3769 1901 3810 sunt:
1927 3782 1951 3800 α
1970 3757 2085 3808 Alia
2114 3755 2182 3808 de
2200 3756 2315 3811 viro
2339 3775 2449 3811 non

307 3872 524 3927 possm
543 3891 560 3917 ‚
584 3872 686 3907 nec
723 3869 1020 3924 cognomen
1043 3849 1261 3923 quidem
1290 3851 1408 3921 ejus
1432 3864 1636 3900 cruere.
1676 3845 1813 3900 Nam
1841 3843 1991 3916 quod
2022 3841 2238 3916 quidam
2264 3845 2451 3898 Junio-

307 3959 424 3996 rem
455 3941 724 4015 appellant
741 3979 758 4005 ‚
785 3940 990 3994 inducti
1026 3941 1146 3994 loco
1171 3938 1382 3992 Senecas
1396 3976 1414 4003 ,
1445 3935 1601 4007 epist.
1628 3950 1779 3986 xxv1:
1800 3935 1977 3984 Iunior
2003 3951 2051 3984 es
2064 3941 2093 3982 ‚³
2120 3935 2245 4001 quid
2274 3935 2456 4002 refert?

311 4051 415 4089 mm
441 4034 816 4086 dinumerantur
836 4033 960 4082 anni
973 4051 993 4082 .-
1019 4047 1152 4102 puer
1167 4025 1338 4094 videt,
1357 4043 1526 4097 quam
1552 4022 1621 4076 sit
1645 4022 1863 4093 puerile.
1892 4019 1977 4072 Ad
2005 4032 2211 4079 aetatem
2232 4039 2325 4089 ea,
2346 4040 2457 4076 non

313 4119 726 4192 appellationem
751 4128 1047 4192 spectant».
1628 4111 1637 4118 “

2074 4227 2151 4267 2.
