2975 4684
704 381 840 450 AD
902 379 1303 448 LUCILII
1363 379 1573 448 JUN.
1629 381 2022 452 AETNAM.
2298 384 2429 482 195

306 503 647 581 miremur3
692 515 919 564 eontra
964 515 1184 564 tamen
1230 519 1365 562 non
1408 497 1786 583 diffitemur,
1835 515 1933 566 tot
1975 504 2432 592 appellationes

304 604 583 668 diversas
615 602 929 682 juvenum
966 600 1461 681 Catanensium,
1511 623 1550 666 a
1585 601 1849 668 diversis
1895 605 2320 693 scriptoribus
2363 609 2432 672 in

304 729 437 771 uno
468 703 833 793 eodemque
856 703 1027 767 facto
1054 702 1371 768 adhibitas
1388 752 1406 785 ,
1430 725 1729 793 magnam
1761 704 2202 772 difficultatem
2225 725 2294 774 et
2317 710 2439 774 du·-

304 808 687 872 bitationem
723 827 913 895 posse
946 804 1247 885 injicere,
1282 803 1407 867 nisi
1441 819 1840 888 statuamus,
1875 807 2056 896 quod
2089 831 2206 897 per
2237 831 2306 874 se
2339 827 2439 876 est

303 907 673 999 probabile,
696 905 963 972 diversis
1004 903 1409 994 temporibus
1445 921 1512 968 et
1547 904 1814 970 diversis
1838 906 2114 974 AEtnaei
2096 909 2262 998 ignis
2287 933 2438 975 eru-

304 1007 675 1098 ptionibus,
724 1005 898 1070 idem
952 1006 1053 1069 vel
1116 1005 1323 1070 simile
1374 1006 1629 1094 pietatis
1677 1004 1958 1072 filiorum
2015 1011 2085 1073 in
2143 1027 2439 1100 parentes

303 1108 675 1198 exemplum
694 1107 1069 1196 contigisse.
1098 1105 1485 1170 Primarium
1507 1125 1573 1172 et
1589 1108 1866 1173 maxime
1887 1109 2282 1176 celebratum
2302 1135 2441 1178 esse

304 1209 605 1292 arbitror,
632 1207 817 1297 quod
851 1209 1137 1297 primum
1169 1207 1330 1288 fuit,
1362 1229 1568 1296 quum
1607 1207 1844 1272 AEtnoei
1873 1209 2162 1275 incendii
2193 1213 2442 1301 proflu-

302 1313 482 1376 vium
500 1359 521 1394 ,
552 1324 705 1374 ante
748 1309 1157 1398 incognitum
1174 1356 1192 1389 ,
1228 1307 1598 1373 exundante
1642 1311 1928 1397 primum
1975 1328 2221 1378 cratere
2254 1335 2442 1404 agros

304 1412 841 1493 circumjacentes
868 1409 1210 1490 obrueret,
1254 1425 1451 1497 atque
1483 1409 1612 1475 hoc
1637 1410 2060 1499 Amphinomi
2089 1429 2156 1477 et
2178 1416 2444 1504 Anapioe
2502 1483 2523 1504 Ι

301 1517 547 1580 factum
587 1535 723 1580 esse
755 1527 939 1602 puto.
972 1511 1139 1576 Nam
1188 1511 1255 1573 in
1303 1511 1510 1599 prima
1551 1511 1870 1576 effusione
1913 1511 2202 1580 fluminis
2239 1515 2444 1606 ignei,

302 1639 433 1704 quo
482 1615 691 1694 major
734 1613 1038 1694 eivitatiS,
1070 1612 1408 1700 repentina
1450 1629 1518 1678 et
1547 1613 1899 1702 improvisa
1934 1615 2292 1682 calamitate
2326 1641 2447 1710 op·

300 1737 572 1805 pressa,
604 1713 1007 1804 perturbatio
1030 1713 1193 1794 fuit,
1220 1713 1350 1777 hoc
1391 1713 1706 1779 illustrior
1749 1716 1976 1797 fuerit,
2025 1737 2287 1782 necesse
2313 1735 2443 1804 est,

295 1818 612 1898 juvenum
644 1817 845 1905 pietas
871 1815 1053 1896 juxta
1082 1831 1278 1902 atque
1306 1814 1626 1879 tortitudo
1644 1863 1661 1896 ,
1694 1817 1808 1903 qui
1848 1817 2084 1880 relictis
2123 1818 2260 1882 aliis
2301 1821 2444 1910 opi·

298 1918 419 1982 bus
450 1933 789 2006 parentem
821 1933 1179 2003 utrumque
1214 1913 1425 1980 media.
1460 1937 1538 1979 ex
1575 1913 1832 1980 flamma
1851 1965 1868 1994 ,
1901 1933 1967 1980 et
2005 1939 2044 1982 e
2075 1918 2444 2006 praesentis·

300 2021 471 2086 aimo
502 2021 650 2086 vitae
686 2019 976 2108 periculo
1016 2017 1360 2106 eriperent.
1394 2017 1538 2082 Hoc
1577 2017 1830 2106 pietatis
1863 2019 2161 2107 exemplo
2195 2022 2446 2110 ubique

300 2119 596 2201 laudato,
622 2135 689 2196 et
726 2121 1001 2185 summis
1046 2119 1410 2184 honoribus
1446 2119 1681 2184 affecto
1704 2167 1722 2202 ,
1755 2121 1897 2185 sine
1941 2119 2148 2188 dubio
2191 2124 2444 2188 excitati

302 2239 458 2288 sunt
486 2224 617 2288 alio
652 2239 946 2312 tempore
976 2223 1080 2287 alii
1100 2270 1119 2304 ‚
1153 2237 1229 2286 ut
1256 2221 1453 2288 AEtna
1486 2222 1725 2286 iterum
1756 2222 1822 2286 in
1857 2245 2089 2312 agrum
2117 2225 2444 2288 Catanen-

303 2349 439 2390 sem
476 2341 871 2397 exaesmante
902 2323 1162 2392 laudem
1192 2339 1262 2388 et
1291 2323 1564 2413 gloriam
1595 2347 1675 2388 ex
1705 2323 1894 2387 simili
1925 2323 2097 2389 facto
2123 2341 2445 2415 peterent.

302 2428 462 2510 Quo
490 2443 683 2514 paeto
709 2426 847 2491 aliis
878 2426 1283 2514 temporibus
1309 2424 1685 2490 Philonomi
1709 2441 1776 2493 et
1799 2425 2016 2490 Calliae
2036 2428 2448 2512 ,Emanthise

303 2547 367 2594 et
396 2527 762 2611 Crithonis,
776 2527 1089 2592 Damonis
1115 2544 1181 2592 et
1190 2527 1469 2593 Phintioe
1490 2527 1736 2592 factum
1755 2527 2076 2592 exstitisse
2097 2527 2445 2594 eredimus.

302 2632 379 2695 Ιιι
410 2630 695 2720 Lycurgi
722 2630 1093 2694 narratione
1124 2628 1252 2692 hoe
1282 2627 1445 2694 adeo
1478 2651 1517 2692 a
1547 2645 1932 2696 caeterorum
1967 2629 2262 2696 omnium
2291 2631 2450 2696 rela-

302 2731 485 2796 tione
516 2731 845 2796 diver-sum
878 2730 1233 2820 reperimus
1253 2779 1271 2814 ‚
1305 2728 1487 2818 quod
1519 2751 1657 2794 non
1693 2729 1831 2796 duo
1857 2729 2128 2811 juvenes
2146 2780 2165 2813 ,
2201 2749 2278 2796 ut
2307 2731 2446 2815 alii,

304 2833 419 2898 sed
460 2855 676 2897 unum
695 2880 713 2913 ,
773 2833 888 2921 qui
942 2832 1106 2924 patri
1168 2832 1617 2898 suoeollaverit
1637 2881 1656 2915 ,
1703 2847 2043 2896 memorat.
2071 2843 2195 2903 Τοὺς
2237 2843 2326 2912 μὲν
2367 2837 2446 2895 οὖν

308 2943 483 3004 mm<
504 2947 721 3015 ὁρμῆσαι
752 2945 871 3014 πρὸς
894 2943 1077 3014 φυγὴν,
1094 2945 1183 2999 τὴν
1220 2943 1383 2996 αὑτῶν
1408 2944 1652 3013 σωτηρίαν
1679 2947 1970 3005 ζητοῦντας·
1999 2945 2090 2997 ἶνα
2117 2939 2181 2997 δί
2211 2963 2324 2998 τινα
2347 2951 2448 2996 τὸν

304 3042 581 3112 νεωτέρου,
600 3043 791 3111 §emta
812 3043 894 3094 τὸν
922 3043 1120 3114 πατέρα
1140 3037 1467 3112 πρισὸὑτιρον
1493 3043 1618 3094 ὄντα
1631 3079 1646 3104 ,
1667 3039 1752 3094 καὶ
1773 3043 1828 3092 οὐ
1845 3035 2120 3108 δυνάμενον
2147 3041 2446 3111 ἀποχοριῗν,

306 3132 431 3189 ἀλλὰ
464 3130 1025 3204 ἕγκαιιλαμῖανόμνον
1042 3171 1059 3198 ,
1086 3132 1323 3204 ἀράμενον
1354 3135 1528 3203 pipere.
1551 3125 1634 3190 Et
1658 3145 2050 3212 quamquam
2079 3121 2318 3187 deinde
2339 3123 2442 3187 :lo-

305 3247 457 3292 cum
478 3247 798 3314 eumque
808 3221 1117 3291 recedens
1130 3225 1299 3314 ignis
1315 3239 1526 3290 tutam
1539 3225 1883 3290 stationem
1901 3223 2186 3314 portanti
2197 3241 2446 3314 patrem

304 3325 619 3414 proibuit‘,
642 3325 801 3392 dim't
824 3327 1217 3416 appellatum
1243 3347 1381 3394 esse
1404 3327 1723 3417 Campum
1749 3327 2038 3408 Piorum,
2064 3327 2202 3416 ipsa
2227 3342 2446 3392 tamen

304 3429 697 3494 narrationis
731 3428 869 3509 ejus
906 3429 1099 3492 series
1132 3427 1453 3510 ostendit,
1481 3429 1748 3493 Piorum
1784 3429 2053 3494 nomine
2089 3430 2172 3492 ab
2201 3451 2280 3494 eo
2311 3451 2447 3493 non

306 3527 442 3592 duo
469 3527 732 3610 fratres,
754 3545 831 3592 ut
852 3529 934 3593 ab
959 3529 1095 3592 aliis
1117 3527 1273 3610 ,sed
1300 3527 1506 3593 filium
1537 3544 1601 3593 et
1626 3545 1873 3618 patrem
1903 3529 2212 3622 intelligi,
2237 3528 2446 3620 quod,

308 3643 383 3692 ut
412 3627 585 3700 filius
618 3629 854 3718 pietate
885 3629 952 3692 in
988 3645 1273 3720 patrem,
1302 3631 1395 3694 sic
1416 3647 1602 3720 pater
1637 3655 1788 3699 cum
1821 3631 1953 3699 filio
1984 3631 2226 3720 pietate
2253 3647 2320 3698 et
2343 3655 2448 3695 re·-

304 3733 597 3796 rerentia
619 3753 773 3820 erga
802 3734 975 3800 Deos
1000 3732 1338 3820 conspicui
1366 3731 1631 3800 fuerint.

398 3832 654 3896 Diserte
689 3832 985 3924 Hyginus
1021 3833 1403 3922 primarium
1426 3831 1498 3896 id
1523 3831 1776 3921 pietatis
1805 3833 1874 3895 in
1907 3847 2202 3920 parentes
2227 3851 2452 3895 exem.-

306 3933 493 4020 plum
537 3935 892 4022 contigisse
928 3933 1119 4016 dicit,
1151 3957 1355 4022 quum
1400 3933 1597 3998 AEtna
1651 3953 1840 3998 mons
1881 3931 2180 4022 primum
2229 3929 2456 3996 ardere

310 4035 644 4122 eoepisset,
673 4035 825 4112 licet
864 4035 1085 4110 forte
1068 4060 1136 4099 ιιι
1182 4036 1616 4113 nominibus
1595 4057 1910 4120 Juvenum
1959 4051 2152 4099 erret.
2205 4031 2455 4098 Exinde

308 4139 553 4222 poterit
580 4139 895 4202 fortasse
879 4160 1093 4226 ipsum
1118 4153 1377 4227 tempus
1405 4155 1471 4203 et
1502 4161 1751 4222 annus,
1782 4160 1919 4227 quo
1947 4135 2334 4225 contigerit,
2329 4133 2459 4199 -de-

2057 4235 2165 4307 ¹3.
