2975 4684
423 355 561 443 524

1288 358 1699 428 INCERTI

517 481 755 576 Magni
788 480 964 552 Diva
998 481 1240 568 maris,
1273 505 1537 550 mecum
1574 479 1764 550 labor
1804 473 1927 550 iste
1970 483 2303 553 manebit:

513 597 619 664 Tu
656 592 871 665 solare
915 595 1012 664 tui
1056 596 1404 664 moerentia
1440 609 1715 688 pectora
1761 597 1900 665 nati
1919 625 1974 664 n.

615 707 844 793 Dixit;
884 721 952 775 at
987 704 1098 775 illa
1137 705 1314 776 leves
1349 705 1494 776 caeli
1536 705 1805 802 delapsa
1848 733 1968 804 per
2002 733 2201 778 auras
2510 729 2564 779 9⁵

521 817 712 886 Litus
749 816 890 886 adit
935 817 1224 913 patrium
1264 831 1621 912 gratasque
1658 819 2005 890 sororibus
2044 819 2278 889 undas,

523 925 800 996 Offensa
835 943 934 998 est
963 932 1177 1014 Jnno,
1208 930 1721 1022 «Tantumque,
1749 930 1881 1016 ait,
1917 931 2172 1024 optime
2206 930 2484 1025 conjux,

519 1038 780 1107 Doride
821 1054 976 1108 nata
1018 1038 1232 1126 valet,
1267 1053 1531 1107 tantum
1567 1039 1848 1110 debetur
1888 1038 2171 1128 Achilli,

521 1154 620 1221 Ut
655 1154 851 1243 mihi,
877 1179 1026 1248 quae
1063 1152 1308 1246 conjux
1343 1152 1534 1222 dicor
1565 1167 1678 1223 tua
1700 1208 1719 1240 ,
1752 1180 2033 1250 quaeque
2070 1159 2318 1226 sororis

518 1261 736 1333 Dulce
778 1263 921 1333 fero
959 1289 1240 1350 nomen,
1282 1261 1562 1332 dilectos
1598 1261 1881 1336 sundere
1920 1267 2209 1337 Achivos
2231 1323 2250 1355 ,
2358 1265 2365 1274 ’
2488 1303 2563 1328 mo

518 1374 603 1442 Et
639 1378 893 1444 Troum
933 1398 1257 1445 renovare
1297 1371 1460 1443 velis
1498 1374 1569 1442 in
1605 1374 1835 1469 praelia
1872 1377 2085 1448 vires?

421 1578 660 1633 debitum
698 1581 810 1635 filio
845 1601 941 1637 suo
967 1582 1228 1635 honorem
1257 1581 1314 1634 in
1336 1598 1444 1634 mc-

421 1658 526 1714 lius
547 1662 734 1714 mutati
753 1661 1053 1716 redderent.

495 1759 580 1807 9².
610 1745 800 1811 Jupiter
820 1746 932 1796 huic
956 1747 1088 1796 dixit
1111 1743 1295 1815 legunt
1321 1739 1442 1794 edd.

425 1820 492 1872 L.
513 1821 576 1874 T.
605 1832 658 1874 et
683 1823 773 1895 Sp.
801 1826 916 1876 Iu’nc
945 1827 1077 1877 dia-ie
1101 1822 1225 1877 cod.
1252 1823 1319 1874 A.
1349 1820 1443 1874 sed

423 1898 493 1954 G.
526 1919 552 1952 ι
565 1940 581 1967 ,
601 1914 652 1956 et
669 1903 833 1956 Basil.
855 1904 912 1956 in
933 1923 1101 1974 marg.
1128 1903 1316 1971 Jupiter
1333 1899 1444 1954 huic

423 1995 625 2042 mmm,
653 1983 800 2054 quod
845 1984 1130 2056 elegantius
1177 1993 1231 2036 et
1277 1981 1444 2054 poetis

421 2059 575 2113 valde
586 2063 835 2116 usitatum
845 2077 942 2118 est.
956 2064 1265 2129 Bussenius,
1279 2082 1332 2133 p.
1356 2081 1377 2115 ι
1387 2074 1416 2122 4
1427 2103 1442 2128 ,

422 2139 506 2194 his
523 2142 656 2196 locis
675 2145 897 2216 probat:
922 2144 1078 2197 Ovid.
1102 2145 1229 2197 Met.
1252 2143 1327 2209 V,
1353 2142 1445 2208 3ο,

422 2221 556 2274 «Ille
567 2222 699 2274 nihil
717 2236 921 2289 contra,
941 2223 1035 2278 sed
1048 2235 1099 2277 et
1111 2223 1278 2288 hunc,
1299 2233 1398 2276 etc.
1419 2247 1444 2266 u·

423 2299 633 2354 Phaedr.
659 2303 686 2354 1
703 2341 719 2366 ,
747 2304 852 2358 fab.
886 2321 910 2356 ι
934 2342 949 2369 ,
973 2307 1037 2357 6:
1059 2303 1300 2376 «laniger
1319 2319 1445 2354 con-

425 2391 506 2434 tra
523 2381 715 2435 timens
734 2423 750 2449 ,
770 2383 902 2450 Qui,
918 2401 1100 2456 quaeso
1118 2421 1134 2446 ‚
1152 2382 1348 2454 possim
1369 2382 1446 2436 fa·

425 2479 546 2513 cere
565 2501 580 2526 ,
608 2459 754 2532 quod
781 2463 1018 2534 quereris
1036 2503 1052 2528 ‚
1081 2461 1245 2535 lupe?
1272 2487 1294 2507 ι

495 2541 581 2608 93.
596 2546 786 2594 Mecum
799 2547 944 2596 labor
955 2547 1058 2612 Ipse
1073 2546 1304 2596 rnanebe't.
1325 2543 1390 2596 G.
1413 2563 1441 2596 α

427 2623 671 2673 labor-ille
687 2643 705 2670 .·
725 2622 780 2674 h.
803 2642 848 2676 e.
873 2623 1012 2676 hanc
1032 2641 1144 2676 rem
1167 2621 1446 2694 diligenter

425 2699 740 2772 assidueque
757 2703 972 2755 curabo.
993 2701 1212 2757 Homer.
1237 2722 1288 2754 v.
1313 2701 1438 2755 523:

422 2781 528 2854 iga-oi
552 2778 614 2836 δέ
635 2804 690 2837 κε
713 2791 877 2838 ταῦτα
903 2783 1200 2856 parianu,
1223 2785 1346 2855 ὄφρα
1368 2804 1446 2838 τε·

422 2864 600 2917 λίσσω.
625 2892 685 2902 -
708 2863 980 2935 Expressit
1013 2864 1204 2916 Noster
1229 2860 1442 2934 Virgilii

420 2941 629 2994 AEneid.
656 2941 754 3008 IV,
783 2942 912 2996 115:
938 2943 1188 2996 «Mecum
1217 2943 1316 2994 erit
1343 2943 1444 2995 iste

417 3019 572 3074 labor
585 3039 644 3085 »3
665 3033 718 3075 et
739 3020 950 3074 videtur
974 3023 1132 3076 simul
1156 3021 1444 3093 respexisse

421 3101 580 3154 verba
599 3102 746 3155 Jovis
763 3100 832 3155 ad
851 3102 1116 3156 Venerem
1135 3101 1281 3175 apud
1293 3100 1440 3174 Virg.

421 3183 548 3233 AEn.
574 3182 601 3233 1
619 3220 635 3245 ,
663 3181 794 3236 ²56:
819 3207 842 3229 ι
871 3183 1032 3236 Parce
1058 3197 1224 3248 metu,
1247 3183 1442 3255 Cythe-

420 3279 510 3313 ren
536 3278 549 3312 :
583 3276 802 3316 manent
823 3263 1044 3316 immota
1069 3276 1282 3317 tuorum
1315 3263 1444 3315 Fata

423 3340 520 3393 tibi
543 3367 566 3390 ι
587 3359 603 3407 ;
645 3353 736 3396 aut
775 3341 921 3415 quod
953 3345 1137 3398 AEolus
1175 3343 1244 3396 ad
1282 3343 1445 3396 Juno·

419 3441 576 3486 nem,
605 3423 1404 3496 AEn.1,76‚«tuus,oregin'a
1426 3459 1442 3485 ,

420 3500 552 3573 quid
579 3514 728 3575 optes
741 3541 757 3568 ,
783 3502 1072 3575 Explorate
1106 3503 1280 3569 labor,
1312 3500 1444 3554 mihi

415 3583 562 3652 jussa
596 3601 866 3655 capessere
901 3584 982 3637 fas
1023 3596 1101 3638 est
1124 3609 1169 3638 ι.
1220 3581 1445 3634 Contra·

417 3661 560 3714 rium
585 3662 764 3716 verbis
795 3664 976 3716 Nostri
1001 3675 1080 3717 est
1107 3662 1239 3718 illud
1261 3663 1442 3734 Virgi-

420 3740 474 3792 lii
490 3779 508 3806 ‚
530 3745 655 3794 AEu.
679 3742 735 3793 11
751 3781 767 3806 ,
798 3745 930 3812 595:
963 3768 986 3791 ιι
1007 3763 1242 3816 quonam
1277 3743 1444 3798 nostri

419 3819 516 3873 tibi
543 3839 674 3875 cura
693 3823 910 3876 recessit
937 3847 982 3876 n.

489 3903 580 3968 95.
600 3901 761 3969 Quod
781 3902 968 3955 Tol-ini
987 3913 1040 3955 et
1057 3901 1330 3976 Spondani
1343 3900 1444 3956 edi-

418 3979 495 4032 tio
518 3979 678 4034 habet
695 4023 710 4047 ,
750 3995 800 4032 ee
827 3984 918 4033 illa
943 3986 1059 4035 Ievis
1079 3985 1214 4045 ‹ta-Ii,
1253 3986 1446 4038 Dusae·

415 4060 563 4126 nius,
605 4079 658 4131 p.
685 4063 746 4114 15
764 4098 783 4123 ‚
825 4061 1192 4132 corrigendum
1241 4065 1446 4119 censuit

412 4140 504 4188 illa
538 4142 662 4190 les-es
674 4177 797 4191 .....
805 4159 897 4206 per
928 4141 1308 4196 auras.verum
1341 4144 1446 4197 hoc

1531 1579 1705 1653 ipsum
1733 1583 2022 1655 praferunt
2055 1596 2259 1639 veteres
2286 1584 2431 1638 libri.
2470 1587 2559 1636 Di-

1533 1676 1701 1724 xerat,
1718 1665 1807 1714 illa
1838 1669 1964 1718 leves
1986 1663 2052 1717 G.
2086 1683 2148 1728 ²3
2178 1669 2323 1716 Dixit
2334 1704 2351 1726 ,
2384 1679 2443 1716 at
2472 1667 2563 1717 511a

1531 1746 1683 1794 leves.
1698 1781 1711 1794 .
1727 1744 1949 1812 ‚dilapsa
1974 1745 2036 1796 A.
2066 1755 2119 1796 et
2139 1743 2204 1796 L.

1605 1839 1694 1890 97.
1724 1827 2054 1890 Tantumque,
2081 1827 2183 1885 ait,
2226 1842 2353 1876 sane
2376 1824 2561 1896 prefe-

1532 1912 1659 1955 runt
1695 1901 1824 1954 editi
1845 1919 1861 1966 ς
1912 1901 2005 1956 sed
2058 1903 2124 1957 G.
2172 1922 2201 1956 τι
2256 1909 2558 1964 Tantumne,

1532 1981 1681 2052 quod
1708 1981 1855 2036 haud
1880 1982 2143 2055 ineptum.

1606 2065 1691 2131 98.
1718 2067 1911 2116 Dorida
1940 2078 2065 2116 nata
2094 2063 2256 2117 hahet
2282 2061 2442 2114 Basil.
2468 2061 2561 2114 sed

1534 2140 1679 2194 hunc
1708 2161 1943 2196 errorem
1968 2161 2249 2215 operarum
2272 2159 2416 2204 esse,
2450 2144 2559 2214 jam

1534 2223 1829 2276 observavit
1855 2227 1920 2276 de
1948 2227 2086 2289 Boos
2112 2222 2151 2275 l.
2178 2241 2228 2276 c.
2258 2241 2309 2294 p.
2334 2224 2403 2290 96
2424 2257 2439 2284 ,
2466 2219 2560 2290 qui

1535 2305 1719 2356 Doride
1738 2319 1858 2355 nata
1880 2302 2093 2375 corrigit
2110 2342 2125 2368 ‚
2150 2300 2401 2373 idemque
2420 2305 2563 2355 clare

1533 2382 1726 2456 legitur
1748 2383 1805 2436 in
1844 2380 1910 2435 G.
1950 2401 1995 2435 1.
2034 2387 2174 2436 Nata
2206 2387 2351 2434 valet
2378 2383 2565 2433 Doride

1534 2477 1822 2530 cantumque
1858 2466 2059 2515 debemr
2094 2461 2278 2515 vitiose
2316 2459 2564 2513 exhibent

1535 2543 1595 2596 A.
1619 2555 1672 2596 et
1696 2543 1761 2596 L.
1788 2543 2097 2614 Propertius
2115 2543 2186 2595 ab
2204 2543 2326 2594 Ant.
2347 2545 2412 2594 de
2426 2547 2563 2606 Roqr

1535 2623 1746 2689 citatur,
1790 2623 1885 2676 lib.
1928 2623 1992 2688 1,
2048 2623 2113 2676 18
2132 2663 2148 2689 ,
2188 2621 2252 2675 25
2280 2641 2293 2674 :
2326 2647 2352 2667 a
2374 2624 2443 2673 At
2466 2638 2563 2673 vos

1535 2723 1789 2777 aequoreo
1843 2703 2079 2757 formosa
2139 2701 2339 2756 Doride
2390 2713 2557 2764 nato,

1534 2781 1773 2836 Candida
1799 2781 1937 2836 felici
1972 2783 2158 2836 solvite
2180 2782 2293 2834 vela
2322 2780 2491 2835 choro
2513 2807 2560 2832 n.

1531 2862 1728 2917 Doride
1762 2875 1898 2917 natae
1936 2875 2060 2917 sunt
2094 2861 2463 2926 Oceanitides,
2503 2872 2566 2915 ut

1532 2956 1787 2998 vocantur
1804 2942 2035 3015 Virgilio
2051 2979 2065 3004 ,
2086 2941 2285 3013 Georg.
2304 2942 2407 3006 IV,
2440 2943 2561 3005 341.

1532 3023 1621 3078 Sic
1650 3037 1854 3090 autem,
1876 3021 2049 3094 inquit
2070 3021 2317 3074 Barthius
2342 3022 2399 3074 in
2421 3018 2559 3073 Adv.

1530 3122 1583 3175 p.
1602 3105 1761 3174 2753,
1782 3105 1960 3175 inepte
1978 3111 2131 3156 vocat
2150 3117 2248 3172 per
2264 3099 2563 3154 convicium

1530 3186 1671 3238 Juno
1684 3183 1967 3237 Thetidem
1986 3221 2002 3248 ‚
2027 3183 2325 3248 immemor,
2347 3199 2403 3233 se
2428 3199 2562 3252 quo-

1530 3283 1636 3336 que
1652 3264 1854 3318 Oceani
1876 3262 2041 3316 filiam
2064 3279 2205 3327 esse,
2226 3279 2291 3314 ex
2310 3279 2419 3332 quo
2440 3258 2564 3314 nia·

1532 3342 1600 3426 510
1619 3385 1635 3410 ,
1664 3344 1755 3397 lib.
1776 3343 1963 3397 XXIII
1979 3383 1995 3409 ,
2030 3341 2237 3412 scripsit
2252 3339 2519 3395 Homerus
2541 3358 2559 3392 ε

1528 3427 1806 3480 Ωιαανόντι
1854 3430 1972 3479 nsaw
2014 3427 2199 3496 γένεσιν
2241 3423 2327 3477 καὶ
2368 3425 2562 3494 μητέρα

1534 3507 1708 3564 Τῆθυν.

1605 3603 1691 3655 99.
1716 3591 1777 3636 Ue
1792 3585 1926 3646 milu',
1950 3603 2063 3652 quoe
2078 3585 2284 3652 conjux.
2302 3579 2562 3634 Similiter

1533 3665 1674 3717 Juno
1696 3663 1841 3736 apud
1874 3663 2023 3736 Virg.
2054 3667 2169 3714 AEn.
2191 3662 2246 3727 1,
2284 3664 2385 3724 46:
2420 3687 2447 3706 α
2466 3661 2563 3714 Ast

1535 3761 1635 3816 ego
1650 3783 1666 3810 ‚
1704 3763 1824 3816 quo
1863 3744 2061 3796 Divum
2104 3738 2293 3794 incedo
2333 3741 2557 3812 regina,

1535 3824 1783 3895 ,Iovisque
1814 3823 1880 3874 Et
1918 3840 2070 3876 soror
2110 3833 2163 3872 et
2200 3821 2397 3892 conjux
2413 3844 2455 3872 ι.
2490 3851 2561 3861 -

1532 3906 1599 3957 Et
1632 3905 1817 3958 eadem
1838 3902 2095 3976 'emphasi
2133 3903 2373 3974 egregins
2400 3913 2563 3974 poeta

1534 3995 1711 4038 noster
1728 3987 1933 4045 Racine,
1948 3985 2180 4035 Btr’eann.
2203 3995 2311 4036 act.
2333 3983 2383 4046 1,
2406 4000 2483 4035 sc.
2504 4003 2557 4047 ²,

1536 4083 1585 4116 v.
1608 4082 1674 4134 ²9
1696 4082 1709 4116 :
1733 4091 1759 4110 α
1778 4065 1889 4117 Μοί
1906 4063 2073 4131 ,fille,
2096 4061 2289 4116 femme
2306 4104 2322 4129 ,
2345 4081 2484 4116 soeur
2506 4075 2561 4122 et

1536 4149 1681 4197 mere
1705 4143 1775 4197 de
1802 4163 1894 4198 vos
1922 4143 2136 4197 maitres
2158 4167 2203 4195 n.
2224 4143 2330 4196 Eu.
