2975 4684
722 349 860 419 AD
921 349 1260 420 SALEII
1325 349 1603 420 BASSI
1665 349 2109 420 CARMEN.
2344 348 2481 419 28r

363 473 782 560 Quamquam
811 493 948 536 non
975 468 1260 536 diffiteor
1294 469 1565 536 fortasse
1588 470 1827 538 rectius
1854 469 2045 534 redde
2066 469 2273 558 pilam
2297 470 2381 535 de
2406 495 2485 535 eo

362 573 666 662 intelligi,
701 573 852 660 qui,
892 573 1043 660 quia
1075 571 1234 636 scite
1259 573 1597 661 expulsam
1628 571 1824 658 pilam
1848 594 1983 636 non
2016 587 2301 660 poterat,
2321 591 2494 638 utra-

361 698 492 766 que
541 701 740 744 manu
781 677 1106 767 captabat,
1153 693 1228 741 ut
1279 677 1581 742 redderet
1624 678 1728 742 vel
1762 677 2129 742 restitueret
2158 679 2365 742 lusori
2406 678 2489 742 ad

365 777 724 844 finiendum
780 781 884 843 vel
929 779 1376 846 renovandum
1427 779 1665 844 lusum.
1730 779 1882 862 Quo
1939 801 2133 844 sensu
2186 780 2313 843 alio
2346 781 2491 844 loco

364 880 669 946 Martialis
696 928 715 963 ‚
762 882 940 962 xw,
977 881 1134 946 163:

645 1019 823 1075 Redde
839 1019 1004 1094 pilam
1021 1060 1036 1084 ,
1078 1031 1226 1074 sonat
1245 1039 1312 1075 os
1334 1021 1658 1107 tbermarum
1684 1040 1698 1074 ε
1723 1021 1905 1074 ludere
1933 1021 2147 1094 pergis?
2248 1004 2271 1032 ⁸

369 1156 618 1220 Clarius
647 1157 963 1219 remittere
989 1154 1150 1219 dixit
1166 1155 1406 1220 Seneca
1423 1202 1442 1236 ,
1470 1153 1552 1218 de
1569 1156 1789 1220 Benef.
1808 1154 2033 1240 liu-11,
2052 1177 2111 1219 c.
2144 1153 2258 1220 32:
2277 1155 2496 1218 «Sicut

365 1257 434 1318 in
464 1256 614 1320 lusu
657 1271 754 1319 est
781 1255 1063 1344 aliquid,
1107 1255 1306 1344 pilam
1345 1255 1506 1320 scite
1537 1278 1612 1322 ac
1643 1254 1986 1346 diligenter
2018 1256 2340 1344 excipere3
2381 1255 2496 1322 sed

367 1379 502 1420 non
542 1354 780 1422 dicitur
812 1355 1029 1421 bonus
1057 1358 1270 1441 lusor,
1299 1359 1424 1422 nisi
1468 1360 1583 1447 qui
1616 1373 1763 1448 apte
1800 1374 1867 1422 et
1897 1357 2191 1448 expedite
2224 1359 2499 1440 remisit,

365 1481 564 1546 quam
602 1474 941 1547 exceperat
955 1490 1002 1522 ι».
1035 1459 1373 1549 Expellere
1402 1475 1469 1524 et
1507 1462 1843 1549 expulsare
1874 1477 1971 1526 est
2002 1460 2195 1553 pilam
2238 1460 2506 1523 venien·

373 1576 510 1624 tem
559 1559 644 1625 de
673 1583 873 1625 cursu
904 1583 1027 1626 suo
1059 1562 1370 1626 aliorsum
1401 1561 1670 1648 pellere,
1716 1560 1897 1652 quod
1928 1561 1982 1626 si
2018 1561 2363 1651 saepissime
2398 1583 2503 1632 re-

367 1662 505 1750 peti
525 1709 545 1744 ,
580 1660 1075 1751 diutissimeque
1095 1661 1392 1753 impediri
1415 1685 1601 1727 casus
1622 1663 1690 1726 in
1702 1679 1938 1728 terram
1962 1677 2250 1749 poterat,
2271 1661 2501 1741 jucun·

366 1763 668 1828 dissimus
695 1764 876 1826 lusus
890 1810 909 1845 ,
935 1778 1002 1826 et
1027 1785 1282 1828 summa
1313 1764 1452 1829 laus
1478 1762 1859 1828 habebatur.
1887 1761 2268 1843 Petronius,
2304 1785 2361 1825 c.
2386 1782 2499 1847 27:

368 1897 396 1922 ιι
417 1865 578 1931 alter
607 1865 996 1930 numerabat
1029 1865 1186 1953 pilas
1206 1890 1224 1947 ;
1245 1889 1378 1929 non
1413 1865 1680 1954 quidem
1712 1887 1818 1928 eas
1837 1914 1854 1941 ‚
1890 1883 2050 1952 quas
2077 1863 2248 1926 inter
2270 1882 2501 1926 manus

369 1975 524 2038 lusu
559 1965 949 2055 expellentes
979 1965 1353 2049 vibrabant,
1401 1964 1517 2030 sed
1549 1989 1655 2030 eas
1692 1989 1839 2054 quae
1870 1966 1939 2028 in
1975 1980 2213 2029 terram
2246 1961 2505 2028 decide-

365 2068 525 2134 bant
542 2099 592 2133 ι».
633 2069 842 2132 Varro
891 2067 1068 2156 apud
1103 2067 1428 2149 Nonium,
1463 2090 1609 2157 pag.
1646 2071 1811 2146 104³
1856 2067 2259 2155 «Purgatum
2292 2066 2455 2130 scito
2478 2111 2497 2144 ,

369 2196 568 2262 quam
590 2172 838 2238 videbis
851 2175 1076 2238 Romoe
1107 2175 1174 2237 in
1209 2173 1356 2237 foro
1379 2189 1530 2238 ante
1552 2174 1837 2238 lanienas
1864 2195 2105 2262 pueros
2124 2172 2251 2261 pila
2276 2172 2502 2260 expul-

369 2277 493 2340 sim
537 2273 785 2338 ludere.
807 2305 834 2331 υ
867 2275 1124 2340 Nonius
1167 2275 1259 2339 ibi
1309 2275 1625 2364 expulsine.
1670 2274 1919 2341 dictum
1968 2275 2059 2339 ait
2108 2297 2145 2340 a
2172 2273 2509 2363 frequenti

359 2375 574 2466 pulsu.
611 2378 698 2442 Et
727 2378 1134 2465 frequentem
1170 2378 1272 2440 vel
1303 2377 1654 2464 repetitum
1682 2378 1947 2466 pulsum
1978 2377 2225 2442 Saleius
2258 2375 2507 2439 indicat

366 2479 568 2544 verbo
581 2482 908 2566 geminare
923 2526 943 2558 ,
965 2477 1146 2567 quod
1175 2479 1524 2567 saepissime
1548 2477 1863 2568 signifieat
1888 2477 2063 2543 aliud
2088 2478 2193 2541 alii
2227 2474 2502 2558 addere,

369 2597 694 2670 repetere,
745 2583 1009 2662 iterare,
1060 2580 1462 2662 continuare.
1520 2582 1745 2645 Horat.
1782 2581 1914 2644 Art.
1961 2580 2141 2645 Poet.
2194 2579 2269 2643 13
2290 2627 2309 2662 ,
2369 2579 2509 2644 Ser-

355 2697 575 2770 pentes
619 2683 838 2748 avibus
879 2684 1306 2768 geminentur,
1346 2683 1604 2770 tigribus
1646 2684 1817 2769 agni.
1852 2681 2078 2770 virgil.
2119 2680 2353 2769 Georg.
2405 2679 2504 2760 11,

375 2781 534 2867 508,
577 2787 944 2872 geminatur
986 2783 1294 2873 plausu&
1340 2781 1517 2873 apud
1570 2781 1872 2849 eumdem
1896 2831 1913 2864 ‚
1953 2783 2193 2872 Georg.
2226 2783 2285 2863 Ι,
2341 2779 2503 2862 333,

371 2889 764 2972 ingeminant
787 2908 974 2950 voces
1003 2889 1176 2950 corvi
1183 2910 1211 2965 ;
1259 2901 1325 2950 et
1347 2883 1503 2950 AEn.
1519 2886 1599 2962 V,
1630 2885 1756 2973 457
1774 2934 1793 2966 ,
1832 2885 2067 2950 dextra
2106 2885 2506 2972 ingeminans

373 2988 530 3052 ictus
570 2986 842 3052 dicitur..
877 2986 1181 3052 Manilius
1195 3035 1214 3068 ,
1261 2986 1374 3051 lib.
1393 2985 1474 3068 V,
1514 2987 1633 3074 167
1652 3035 1669 3067 ,
1702 2987 2054 3074 glomerare
2106 2988 2265 3050 ictus
2291 2981 2503 3064 dicit,

373 3088 555 3176 quod
607 3089 854 3152 Saleius
886 3090 1209 3176 geminare
1236 3087 1450 3176 pilam
1467 3111 1492 3148 .-

649 3217 1040 3291 Mobilibnsque
1065 3223 1197 3272 citos
1217 3218 1352 3271 ictus
1378 3217 1675 3290 glomerare
1702 3220 1934 3274 lacertis.

371 3353 472 3416 Ad
500 3353 944 3442 expellendam
974 3354 1225 3444 pilam
1206 3377 1277 3418 ιιι
1306 3356 1608 3444 trigonali
1640 3357 1894 3429 sinistra
1926 3377 2129 3418 manu
2162 3376 2316 3418 usos
2364 3377 2501 3419 esse

374 3455 508 3520 ludi
539 3457 814 3545 peritos,
850 3480 887 3521 e
927 3481 1119 3523 versu
1165 3457 1472 3523 Martialis
1511 3459 1813 3548 superius
1867 3459 2063 3523 citato
2118 3473 2329 3545 patet,
2367 3479 2507 3520 am·

374 3557 672 3646 pliusque
706 3558 1178 3625 confirmatur
1159 3560 1298 3625 istis
1334 3583 1413 3624 ex
1443 3559 1611 3623 libro
1643 3558 1803 3640 VII,
1836 3557 1971 3645 73:

795 3693 1138 3766 Siepalmam
1169 3695 1266 3748 tiib
1295 3693 1363 3748 de
1331 3695 1529 3766 etriog
1530 3713 1599 3747 ne
1568 3692 1773 3747 cnudo

796 3778 982 3831 Unctoe
1007 3776 1097 3830 det
1122 3779 1272 3832 favor
1303 3779 1501 3832 arbiter
1526 3795 1737 3831 corono
1752 3817 1767 3842 ‚

794 3863 904 3916 Nec
925 3860 1106 3916 laudet
1131 3861 1322 3936 Polybi
1348 3863 1519 3934 magis
1547 3862 1799 3916 sinistras.

375 3985 518 4050 Hoc
550 3985 703 4052 inde
735 4007 875 4052 esse
915 3987 1194 4051 arbitror
1215 4035 1234 4070 ,
1268 3987 1450 4076 quod
1479 3988 1608 4076 pila
1647 3985 1973 4076 trigonalis
2002 3985 2389 4074 plerumque
2420 3969 2529 4050 ita*

377 4086 792 4154 emittebatur
827 4089 894 4152 in
937 4088 1212 4153 alterum
1233 4137 1252 4166 ‚
1290 4103 1364 4152 ut
1399 4089 1480 4153 ab
1516 4088 1645 4152 hoc
1681 4083 2055 4176 expellenda
2090 4085 2158 4150 in
2205 4084 2507 4152 dextrum
