2975 4684
855 337 958 407 IN
1016 337 1419 405 HOMERI
1482 338 1945 408 ILIADEM.
2322 342 2463 413 625

827 572 1346 642 PERIOCHA
1407 558 1501 639 v*
1534 576 1979 645 ILIADOS.

612 764 713 821 Hic
736 779 789 820 et
805 766 1070 839 Tydidem
1089 767 1350 820 monitum
1373 767 1611 821 Tritonia
1630 768 1801 823 Panas

611 855 816 909 Audaci
835 856 1029 910 virtute
1053 857 1221 929 replet
1242 874 1257 910 t
1294 858 1461 910 vomit
1485 876 1646 911 aurea
1670 857 1909 913 flammas

611 943 784 997 cassis
801 981 818 1007 ‚
851 959 904 998 et
924 943 1216 997 undantem
1240 945 1460 1017 clypeus
1485 928 1795 1017 defulgurat
1821 946 2020 1017 ignem.

617 1032 739 1104 Ipse
758 1032 1050 1085 autumnali
1073 1032 1272 1085 clarum
1299 1033 1464 1086 micat
1487 1033 1709 1087 aemulus
1728 1046 1888 1087 astro.

421 1181 772 1250 Diomedes
797 1186 1034 1249 auxilio
1068 1186 1372 1251 Minervae
1405 1203 1667 1251 strenue
1697 1188 2271 1275 praeliatur.Venus
2304 1215 2467 1281 quo·

333 1314 462 1379 que
490 1290 621 1354 filio
646 1290 991 1354 subvenire
1017 1306 1248 1353 conata
1265 1338 1283 1370 ‚
1315 1291 1587 1355 vulnere
1612 1290 1863 1356 adfecta
1886 1292 2265 1383 digreditur.
2294 1298 2467 1362 Mars

331 1398 523 1461 etiam
573 1395 648 1460 fit
687 1396 978 1479 saucius,
1037 1396 1418 1484 exceditque
1467 1398 1660 1463 bello,
1712 1398 2023 1487 Sequitur
2063 1402 2420 1490 Tlepolemi
2447 1455 2465 1486 ,

331 1502 852 1593 sarpedonisque
909 1502 1314 1591 congressi03
1365 1520 1432 1568 et
1483 1504 1898 1592 Tlepolemus
1954 1508 2249 1572 Herculis
2303 1508 2469 1574 filius

333 1609 684 1673 certamine
713 1606 920 1672 victus
950 1605 1288 1672 occiditur.

803 1782 1348 1909 PERIOCHA.
1378 1837 1482 1905 Vl
1545 1836 1989 1908 ILIADOS.

611 2013 744 2065 801ae
771 2000 1042 2066 decertant
1067 2011 1204 2065 acies
1229 2012 1343 2066 sine
1363 2012 1582 2065 numine
1602 2013 1795 2066 Divum
1814 2056 1829 2080 ,

611 2102 863 2155 Cessante
892 2100 1120 2167 auxilio;
1147 2120 1238 2153 sua
1267 2101 1460 2173 cuique
1486 2120 1669 2155 exorsa
1695 2103 1931 2155 laborem
1946 2107 2049 2175 (1),

610 2190 1004 2261 Fortunamque
1033 2189 1240 2254 ferunt,
1258 2188 1460 2260 proprii
1492 2188 1801 2243 discrimine
1830 2192 1939 2245 fati.

415 2330 710 2409 Trojanis
743 2330 1005 2393 fortuna
1041 2329 1444 2394 inclinatiore
1470 2331 1913 2419 pugnantibus
1931 2381 1948 2412 ‚
1977 2348 2151 2397 vates
2175 2334 2465 2402 Helenus

330 2436 588 2518 suadet,
605 2452 698 2499 ·ut
715 2436 1006 2501 Minerva
1028 2436 1336 2522 placetur.
1373 2434 1581 2523 Igitur
1610 2437 1877 2501 Hecuba
1903 2438 1987 2501 ab
2012 2440 2292 2503 Hectore
2320 2466 2464 2507 mo·

331 2538 496 2623 nita,
530 2558 606 2605 ut
635 2540 902 2629 peplum
934 2541 1001 2604 in
1038 2562 1250 2605 arcem
1276 2540 1544 2621 inferat,
1577 2542 1828 2630 peragit
1857 2558 2007 2606 vota
2048 2566 2199 2608 cum
2241 2550 2463 2611 matri-

329 2648 474 2713 bus,
501 2645 866 2713 Alexander
900 2646 1277 2735 objurgatus
1308 2669 1347 2709 a
1373 2646 1567 2710 fratre
1592 2648 1805 2735 pergit
1834 2648 1901 2711 in
1932 2650 2242 2737 praelium.
2270 2654 2467 2718 Glau-

330 2778 444 2819 cus
482 2754 716 2843 Lycius
734 2804 751 2831 ,
776 2752 1168 2841 AEtolusque
1201 2750 1551 2816 Diomedes
1581 2754 1907 2843 congressi
1938 2772 2010 2819 ut
2050 2754 2427 2823 dimicarent
2446 2810 2465 2842 ‚

330 2884 534 2949 quum
565 2859 698 2939 jam
731 2874 1055 2923 certamen
1095 2860 1392 2940 oriretur,
1426 2874 1693 2947 paterna
1728 2858 1898 2921 inter
1932 2882 2002 2923 se
2048 2860 2323 2950 hospitia
2362 2887 2465 2929 re·

329 2966 613 3048 cordati,
649 2966 812 3031 facta
848 2988 1178 3029 armorum
1215 2964 1691 3053 permutatione
1712 3012 1729 3044 ,
1764 2963 2126 3029 discedunt.

779 3142 1310 3212 PERIOCHA
1361 3140 1513 3208 VII
1575 3140 2020 3209 ILIADOS.

613 3337 737 3393 Haec
759 3338 854 3392 ubi
872 3336 1016 3391 dicta
1037 3336 1184 3390 dedit
1200 3376 1216 3403 ‚
1231 3336 1398 3409 portis
1423 3354 1533 3389 sese
1561 3335 1743 3388 extulit
1762 3334 1971 3390 Hector.

419 3502 726 3567 Minervae
760 3497 1204 3587 Apollinisque
1253 3516 1611 3575 consensu,
1659 3494 2045 3559 fortissimus
2090 3496 2463 3565 Graecorum

333 3610 416 3674 ab
449 3609 729 3673 Hectore
750 3619 1162 3694 provocatur.
1187 3602 1438 3665 Novem
1464 3599 1741 3665 ducibus
1767 3598 1844 3665 ad
1882 3599 2325 3667 dimicandum
2352 3630 2465 3694 pa-

331 3716 484 3783 ratis
501 3763 521 3796 ‚
552 3726 998 3801 pugnaturum
1040 3708 1230 3798 deligi
1256 3708 1462 3797 placet
1494 3706 1683 3770 sortis
1716 3721 1977 3771 eventu.
2004 3706 2106 3770 Ab
2134 3706 2320 3787 Ajace
2344 3712 2465 3777 Te·

404 3894 484 3962 (1)
520 3894 620 3941 Sua
657 3891 833 3955 cuique
873 3904 1058 3937 exorsa
1093 3886 1322 3935 laborem.
1362 3883 1448 3937 Sic
1490 3892 1597 3935 vet.
1631 3878 1750 3936 cod.
1789 3881 1929 3934 Mar.
1960 3880 2083 3935 Ace.
2120 3912 2189 3923 -—
2218 3884 2320 3940 Hic
2344 3888 2469 3942 Vir.

332 3980 520 4053 gilium
555 3975 624 4029 ad
656 3975 878 4028 verbum
913 3972 1198 4039 exscribit,
1221 3974 1340 4025 AEn.
1357 3970 1432 4037 X,
1459 3988 1551 4023 ιιι
1573 3986 1585 4019 :
1622 3994 1645 4016 -ι
1666 3986 1765 4022 sua
1793 3968 1986 4040 cuique
2011 3987 2199 4024 exorsa
2224 3970 2464 4030 laborem

337 4070 736 4137 Fortunamque
763 4064 929 4116 serent
945 4088 984 4114 n.
1011 4060 1110 4114 En.

537 4160 674 4228 m.
989 4178 994 4181 ·
2036 4118 2041 4128 ’
2134 4151 2227 4234 4ο
