2975 4684
472 371 567 453 44
1088 370 1223 439 DE
1282 373 1971 455 AUCTORIBUS,

475 519 669 579 num,
705 497 1193 564 Cordubensem
1210 547 1229 581 ‚
1271 501 1718 588 pronuntiant.
1776 499 1987 580 Hujus
2041 498 2378 564 sententiae
2424 499 2606 566 velut

474 603 931 693 antesignanus
966 622 1063 670 est
1096 604 1461 670 Hadrianus
1497 607 1726 671 Iunius
1762 606 1893 694 (1),
1923 605 2036 693 qui
2070 627 2311 669 nomen
2349 627 2604 694 germa-

476 730 639 772 num
672 709 951 774 auctoris
991 710 1327 775 contendit
1359 711 1427 774 in
1464 711 1811 800 exemplari
1849 711 2013 800 legi,
2051 708 2231 798 quod
2264 711 2333 774 in
2369 710 2606 775 biblio·

474 811 662 878 theca
686 814 963 880 ecclesiae
989 816 1276 906 Deiparae
1292 816 1576 905 Virginis
1603 815 2036 881 Atrebatensis
2049 863 2068 896 ,
2091 817 2468 904 reperiatur,
2487 816 2604 881 ubi

475 918 615 984 haec
660 921 745 986 sit
786 921 1121 1012 inscriptio
1152 923 1482 988 carminis:
1508 923 1756 988 Lucani
1779 946 2005 1011 poema
2054 924 2150 987 ad
2198 923 2606 1012 Calpurnium

474 1027 763 1092 Pisonem
799 1052 889 1092 ex
928 1027 1085 1094 libro
1125 1028 1511 1095 catalecton.
1551 1030 1628 1094 ln
1674 1029 1899 1094 eadem
1935 1030 2245 1119 opinione
2283 1045 2438 1097 sunt
2473 1030 2606 1096 Ios.

472 1131 753 1223 Scaliger
770 1133 863 1222 (a)
885 1151 952 1199 et
980 1135 1155 1200 Petr.
1182 1133 1469 1200 Pithoeus
1490 1133 1586 1223 (3)
1607 1183 1626 1217 ‚
1651 1135 1765 1224 qui
1796 1135 1879 1200 ad
1913 1136 2178 1200 titulum
2207 1135 2510 1200 carminis
2535 1137 2604 1202 in

474 1237 731 1304 schedis
762 1241 1006 1304 calamo
1038 1241 1307 1306 exaratis
1340 1241 1680 1306 inventum
1716 1257 2100 1330 provocant:
2129 1241 2376 1306 Lucani
2407 1241 2606 1308 Cata-

472 1345 679 1410 lecton
712 1346 793 1410 de
832 1345 1025 1410 laude
1058 1348 1326 1412 Pisonis,
1364 1347 1516 1412 Haec
1547 1349 1880 1438 inscriptio
1917 1364 2136 1413 utrum
2170 1347 2457 1429 ejusdem
2479 1397 2498 1430 ,
2525 1371 2608 1412 an

479 1452 714 1517 diversi
766 1453 850 1516 ab
909 1474 1017 1536 ρο,
1046 1476 1243 1541 quem
1288 1455 1526 1518 lunius
1567 1454 1758 1535 citat,
1787 1453 2027 1518 codicis
2077 1454 2190 1534 sit,
2217 1454 2323 1517 vix
2373 1454 2612 1542 poterit

478 1557 807 1624 affirmari.
836 1559 1157 1649 Scaligero
1190 1559 1471 1626 adsentit
1500 1561 1650 1626 Ger.
1685 1561 1784 1624 Io,
1811 1561 2078 1625 Vossius
2103 1560 2220 1648 (4).
2243 1563 2428 1649 Casp.
2455 1563 2608 1626 Bar·

478 1665 655 1729 thius
688 1666 808 1729 etsi
847 1666 985 1730 aliis
1028 1666 1403 1731 auctoribus
1445 1668 1674 1732 solitus
1709 1683 1847 1732 erat
1891 1665 1960 1730 id
2007 1689 2240 1755 poema
2287 1667 2572 1732 tribuere
2589 1716 2610 1750 ,

481 1786 700 1836 tamen
732 1787 797 1836 et
836 1771 1005 1836 hanc
1040 1771 1121 1836 de
1159 1773 1422 1838 Lucano
1452 1773 1840 1838 sententiam
1877 1771 1964 1836 ita
1997 1771 2295 1860 adoptat,
2321 1787 2397 1836 ut
2426 1787 2614 1860 putet

480 1877 648 1942 adeo
681 1899 941 1943 carmen
976 1877 1060 1942 ad
1103 1878 1409 1944 Pisonem
1450 1901 1530 1943 ex
1575 1879 1746 1943 libro
1796 1878 2016 1966 aliquo
2061 1878 2378 1942 Silvarum
2400 1926 2419 1959 ,
2453 1901 2612 1966 quas

482 2006 523 2048 a
572 1985 835 2048 Lucano
895 1984 1163 2073 scriptas
1213 2007 1351 2049 esse
1394 1999 1620 2050 auctor
1660 1999 1848 2048 vetus
1893 1983 2029 2063 ejus
2063 1983 2209 2047 vitae
2263 1999 2612 2066 memorat,

484 2089 757 2154 ductum
808 2111 947 2154 esse
978 2089 1094 2176 (5).
1127 2089 1256 2155 Sed
1305 2090 1476 2154 hanc
1522 2089 1816 2176 quamvis
1865 2083 2428 2154 celebratissimam
2473 2088 2616 2176 opi·

484 2195 773 2258 nionem·
803 2191 885 2258 de
930 2209 1195 2258 auctore
1240 2193 1506 2258 Lucano
1551 2196 1740 2259 multi
1789 2195 1894 2258 alii
1937 2194 2126 2274 justis
2183 2194 2618 2284 gravibusque

486 2298 569 2364 de
613 2299 851 2362 caussis
892 2299 1455 2388 impugnaverunt.
1503 2299 1810 2387 Princeps
1849 2300 1988 2380 ejus
2039 2299 2373 2364 sententiae
2415 2305 2526 2365 est'
2559 2301 2614 2364 J.

484 2404 739 2493 Lipsius
762 2404 845 2469 ad
862 2406 1015 2469 Tac.
1042 2405 1275 2469 Annal.
1297 2404 1476 2486 XIV,
1508 2409 1586 2482 14
1602 2452 1620 2486 ,
1667 2427 1864 2493 quem
1893 2421 2260 2493 sequuntur
2284 2405 2406 2470 Th.
2429 2407 2619 2470 Dem-

485 2529 743 2602 spterus
769 2511 851 2576 ad
878 2510 1102 2576 Rosin.
1132 2532 1274 2601 pag.
1304 2532 1428 2598 993
1470 2513 1660 2599 Casp.
1687 2511 1986 2576 Barthius
2013 2511 2095 2576 ad
2121 2510 2305 2577 Statii
2333 2511 2480 2576 Silv.
2507 2511 2611 2593 11,

492 2642 555 2708 7,
587 2617 705 2700 54,
728 2641 791 2706 p.
815 2615 942 2696 254
969 2615 1101 2705 (6);
1142 2617 1327 2682 Gisb.
1353 2605 1650 2706 Cuperus
1671 2666 1690 2700 ‚
1724 2618 1994 2683 Observ.
2019 2601 2130 2683 lis).
2148 2619 2279 2701 111,
2299 2641 2356 2684 c.
2395 2620 2619 2699 13011-

490 2724 889 2812 dendorpius
914 2722 996 2788 ad
1010 2723 1207 2788 vitam
1225 2723 1468 2788 Lucani
1488 2747 1526 2789 e
1547 2719 2012 2790 commentario
2043 2724 2312 2811 antiquo
2329 2771 2348 2806 ,
2368 2739 2504 2788 not.
2525 2725 2616 2806 X3

484 2833 585 2897 Jo.
614 2830 761 2896 Alb.
795 2828 1153 2912 Fabricius,
1180 2829 1341 2894 Bibl.
1370 2830 1504 2896 Lat.
1541 2830 1652 2894 lib.
1691 2853 1718 2893 1
1745 2878 1763 2913 ,
1787 2851 1926 2918 cap.
1953 2851 2028 2894 12
2048 2878 2067 2912 ‚
2093 2852 2164 2917 p.
2193 2851 2346 2917 227·
2372 2829 2618 2896 Prima·

486 2939 661 3012 rium
698 2936 782 3002 ab
826 2936 928 3000 his
963 2937 1115 3001 viris
1148 2952 1607 3026 argumentum
1642 2935 1904 3002 ducitur
1937 2960 1974 3000 a
2014 2952 2388 3025 paupertate
2423 2954 2490 3002 et
2526 2954 2620 3001 te-

489 3045 607 3108 nui
650 3044 917 3108 fortuna
936 3091 955 3125 ‚
997 3066 1193 3131 quam
1237 3059 1431 3132 poeta
1473 3041 1850 3133 profitetur,
1889 3065 2033 3130 quae
2084 3041 2412 3107 conciliari
2467 3065 2618 3106 cum

488 3148 726 3214 divitiis
772 3165 839 3212 et
880 3147 1223 3237 splendore
1265 3149 1512 3213 Lucani
1561 3149 1808 3237 nequit.
1861 3148 2124 3213 Praestat
2158 3149 2286 3214 hoc
2322 3147 2620 3237 gravibus

491 3256 691 3346 Lipsii
738 3254 950 3320 verbis
1010 3256 1345 3321 enuntiare
1376 3279 1393 3322 ε
1435 3288 1461 3312 α
1483 3257 1600 3320 Ille
1635 3257 2033 3344 quicumque
2087 3271 2278 3344 poeta
2299 3304 2318 3338 ‚
2359 3255 2620 3344 ignotus

563 3489 642 3560 (ι)
675 3486 963 3540 Animadv.
985 3486 1195 3552 lih.vl,
1219 3505 1331 3560 cap.
1359 3507 1407 3541 1.
2217 3557 2224 3566 ·

564 3601 643 3668 (a)
677 3597 838 3651 Initio
868 3609 1118 3651 notarum
1138 3597 1196 3650 in
1217 3597 1470 3670 Eclogam
1487 3595 1690 3650 Lucani
1717 3596 1774 3648 in
1792 3593 2198 3668 Append.Virg.
2219 3613 2277 3666 p.
2303 3613 2421 3666 ²79.

564 3707 643 3776 (3)
678 3707 743 3759 In
770 3705 1029 3761 emendat.
1048 3704 1119 3760 ad
1151 3705 1419 3760 Poematia
1447 3718 1550 3760 vet.
1583 3723 1708 3778 pag.
1739 3709 1856 3759 260.

571 3819 650 3888 (4)
676 3815 753 3869 De
776 3815 913 3871 Hist.
934 3817 1051 3870 Lat.
1075 3817 1175 3870 lib.
1195 3819 1221 3869 1
1244 3855 1261 3880 ,
1292 3834 1412 3889 cap.
1441 3821 1526 3870 26.
1835 3885 1839 3890 '

568 3925 649 3997 (5)
682 3925 927 3980 Bar-thius
954 3925 1024 3980 ad
1046 3925 1177 3981 Stat.
1196 3925 1369 3979 Theb.
1392 3926 1473 3978 v1
1492 3964 1508 3989 ‚
1547 3927 1647 3980 322
1666 3966 1682 3991 ‚
1711 3943 1830 3997 pag.
1854 3929 1977 3993 469.

568 4038 647 4106 (6)
664 4037 875 4090 Confer.
894 4034 1035 4092 idem
1059 4035 1129 4090 ad
1151 4033 1341 4118 fflaud.
1368 4035 1538 4089 Laud.
1564 4033 1771 4089 stilich.
1793 4035 1820 4086 1
1837 4072 1853 4098 ,
1881 4037 1981 4099 ,ὃς
2001 4035 2069 4088 ad
2103 4034 2420 4090 Stat.'l'heh.
2441 4033 2533 4086 lib.
2565 4035 2634 4098 fa.

494 4143 550 4198 p.
578 4123 675 4189 254
697 4137 746 4177 et
772 4125 892 4188 456.
915 4155 985 4165 —-
1002 4123 1219 4182 Advers.
1242 4123 1446 4177 XXVII
1463 4160 1477 4185 ‚
1506 4123 1601 4189 133
1636 4117 1814 4174 xle
1829 4162 1844 4188 ,
1880 4143 1926 4186 7.
