2975 4684
441 344 580 429 634

1294 348 1717 417 AUSONn
1819 424 1824 433 ,

631 468 982 538 Vindicem
1021 468 1327 537 adulterii
1365 495 1577 564 quum
1614 469 2103 563 Clytemnestra
2146 470 2385 543 necet?

513 668 562 723 4.
603 668 760 728 Quum
794 666 1161 724 clytemnestra.
1187 662 1462 715 Mutat-unt

444 741 542 793 viri
570 740 712 794 docti
738 740 792 793 in
821 746 1150 807 Clytemestra.
1191 740 1356 806 Quod
1381 742 1460 794 uti

444 841 556 873 non
582 821 826 893 improbo
844 862 860 886 ,
881 822 951 874 ita
976 840 1076 874 nec
1096 820 1374 894 pristinam
1397 821 1468 873 le-

445 901 676 954 ctionem
719 900 915 975 rejicio.
969 901 1064 953 Est
1111 902 1252 959 enim
1299 901 1463 973 poetis

445 994 552 1033 tam
575 980 772 1033 Latinis
791 1000 949 1051 quam
979 981 1180 1034 Graecis
1202 1000 1466 1053 perquam

451 1060 722 1112 familiaris
755 1060 845 1113 illa
881 1060 1049 1131 longo
1094 1059 1221 1114 alias
1249 1060 1464 1133 syllaba

448 1140 724 1211 correptio‚
736 1151 976 1211 respectu
1002 1138 1219 1211 liquida
1235 1152 1286 1193 et
1309 1151 1466 1191 muto

449 1220 894 1275 concurrentium.
941 1219 1028 1275 Sic
1079 1230 1136 1272 et
1185 1222 1466 1287 Polrmneia

1551 661 1695 737 apud
1717 664 1905 716 Horat.
1929 663 1955 714 1
1974 700 1991 723 ‚
2024 660 2113 715 od.
2146 680 2167 714 1
2196 679 2211 724 ;
2244 666 2586 725 Polymnestor-

1550 742 1694 813 apud
1714 741 2076 814 Propertium,
2104 752 2157 793 et
2175 740 2336 793 ovid.
2354 741 2581 793 Metam.

1552 823 1685 875 XIII
1704 865 1719 887 ,
1744 842 1821 875 vs.
1842 822 1941 887 431
1966 840 1983 885 ;
2028 834 2081 875 et
2106 824 2405 889 smaragdus
2428 818 2578 892 apud

1553 902 1849 957 Martialem
1884 914 2066 957 eontra
2097 900 2363 973 prosodia
2390 898 2585 969 vulga-

1553 1002 1638 1037 re·
1656 982 1862 1053 regulas
1882 980 2169 1035 secundam
2190 980 2452 1053 syllabam
2472 996 2589 1030 cor-

1554 1062 1698 1133 ripit.
1722 1062 1788 1114 In
1816 1058 2159 1133 diphthongis
2187 1070 2363 1112 autem
2388 1059 2589 1110 Noster

1556 1150 1617 1193 ut
1649 1140 1940 1211 plurimum
1971 1140 2192 1192 alteram
2222 1137 2455 1211 proterit
2489 1152 2589 1187 vo-

1559 1219 1728 1272 ealem
1746 1256 1762 1283 ,
1786 1219 1884 1273 ubi
1900 1218 2105 1292 syllaba
2128 1216 2469 1289 corripienda
2490 1226 2585 1268 est.

1191 1419 1283 1485 ΙΙ.
1333 1416 1845 1484 MENELAO.

551 1602 762 1668 Fnux
796 1626 836 1666 o
873 1598 1208 1685 Menelae‚
1239 1602 1464 1669 Deum
1502 1599 1612 1667 cui
1646 1597 1869 1666 debita
1910 1597 2132 1681 sedeS,

643 1712 1133 1806 Decretumque
1168 1711 1298 1806 piis
1327 1710 1645 1779 Manibus
1682 1706 2004 1802 Elysium.

552 1824 901 1919 Tyndareo
935 1824 1172 1895 dilecte
1201 1850 1432 1919 gener,
1459 1823 1697 1893 dilecte
1726 1824 2055 1905 Tonanti,

650 1934 969 2029 Conjugii
998 1935 1238 2003 vindex
1253 1988 1272 2020 ‚
1287 1933 1482 2017 ‚ultor
1513 1931 1821 2003 adulterii
1842 1958 1863 2019 ;

517 2054 522 2059 ’
553 2047 826 2114 AEterno
867 2044 1122 2140 pollens
1147 2070 1324 2132 ωνο,
1351 2061 1733 2139 aeternaque
1762 2045 2075 2137 juventa,
2574 2060 2597 2095 ⁵

651 2158 792 2227 Nec
827 2153 942 2223 leti
987 2179 1224 2250 passus
1260 2170 1595 2251 tempora,
1624 2179 1749 2224 nec
1782 2153 1969 2223 senii.

537 2406 586 2437 2.
617 2390 774 2437 Deum
794 2390 874 2439 cui
897 2390 1060 2439 debita
1080 2392 1238 2442 sedes.
1259 2388 1482 2441 Proteus

461 2464 700 2517 Menelao
747 2466 1066 2519 vaticinatur
1108 2468 1248 2520 libro
1288 2480 1482 2540 quarto

461 2541 712 2615 Odyssea
731 2544 978 2609 Homeri,
1006 2566 1156 2612 eum,
1173 2546 1299 2619 quia
1327 2546 1480 2599 Hele-

461 2641 542 2674 nae
571 2625 788 2677 maritus
816 2636 950 2677 esset
972 2662 988 2689 ,
1027 2637 1079 2676 et
1115 2626 1191 2678 sic
1215 2625 1363 2678 Jovis
1391 2644 1481 2697 ge·-

460 2720 576 2766 ner,
596 2722 705 2757 non
729 2704 1042 2758 moriturum
1055 2704 1235 2776 ArgiS,
1254 2722 1483 2776 quorum

1568 2404 1661 2438 rex
1686 2396 1827 2451 erat,
1849 2382 1941 2437 sed
1960 2384 2099 2435 Deos
2120 2382 2175 2435 in
2194 2380 2435 2453 Elysium
2456 2400 2599 2433 mm·

1569 2484 1731 2537 pum,
1759 2476 1813 2517 et
1838 2464 2041 2517 insulas
2064 2463 2379 2515 Fortunatas
2408 2460 2598 2513 missu-

1570 2564 1678 2599 ros.
1717 2546 1976 2597 Isocrates
2014 2544 2071 2595 in
2112 2553 2350 2595 extremo
2383 2541 2601 2594 Helena

1572 2624 1819 2678 encomio
1854 2622 2047 2676 similia
2093 2620 2163 2674 de
2201 2621 2446 2673 Menelao
2481 2631 2602 2692 post

1572 2705 1863 2757 Homerum
1885 2701 2138 2755 declarat.

1275 2886 1422 2953 ΙΙΙ.
1477 2884 1786 2953 AJACI.

565 3071 808 3140 Aums
846 3068 1105 3138 tumulo
1147 3070 1394 3164 pariter
1431 3082 1627 3162 tegor
1663 3067 1908 3137 obruta
1937 3066 2208 3148 VirtuS,

662 3180 1116 3273 Inlacrymans
1157 3180 1370 3247 bustis
1406 3178 1661 3246 funeris
1698 3178 1841 3270 ipsa
1885 3174 2049 3241 mei:

567 3292 948 3386 Incomptas
975 3290 1262 3360 lacerata
1291 3314 1543 3374 coma,
1570 3286 1755 3382 quod
1792 3308 2037 3380 pravus
2071 3280 2339 3352 Atrides

549 3503 569 3535 1
582 3525 594 3536 .
632 3486 821 3535 Pariter
857 3498 1008 3553 tegor.
1061 3484 1325 3554 Loquitur
1379 3483 1495 3554 ipsa

471 3562 656 3615 Virtus
685 3575 736 3615 et
760 3560 1035 3615 fortitudo.

547 3645 596 3696 3.
633 3643 737 3695 Pro
765 3649 1062 3695 Inconstans
1087 3642 1336 3695 Craterus
1369 3640 1495 3693 scri-

471 3724 576 3796 psit
601 3730 879 3792 Incomptas
901 3728 1124 3775 lacerata
1149 3742 1337 3773 cornus.

548 3806 592 3857 3.
621 3810 802 3855 Pravus
833 3807 1046 3857 Atrides.
1081 3803 1230 3855 Atrei
1261 3800 1404 3853 filius
1423 3797 1493 3851 A·

474 3886 808 3953 gainemnon.
842 3884 1041 3935 Mortui
1071 3880 1405 3953 funeratique
1427 3883 1495 3933 A·

474 3962 643 4015 chinis
671 3981 820 4015 arma
843 3962 1026 4015 Thetis
1053 3974 1221 4015 mater
1257 3962 1354 4029 (ut
1383 3955 1495 4013 Ho-

473 4058 650 4091 merus
664 4041 930 4093 fabulatur
941 4041 1220 4096 undecimo
1229 4038 1499 4110 Odysseae,

481 4128 533 4169 et
561 4118 790 4181 Quintus
826 4120 1045 4171 Calaber
1076 4119 1263 4189 quinto
1299 4118 1497 4171 Parali-

1582 3481 1867 3553 pomenon)
1896 3478 1977 3531 illi
1996 3477 2304 3531 Graecorum
2324 3472 2582 3526 offerebat
2594 3512 2609 3536 ,

1582 3562 1677 3633 qui
1696 3558 1935 3611 omnium
1962 3555 2246 3610 fortissime
2264 3551 2509 3624 Trojanis
2528 3571 2611 3603 re-

1584 3640 1793 3693 stitisset
1808 3676 1824 3701 ‚
1848 3636 2131 3710 quominus
2150 3632 2366 3688 Achillia
2384 3648 2611 3703 corpore

1580 3720 1895 3794 potirentur.
1935 3718 2018 3769 De
2057 3733 2166 3786 quo
2210 3712 2403 3765 decore
2438 3728 2609 3781 quum

1582 3803 1713 3873 Ajax
1737 3810 1790 3851 et
1811 3797 2011 3869 Ulyxes
2031 3790 2414 3848 contenderent
2428 3832 2445 3856 ,
2472 3808 2615 3841 rem·

1580 3899 1685 3953 que
1699 3876 1905 3951 judicio
1923 3878 2234 3931 Grec-‚orum
2258 3889 2477 3926 suorum
2497 3886 2617 3940 per-

1584 3959 1851 4011 mitterent
1869 3996 1884 4021 ,
1928 3954 2132 4009 censuit
2184 3954 2401 4029 Nestor,
2444 3961 2504 4000 ut
2544 3966 2615 3999 ne

1587 4039 1724 4089 inter
1751 4036 1951 4087 amicos
1974 4034 2181 4107 judices
2216 4042 2417 4093 essent,
2464 4040 2513 4079 et
2546 4026 2619 4079 al-

1592 4130 1767 4168 terum
1791 4112 2149 4179 offenderent,
2177 4128 2291 4165 eam
2310 4118 2615 4161 controver-
