2975 4684
659 368 949 438 SALEII
998 368 1245 437 BASSI
1297 368 1579 436 CARM.
1631 368 1760 434 AD
1813 364 2239 435 PISONEM.
2374 363 2516 435 233

470 487 843 562 describitur,
864 502 925 547 et
952 501 1073 547 tota
1094 488 1246 547 ratio
1274 486 1489 547 tabulae
1511 488 1852 565 explicatur.
1874 486 1980 547 His
2006 486 2276 547 laudibus
2302 506 2532 547 enarra—

467 583 565 656 tis,
585 581 701 641 boc
722 600 987 655 carmen,
1004 581 1169 661 quasi
1197 580 1405 660 pignus
1428 580 1640 639 amoris
1666 580 1783 653 sui,
1813 578 1992 639 tradit
2008 581 2224 652 Pisoni,
2249 594 2308 640 et
2325 582 2526 640 favore

464 676 589 753 ejus
612 675 811 733 ornari
838 675 1102 753 interque
1116 674 1365 733 clientes
1394 674 1579 752 recipi
1608 674 1806 752 cupit,
1850 687 1915 731 ut
1941 673 2256 733 virtutibus
2281 674 2411 751 ejus.
2436 693 2529 733 as-

465 769 631 828 sidue
670 766 1033 827 celebrandis
1068 767 1327 846 apertius
1366 766 1477 825 iter
1515 765 1588 825 ad
1633 767 1844 824 famam
1880 780 1939 823 et
1979 765 2384 825 claritudinem
2422 766 2523 826 ha-

466 859 619 919 beat.
654 866 843 934 Quem
864 860 927 917 in
956 860 1131 917 finem
1155 858 1485 938 exemplum
1513 858 1849 918 Maecenatis
1881 873 2292 917 commemorat
2311 902 2328 930 ,
2356 859 2524 938 cujus

468 952 669 1010 favore
694 950 929 1011 excitati
958 952 1075 1010 sint
1104 952 1311 1031 optimi
1339 964 1530 1030 poetae
1544 994 1561 1024 ,
1599 964 1668 1009 ut
1694 950 2015 1009 carminum
2043 952 2388 1011 excellentia
2414 952 2525 1011 sibi

468 1058 531 1103 et
556 1044 833 1120 Romanis
855 1044 977 1103 suis
1006 1045 1251 1123 gloriam
1274 1057 1566 1124 parerent.
1605 1043 1875 1103 Pisonem
1907 1057 2098 1103 autem
2133 1043 2382 1103 affirmat
2411 1044 2526 1104 sibi

472 1139 809 1197 Maecenatis
850 1138 983 1197 loco
1012 1138 1303 1213 futurum,
1334 1150 1393 1196 et
1413 1182 1431 1212 ,
1469 1137 1519 1197 si
1544 1156 1658 1217 ope
1685 1136 1810 1215 ejus
1845 1135 2199 1211 sublevetur,
2226 1137 2447 1216 majora
2473 1151 2532 1197 et

470 1232 877 1290 excellentiora
900 1251 962 1290 se
980 1251 1258 1291 ausurum
1284 1231 1600 1310 promittit,
1633 1244 1692 1289 et
1720 1229 2074 1289 carminibus
2094 1231 2214 1290 suis
2229 1250 2443 1289 nomen
2471 1242 2532 1289 et

468 1322 617 1381 facta
636 1323 860 1383 Pisonis
883 1324 1049 1383 famae
1072 1336 1130 1382 et
1152 1323 1457 1381 aeternitati
1482 1321 1850 1381 traditurum.

490 1508 777 1629 Uulne
810 1560 993 1654 prius
1034 1561 1238 1655 coepti
1274 1575 1512 1655 surgat
1548 1558 1712 1628 mihi
1751 1557 2068 1627 carminis
2103 1556 2304 1640 ordo,

486 1667 761 1756 Quosve
798 1692 1035 1739 canam
1071 1669 1343 1759 titulos,
1384 1670 1628 1739 dubius
1664 1668 1888 1737 feror:
1929 1667 2090 1736 hinc
2127 1680 2279 1753 tua,
2313 1665 2504 1751 Piso,

487 1778 849 1867 Nobilitas,
884 1781 1259 1875 veterisque
1297 1780 1511 1851 citant
1551 1776 1857 1849 sublimia
1897 1774 2094 1870 Calpi

488 1890 821 1977 Nomina,
862 1894 1203 1960 Romanas
1242 1891 1419 1959 inter
1450 1888 1780 1985 fulgentia
1821 1900 2088 1982 gentes,

490 1997 667 2067 Hinc
708 2014 822 2067 tua
866 2025 973 2068 me
1010 2001 1219 2069 virtus
1266 2000 1482 2094 rapit,
1515 2014 1583 2068 et
1615 1997 1920 2067 miranda
1959 2020 2082 2091 per
2117 2018 2356 2063 omnes
2509 2016 2534 2053 ⁵

487 2106 647 2177 Vita
685 2107 955 2198 modos3
1006 2135 1187 2205 quae,
1224 2110 1277 2191 si
1318 2110 1572 2179 deesset
1606 2108 1727 2177 tibi
1765 2107 1937 2177 forte
1971 2120 2196 2177 creato

488 2217 855 2303 Nobilium,
891 2219 1121 2290 eadem
1158 2245 1285 2316 pro
1326 2219 1678 2289 nobilitate
1716 2218 1968 2287 fuisset.

488 2330 661 2400 Nam
699 2329 865 2423 quid
906 2330 1343 2427 imaginibus,
1384 2330 1544 2425 quid
1580 2330 1772 2399 avitis
1816 2324 1981 2397 fulta
2022 2324 2386 2420 triumphis

470 2544 873 2609 mvndvm-ius..
881 2545 1053 2603 .,ordo
1094 2542 1155 2595 h.
1178 2560 1225 2595 e.
1248 2542 1418 2613 aqui-

392 2618 491 2673 bus
518 2622 677 2675 rebus
714 2619 937 2675 laudum
970 2632 1183 2675 tuarum
1221 2620 1416 2693 princi-

392 2698 541 2771 pium
578 2699 793 2754 ducam.
838 2702 1151 2765 Petronius,
1188 2702 1245 2755 in
1280 2702 1420 2773 frag-

394 2790 574 2832 mento
590 2819 607 2844 ‚
637 2782 851 2852 «major
868 2800 1047 2833 rerum
1072 2780 1167 2833 tibi
1186 2780 1421 2835 nascitur

394 2857 529 2911 ordo
540 2864 863 2928 ³·.--Surgat‚
882 2860 1165 2923 exoriatur,
1178 2860 1281 2914 inci
1286 2860 1419 2932 piat3

393 2949 453 2989 ut
462 2938 651 3009 virgil.
662 2938 854 3011 Georg.
865 2940 949 2991 111
960 2979 975 3003 ‚
990 2948 1093 3005 400
1108 2982 1123 3006 ,
1142 2964 1164 2986 ι
1178 2951 1421 3011 surgente

393 3015 555 3082 die»,
581 3029 634 3069 et
661 3019 783 3070 AEn.
814 3018 917 3085 IV,
942 3017 1044 3084 43,
1073 3018 1254 3071 -hella
1274 3018 1421 3090 Tyro

394 3096 665 3167 surg-tia
682 3120 725 3148 n.

470 3195 521 3228 2.
542 3180 727 3229 Dubius
736 3178 895 3245 feror.
922 3177 1005 3229 Eu
1041 3176 1203 3233 dubia
1239 3187 1419 3229 tuente

395 3254 537 3327 agito
559 3274 771 3309 mecum
794 3267 848 3309 et
868 3254 1121 3309 delibero.
1142 3254 1334 3309 Claud.
1362 3255 1419 3307 iii

393 3333 511 3387 Rus.
535 3334 562 3385 1
580 3372 597 3398 ‚
626 3352 682 3388 1:
706 3362 730 3381 α
750 3336 895 3407 sape.
916 3334 1047 3389 mihi
1072 3334 1292 3388 dubiam
1313 3346 1419 3389 tra·

396 3412 471 3465 xit
496 3414 757 3469 sententia
784 3427 1077 3468 mentem».

470 3496 523 3547 3.
544 3496 733 3554 citant,
764 3504 983 3547 monent
1008 3512 1096 3547 me
1122 3504 1175 3547 et
1204 3507 1415 3548 vocant.

394 3604 467 3615 —
482 3578 639 3642 Calpi,
684 3572 779 3625 filii
830 3573 1079 3645 Pompilii
1131 3573 1319 3627 Numa
1339 3610 1355 3637 ‚
1389 3593 1420 3627 a

395 3670 507 3723 quo
550 3652 825 3723 Calpurnii
854 3652 1099 3719 oriundi,
1132 3663 1194 3705 nt
1240 3654 1421 3707 scribit

394 3732 581 3786 Festus
596 3770 612 3794 ‚
634 3745 687 3784 et
709 3731 1020 3785 Plutarchus
1042 3731 1099 3783 in
1119 3732 1281 3785 Num.
1304 3751 1419 3805 cap.

400 3826 489 3862 αι.
518 3809 655 3863 Hinc
681 3810 899 3863 Pisones
923 3812 991 3863 ab
1018 3811 1239 3864 Horatio
1262 3851 1277 3877 ,
1301 3812 1415 3865 Art.

395 3888 545 3941 Poet.
570 3907 667 3955 ²9²
682 3929 699 3955 ,
724 3902 982 3943 vocantur
1006 3893 1267 3958 Pompilius
1304 3911 1421 3943 san·

394 3971 531 4036 guis.
556 3968 640 4021 Ad
677 3988 837 4041 quem
866 3970 1043 4023 locum
1068 3982 1219 4024 vetus
1256 3970 1418 4023 inter-

398 4064 521 4118 pres
560 4046 729 4101 filium
767 4050 955 4102 Numa
996 4068 1107 4103 non
1145 4049 1418 4121 Calpum,

400 4124 495 4181 sed
524 4131 701 4196 Calpur
719 4130 967 4201 appellat.

1579 2540 1634 2606 5,
1647 2542 1696 2593 6.
1707 2546 1802 2591 Per
1813 2558 1982 2591 omnes
2007 2540 2120 2589 Vita
2138 2540 2327 2588 modos.
2343 2534 2535 2588 Modo·

1509 2618 1630 2671 vitas
1649 2630 1806 2673 vocat
1827 2615 2040 2672 vivendi
2057 2614 2356 2687 agendique
2377 2614 2532 2669 ratio-

1507 2716 1632 2751 nem
1656 2708 1707 2751 et
1729 2697 1876 2770 quasi
1897 2700 2098 2751 formas
2117 2695 2354 2749 diversas
2367 2734 2384 2761 ‚
2404 2705 2535 2747 tem-

1509 2776 1726 2849 poribus
1741 2814 1759 2841 ,
1777 2778 1906 2832 locis
1919 2816 1935 2841 ,
1951 2778 2112 2830 rebus
2131 2788 2180 2829 et
2197 2774 2504 2828 bominibus
2515 2812 2532 2836 ,

1507 2857 1828 2927 quibuscum
1845 2857 2062 2921 vivitur,
2084 2852 2531 2909 accommodatas.

1511 2936 1598 2991 sie
1628 2936 1811 2990 Horat.
1839 2936 2005 3008 Epist.
2028 2936 2081 2987 11
2098 2973 2114 2999 ‚
2141 2954 2170 2986 s
2187 2970 2203 2998 ,
2233 2940 2360 2998 144:
2391 2956 2414 2979 ι
2437 2931 2536 2985 Ni-

1509 3016 1704 3069 mirum
1733 3034 1920 3089 sapere
1945 3026 2226 3070 est...verae
2257 3029 2534 3066 numeros-

1509 3114 1616 3168 que
1637 3095 1934 3168 modosque
1955 3094 2188 3149 ediscere
2211 3094 2327 3147 vitae
2343 3118 2387 3144 υ.

1579 3194 1633 3247 7.
1655 3180 1846 3229 Eadem
1857 3194 1952 3245 pm
1972 3177 2224 3227 nobilitate
2225 3174 2428 3243 ficisset.
2449 3172 2542 3225 Ju-

1510 3255 1680 3309 venal.
1715 3255 1820 3308 Sat.
1847 3254 1981 3306 VIII
1999 3292 2016 3318 ‚
2066 3271 2167 3307 20:
2207 3279 2233 3299 ο-
2252 3252 2388 3305 Tota
2414 3251 2540 3305 licet

1507 3348 1709 3391 veteres
1746 3340 2002 3388 exornent
2032 3332 2268 3405 undique
2305 3349 2439 3385 cern
2465 3332 2541 3387 A·

1507 3416 1605 3469 tria
1621 3456 1638 3482 ‚
1663 3413 1912 3468 nobilitas
1939 3414 2052 3467 sola
2088 3424 2168 3466 est
2190 3422 2348 3485 atque
2378 3410 2537 3464 unica

1507 3508 1678 3547 virtus
1693 3520 1738 3545 ιι.

1579 3576 1630 3628 8.
1647 3578 1790 3626 malta
1807 3574 2074 3641 munapkis.
2094 3572 2338 3623 Fortasse
2351 3608 2368 3635 ,
2395 3572 2532 3621 culta

1515 3656 1784 3723 triumphis,
1808 3653 1958 3707 Cort.
1984 3655 2130 3704 fulta
2152 3652 2342 3718 wpoeis
2365 3647 2534 3700 voluit

1512 3732 1775 3785 Heinsius.
1801 3762 1871 3772 —
1889 3734 2046 3783 Avicis
2077 3730 2218 3799 sulca
2265 3729 2533 3796 ειὴιπΨΙιίε.

1510 3810 1794 3885 Triumphi
1841 3810 2183 3864 nominantur
2230 3826 2332 3880 pro
2379 3806 2540 3879 signis

1472 3942 1477 3949 ,
1512 3904 1563 3945 et
1605 3890 1963 3943 monumentis
2001 3887 2419 3979 triumphorum.
2459 3885 2536 3938 Ea

1511 3982 1736 4042 possunt
1759 3987 1872 4022 esse
1889 3967 2012 4019 vel
1997 3965 2254 4038 imagines
2275 3967 2537 4037 majorum

1507 4048 1691 4103 habitu
1709 4046 2148 4119 triumphantium
2163 4045 2336 4118 picta,
2350 4062 2537 4116 quem·

1509 4127 1802 4183 admodum
1824 4125 2253 4190 luvenalisNIII
2269 4163 2285 4190 ‚
2308 4127 2378 4193 3-,
2399 4125 2534 4179 inter

2961 4406 2975 4472 Ἧι
