2975 4684
1147 405 1282 472 AD
1333 403 1727 472 AENEAM.

2366 409 2493 506 371

479 527 828 622 Improbe,
867 525 1065 611 dure,
1109 549 1361 596 nocens
1383 579 1401 612 ‚
1436 524 1764 613 crudelis,
1808 527 2055 620 perfide
2077 581 2096 610 ,
2132 529 2361 616 fallax,

477 637 742 708 Officiis
784 637 1044 731 ingrate
1081 633 1282 722 meis;
1321 634 1486 730 quid
1527 635 1725 704 verba
1763 636 2150 707 minantur?

475 749 630 818 Non
667 746 813 818 odit
845 747 964 840 qui
999 760 1151 815 vota
1185 743 1397 832 dolet,
1431 769 1557 815 nec
1592 745 1793 841 digna
1832 747 2139 840 rependit

477 861 826 955 Quidquid
865 859 1014 930 laesa
1059 862 1310 955 gemit:
1351 859 1473 930 tihi
1504 883 1617 929 me
1659 862 2017 955 permissus
2051 861 2337 931 habetur

475 979 654 1070 Lege
689 973 966 1069 pudoris
998 997 1204 1056 amor,
1236 974 1347 1042 cui
1384 987 1567 1043 tanta
1606 973 1863 1042 dedisse
1903 997 2235 1062 recusem,

479 1092 786 1182 Sceptra,
819 1085 1092 1155 domum
1115 1139 1134 1172 ‚
1161 1085 1422 1178 Tyri08‚
1449 1108 1763 1178 regnum,
1790 1085 2218 1179 Carthaginis
2248 1109 2465 1170 arces,

477 1200 568 1266 Et
603 1197 931 1291 quidquid
968 1195 1308 1288 regnantis
1347 1209 1489 1262 erat
1519 1220 1534 1263 :
1571 1194 1657 1264 de
1696 1197 2015 1289 conjuge,
2048 1194 2287 1282 fallax,
2437 1221 2509 1258 ns

477 1309 636 1376 Non
671 1307 754 1376 de
780 1308 934 1400 jure
968 1326 1238 1401 queror,
1271 1303 1585 1373 meritum
1625 1305 1679 1372 si
1717 1331 1853 1374 non
1892 1304 2093 1374 babet
2131 1305 2369 1375 ardor:

477 1417 608 1488 Sed
643 1416 824 1511 quod
860 1417 1098 1510 hospes
1129 1439 1314 1497 eras,
1356 1439 1444 1483 ne
1479 1427 1547 1484 te
1576 1417 1788 1510 magis
1824 1438 1965 1484 esse
2002 1431 2357 1486 nocentem
2382 1471 2401 1502 ‚

477 1529 702 1616 Quam
739 1528 1086 1614 miserum,
1123 1527 1445 1620 Troiane,
1481 1539 1649 1619 puto
1671 1579 1690 1612 ‚
1720 1527 1835 1620 qui
1876 1526 2079 1621 digna
2125 1525 2418 1621 repellis,

476 1642 674 1712 Sum*
699 1667 834 1710 non
873 1640 1076 1734 digna
1111 1641 1300 1734 cupis
1327 1665 1342 1708 ε
1367 1639 1670 1708 nondum
1706 1641 1876 1708 b’ene
1914 1643 2127 1710 siccus
2167 1641 2253 1710 ad
2290 1667 2519 1736 aequor

479 1753 747 1837 CurriS‚
787 1767 854 1820 et
888 1767 1214 1821 extremas
1249 1750 1451 1818 modo
1487 1750 1847 1844 naufragus
1881 1751 2119 1843 arripis
2150 1750 2387 1819 undas.
2446 1771 2519 1811 1³0

381 2021 537 2076 Leid.
576 2033 628 2076 et
653 2022 870 2076 Divion.
905 2021 1148 2075 codicum
1181 2021 1408 2092 scriptu·

377 2121 528 2166 ram,
553 2101 608 2153 in
639 2101 858 2173 quibus,
881 2101 975 2155 sed
1005 2101 1244 2173 apposito
1271 2112 1408 2153 aste-

379 2183 520 2234 risco
541 2222 559 2248 ,
603 2181 784 2234 mendi
830 2179 1031 2234 indicio
1055 2221 1070 2246 ,
1115 2181 1406 2252 legebatur,

385 2265 530 2313 Toms
542 2262 740 2330 frauda
765 2280 938 2311 manes
955 2283 972 2311 :
989 2261 1076 2313 hic
1098 2261 1234 2313 bene
1253 2260 1407 2312 etiam

381 2339 451 2394 cl.
469 2338 885 2412 Oudendorpius
904 2355 959 2391 ae
975 2360 1068 2391 nos
1079 2343 1265 2410 pietate
1277 2341 1408 2408 peri-

380 2441 501 2486 pms.
523 2421 692 2472 Bm!
705 2455 718 2470 .
1287 2487 1290 2490 ἢ

459 2518 578 2552 121.
605 2503 718 2551 Non
742 2501 844 2550 odic
862 2503 950 2567 qui
966 2514 1091 2551 vota
1110 2501 1260 2558 dolet,
1283 2497 1337 2550 h.
1360 2515 1410 2548 e.

381 2579 472 2652 qui
537 2577 604 2632 de
658 2579 873 2631 alterius
929 2581 1066 2632 mala
1111 2579 1381 2630 voluntate
1399 2612 1415 2637 ,

382 2657 521 2712 mala
559 2657 701 2722 fide,
724 2659 868 2712 dolet
903 2671 953 2711 et
993 2659 1256 2732 queritur,
1295 2676 1402 2709 non

381 2751 655 2812 propterea
681 2737 810 2791 odit.
845 2737 962 2791 Hoc
997 2749 1302 2811 promptum
1329 2735 1404 2787 vi-

383 2815 542 2888 detur
565 2836 627 2869 ex
653 2817 871 2889 epistola
897 2815 1156 2870 Ovidium·
1187 2813 1408 2870 Didonis

383 2897 508 2950 Her.
543 2895 710 2962 VIII,
745 2915 807 2966 ²7
831 2915 844 2947 :
865 2895 999 2949 «me
1024 2893 1242 2967 quidem
1269 2895 1406 2946 male

381 2987 566 3046 gratus
595 2987 646 3028 et
679 2973 747 3027 ad
772 2993 888 3027 mea
926 2993 1146 3027 munera
1179 2972 1405 3036 surdus;

397 3095 408 3104 .
431 3095 444 3106 .
468 3093 480 3106 .
503 3059 630 3108 Non
664 3066 837 3106 tamen
874 3057 1093 3106 AEneam
1114 3094 1130 3119 ‚
1165 3053 1406 3125 quamvis

385 3132 525 3187 male
557 3135 782 3205 cogitat,
803 3133 923 3187 odi:
947 3131 1050 3186 Sed
1091 3149 1286 3205 queror
1322 3132 1405 3184 in-

385 3211 550 3266 fidum
567 3253 583 3280 ,
603 3224 893 3286 questaque
913 3215 1063 3284 pejnts
1082 3230 1202 3264 amo
1215 3238 1256 3262 υ.

462 3311 577 3344 122.
606 3295 860 3360 Quidquid
881 3296 1004 3343 Ioesa
1029 3295 1212 3360 gemit.-
1241 3291 1313 3344 ita
1350 3289 1404 3343 in

386 3371 739 3424 Divion.1e.ra
765 3371 984 3425 Salmas.
1012 3381 1064 3423 et
1084 3369 1236 3424 Leid.
1267 3369 1408 3424 unde

379 3455 540 3518 plexa
587 3449 900 3522 conjiciebat
943 3449 1190 3503 Heinsius
1217 3468 1231 3502 ε
1283 3469 1409 3504 mox

388 3540 638 3600 corrupte
662 3529 824 3582 Saltu.
847 3541 898 3582 et
919 3529 1070 3582 Leid.
1097 3528 1184 3580 tibi
1203 3551 1278 3582 me
1289 3550 1410 3599 per-

382 3613 589 3660 emis-ms
616 3611 822 3660 liabetur
851 3613 982 3679 Lege
1003 3613 1208 3678 pudoris
1241 3631 1414 3662 amor:

389 3687 480 3742 sed
508 3689 716 3759 corrige
742 3707 863 3741 cum
899 3689 970 3742 cl.
1005 3687 1416 3760 Oudendorpio,

387 3771 535 3822 tibine
559 3769 883 3838 impet-missus
903 3773 1106 3821 habetur
1116 3775 1246 3838 Lege
1254 3771 1416 3837 pudo-

390 3850 455 3899 ris
478 3855 656 3900 amor-,³
683 3865 836 3901 amor
855 3859 1030 3902 autem
1053 3847 1414 3920 impu-missus

393 3939 470 3980 est
521 3929 859 3981 inconcessus
877 3965 892 3992 ,
936 3925 1251 3980 interdictus
1278 3963 1294 3990 ,
1357 3937 1415 3978 ut

391 4005 532 4080 apud
551 4005 734 4060 Horat.
755 4007 930 4060 Carm.
952 4005 1056 4074 111,
1075 4011 1130 4072 6,
1155 4027 1246 4076 27:
1280 4033 1302 4054 ι
1317 4007 1417 4060 Cui

391 4081 554 4139 donet
588 4087 918 4158 impet-missa
954 4087 1144 4158 raptim
1173 4085 1414 4149 Gaudia,

389 4163 682 4219 luminibus
711 4167 976 4220 remotis».
1014 4166 1199 4220 Burin.

1574 2022 1687 2074 113.
1728 2023 1817 2072 eui
1845 2036 1983 2072 tanta
2023 2024 2218 2072 dedisse
2262 2041 2518 2075 recusem:

1498 2099 1573 2152 sic
1598 2100 1755 2152 Salm.
1785 2112 1837 2152 et
1862 2099 2011 2154 Leid.
2047 2103 2275 2152 Creusam
2297 2101 2515 2154 Divion.

1498 2175 1683 2230 Bmut.

1580 2261 1691 2309 126.
1718 2260 1942 2310 Meritum
1970 2261 2017 2309 si
2042 2279 2141 2310 non
2174 2263 2317 2311 habet
2336 2263 2519 2322 ardor,

1498 2336 1602 2392 hoc
1635 2349 1711 2389 est
1730 2376 1745 2400 ‚
1784 2338 1827 2390 si
1856 2336 1987 2390 nihil
2014 2352 2291 2411 propterea
2320 2341 2490 2392 merui
2508 2381 2523 2406 ,

1502 2415 1648 2488 quod
1680 2429 1731 2469 te
1766 2417 1937 2470 amavi
1964 2429 2016 2470 et
2043 2437 2163 2470 amo
2181 2456 2197 2483 ‚
2237 2418 2371 2472 falsu
2394 2438 2524 2472 sune

1504 2515 1621 2548 sum
1640 2535 1655 2558 ‚
1677 2496 1819 2568 quod
1847 2495 1914 2549 de
1934 2500 2159 2570 conjuge
2178 2518 2395 2570 queror,
2414 2519 2522 2553 non

1504 2575 1724 2646 perinde
1744 2615 1759 2638 ,
1811 2577 1954 2647 quod
1998 2577 2064 2629 de
2109 2581 2231 2650 jure
2248 2617 2263 2642 ,
2312 2577 2526 2651 hospitii

1493 2674 1683 2728 nempe
1697 2692 1712 2717 ,
1747 2653 1815 2708 de
1841 2673 1948 2726 quo
1970 2675 2107 2708 mox.
2130 2688 2200 2696 —
2218 2662 2403 2710 Fallax
2424 2655 2522 2729 igi-

1492 2749 1580 2787 tur
1598 2735 1921 2806 praecedente
1934 2755 2089 2788 versu
2108 2756 2207 2809 pro
2210 2739 2363 2808 falsa
2382 2737 2524 2791 vide-

1494 2827 1583 2868 tur
1637 2815 1865 2888 positum
1882 2855 1897 2880 ,
1939 2815 2021 2868 vel
2073 2816 2358 2888 legendnm
2408 2829 2487 2870 est
2508 2859 2521 2883 ,

1479 2899 1626 2963 salso
1648 2914 1843 2967 queror
1871 2893 1939 2947 de
1965 2898 2208 2967 conjuge.

1575 2993 1693 3042 129.
1724 2979 1837 3025 Sum
1856 2975 1878 2997 ⁴¹
1906 2994 2007 3026 non
2036 2977 2195 3044 digna
2222 2977 2379 3043 cupis,
2401 2996 2526 3028 non·
2574 3041 2579 3046 ¹

1497 3059 1610 3106 dum
1646 3059 1785 3106 bene.
1820 3046 1946 3106 Haec
1976 3065 2055 3106 est
2091 3054 2250 3107 Salm.
2290 3053 2438 3108 Leid.
2471 3069 2523 3107 et

1497 3133 1707 3186 Divion.
1728 3132 1847 3186 cod.
1867 3131 2128 3204 scripture
2150 3151 2272 3186 cum
2292 3134 2525 3188 asterisci

1495 3211 1665 3285 signo,
1690 3211 1804 3265 Nisi
1832 3211 1978 3286 quod
2008 3217 2191 3263 nudum
2230 3213 2284 3264 in
2318 3213 2526 3266 Divion.

1497 3313 1597 3366 pro
1611 3297 1828 3344 nondum
1844 3289 1945 3365 legi
1960 3305 2149 3364 posset.
2168 3291 2411 3346 Heinsius
2425 3306 2531 3348 ten-

1500 3374 1670 3439 tabat,
1694 3375 1781 3442 qui
1806 3375 1967 3442 digna
1990 3375 2182 3441 repellis
2198 3412 2213 3433 ,
2254 3379 2432 3424 Somno
2457 3375 2529 3424 di·

1498 3472 1610 3522 gna
1635 3455 1768 3521 cupis
1794 3475 1811 3504 .·
1845 3449 1938 3505 sed
1964 3451 2295 3505 verissimam
2320 3471 2431 3506 esse
2456 3453 2525 3504 cl.

1502 3529 1874 3606 Oudendorpii
1934 3531 2353 3584 emendationem
2374 3571 2389 3598 ,
2446 3536 2533 3602 qui

1504 3612 1664 3680 digna
1687 3615 1877 3678 repellis
1895 3651 1913 3676 ,
1956 3617 2083 3662 Dum
2118 3631 2217 3662 non
2256 3611 2413 3678 digna
2443 3631 2528 3661 cu-

1496 3695 1603 3761 pis,
1634 3689 1835 3760 patebit
1858 3709 1919 3742 ex
1942 3690 2006 3742 iis
2024 3727 2039 3754 ,
2063 3709 2181 3760 quae
2201 3691 2376 3740 AEneae
2398 3691 2529 3742 acri·

1502 3771 1583 3824 bit
1605 3767 1745 3825 Dido
1766 3768 1907 3840 apud
1932 3765 2092 3822 ovid.
2117 3767 2283 3838 Epist.
2300 3767 2411 3819 vn
2425 3809 2440 3834 ,
2467 3787 2531 3820 ιο

1506 3869 1613 3921 seq.
1635 3850 1819 3902 Bunn.
1840 3846 1923 3898 Ad
1942 3865 2126 3900 vocem
2155 3849 2288 3914 cupis
2318 3843 2531 3898 videtur

1504 3941 1629 3980 nota
1655 3923 2019 3996 interrogandi,
2034 3924 2274 3996 ponenda
2294 3962 2307 3988 ,
2334 3931 2393 3977 u't
2414 3931 2533 3978 sen-

1505 4026 1594 4060 sus
1625 4007 1689 4059 sit
1712 4045 1727 4068 ‚
1764 4009 1851 4074 qui
1877 4003 1935 4056 fit
1955 4042 1969 4067 ‚
2004 4013 2061 4056 ut
2094 4007 2253 4074 digna
2266 4021 2281 4064 3
2319 4023 2437 4077 quae
2473 4015 2531 4056 ut

1502 4086 1693 4156 hospes
1716 4083 1950 4137 meruisti
1965 4125 1981 4150 ,
2005 4084 2240 4152 repellas,
2282 4087 2397 4136 dum
2424 4105 2523 4136 non

1505 4168 1665 4233 dIgna
1684 4166 1817 4232 cupis
1831 4173 1862 4214 :²

2201 4255 2293 4336 24
2314 4305 2327 4322 .
