2975 4684
539 277 676 374 390

1195 277 1993 346 EPITHALAMIUM

631 402 985 471 Exsultant
1025 398 1370 493 Dryadum
1409 395 1637 467 faciles
1673 398 1903 468 deliria
1943 401 2197 480 Fauni,

629 515 717 580 Et
751 511 1011 604 Satyri²
1049 509 1170 577 sub
1209 524 1495 602 utroque
1537 511 1682 577 Deo
1720 511 2213 602 promptissima
2256 511 2487 604 pubes,

629 621 957 714 Corniger
991 617 1113 688 hos
1149 617 1434 687 stimulis
1465 615 1699 712 implet
1736 643 1935 712 puer;
1972 620 2213 689 aethera
2250 619 2529 713 clangor

627 733 988 812 Verberat,
1019 744 1084 798 et
1116 727 1382 798 crotalis
1424 743 1819 822 responsant
1862 743 2175 822 tympana
2220 727 2445 822 pulsis.
2616 751 2672 792 ⁴·

623 845 795 911 Ecce
831 856 1020 935 pater
1056 839 1276 933 pando
1322 839 1643 910 recubans
1679 837 1937 908 Silenus
1972 836 2209 922 ase110‚

619 954 748 1022 Cui
785 951 960 1022 lacer
999 976 1039 1020 a
1081 975 1341 1018 summo
1387 948 1717 1042 pendebat
1760 950 2121 1018 cantharus
2160 973 2383 1036 arum,

555 1067 568 1078 '
625 1066 800 1136 Vina
841 1089 959 1159 per
997 1088 1102 1150 OS,
1139 1063 1462 1155 hirtaeque
1505 1061 1723 1130 fluunt
1752 1059 2146 1153 compendia
2184 1061 2447 1144 barbae3

525 1281 589 1314 ve
607 1280 782 1314 rarum
807 1281 820 1312 ε
847 1261 1062 1314 fortasse
1085 1263 1374 1311 stillantibus
1391 1278 1543 1332 repo-

526 1340 763 1394 nendum
793 1359 823 1392 e
855 1338 1175 1404 Claudian0‚
1206 1339 1541 1392 conam-oh.

531 1423 594 1474 51
615 1437 628 1471 :
649 1447 674 1467 υ
693 1421 966 1485 Quantum
985 1419 1306 1489 stagnaTagi
1323 1416 1545 1470 rudibus

528 1500 771 1553 stillantia
810 1499 958 1552 venis
1007 1497 1269 1551 Effluxere
1307 1495 1470 1549 decus
1489 1523 1543 1562 ιι,

523 1579 620 1636 ubi
656 1580 893 1648 ffuxere
923 1577 1118 1649 pariter
1148 1588 1458 1648 usurpatum
1485 1589 1544 1628 ut

523 1658 578 1710 h.
597 1659 632 1710 1.
651 1655 1112 1726 stagnare.-Vide
1125 1667 1300 1708 notata
1319 1653 1387 1708 ad
1399 1655 1542 1708 Flori

525 1736 695 1792 troch.
725 1739 784 1800 Ι,
811 1757 838 1790 a
859 1775 874 1800 ,
909 1735 1022 1808 huj.
1048 1754 1136 1807 op.
1163 1735 1361 1799 nostri,
1392 1746 1430 1787 t.
1454 1734 1540 1802 11,

523 1837 574 1888 p.
599 1817 720 1871 538.
741 1817 842 1871 En.

597 1899 682 1967 37.
699 1901 954 1964 Dryadum
957 1899 1147 1965 faciles
1164 1897 1336 1947 deliria
1355 1897 1516 1945 Fauni
1528 1932 1543 1957 ,

523 1978 578 2030 h.
589 1997 635 2031 e.
649 1996 784 2049 quos
806 1975 1028 2029 delirare
1048 1974 1244 2028 faciunt
1255 1972 1539 2046 Nymphae,

475 2109 484 2120 ,
523 2070 575 2110 et
599 2075 733 2129 quos
767 2033 1074 2109 ludificant:
1107 2055 1314 2124 qualem
1352 2051 1539 2105 ludum

519 2136 771 2190 describit
791 2137 990 2188 Annon.
1019 2134 1152 2186 Mos.
1185 2153 1230 2184 v.
1267 2133 1360 2186 182
1395 2151 1537 2203 seqq.

522 2216 771 2286 Calpurn.
797 2217 846 2266 X
863 2256 878 2281 ‚
910 2213 975 2266 55
1005 2231 1154 2284 seqq.
1175 2211 1262 2265 Sic
1285 2217 1539 2277 Doradum

517 2299 750 2361 voluptas
775 2293 971 2345 dicitur
988 2290 1206 2362 Priapus
1225 2290 1280 2342 in
1308 2291 1541 2343 Petronii

519 2393 684 2428 carm.
712 2371 858 2444 quod
887 2389 1040 2442 supra
1077 2370 1180 2422 hoc
1221 2385 1367 2422 tomo
1395 2369 1540 2424 ‹ledi-

518 2471 665 2518 mus,
693 2472 752 2523 p.
775 2454 892 2505 301.
917 2453 1103 2501 Faciles
1132 2447 1381 2501 dicuntur
1399 2450 1536 2502 Fau·
1570 2454 1579 2462 '

519 2533 581 2585 ni
601 2531 786 2584 eodem
807 2549 981 2594 sensu,
997 2547 1106 2600 quo
1125 2527 1247 2580 alias
1258 2528 1534 2599 Nymphai.

515 2607 670 2682 virg.
692 2611 804 2664 Ecl.
825 2610 940 2673 111,
967 2624 1032 2676 9;
1058 2606 1298 2678 Propert.
1331 2608 1410 2673 11,
1435 2609 1535 2672 34,

517 2694 615 2761 76;
637 2689 850 2742 Nemes.
869 2687 1069 2760 Cyneg.
1091 2692 1178 2755 94.

588 2771 669 2823 38.
709 2773 803 2820 Sub
836 2783 1039 2835 utroque
1076 2772 1204 2827 Deo,
1227 2767 1436 2820 Venere
1481 2781 1534 2820 et

513 2851 742 2910 Baccho.
775 2849 914 2902 Hinc
941 2845 1192 2918 Calpurn.
1226 2845 1308 2912 X,
1333 2845 1429 2913 56,
1465 2847 1533 2900 de

509 2930 707 3001 Satyris
732 2929 786 2980 in
809 2926 1083 3000 Nymphas
1101 2925 1489 2980 lascivientibus
1514 2947 1527 2981 ε

509 3009 620 3060 ..Et
649 3025 898 3061 venerem
928 3007 1037 3077 jam
1077 3005 1198 3058 vina
1241 3019 1452 3058 movent
1486 3033 1529 3058 ι.

508 3088 758 3144 Similiter
775 3086 1078 3156 Propertius
1094 3127 1110 3152 ,
1135 3085 1189 3149 Ι,
1215 3085 1273 3150 3,
1309 3087 1397 3138 13:
1427 3087 1531 3138 «Et

507 3168 748 3239 quamvis
780 3164 982 3236 duplici
1015 3177 1316 3235 correptum
1343 3164 1535 3218 ardore

500 3247 776 3317 juberent,
824 3245 936 3296 Hac
976 3245 1169 3310 Amor,
1213 3242 1312 3296 hac
1350 3245 1533 3312 Liber,

505 3325 675 3378 durus
698 3336 922 3394 uterque
947 3325 1086 3376 Deus
1100 3362 1116 3389 ‚
1139 3335 1236 3376 etc.
1261 3349 1282 3369 ι»

575 3405 662 3470 39.
699 3407 936 3470 Corniger
975 3405 1064 3453 hos
1114 3405 1315 3454 stimulis
1361 3407 1527 3472 implet

496 3505 639 3553 puer.
686 3481 959 3547 Bacchus,
1007 3482 1100 3552 qui
1147 3493 1224 3534 est
1277 3483 1522 3553 corniger

501 3583 650 3635 puer,
686 3563 788 3614 hos
823 3560 1011 3613 crebro
1053 3559 1287 3613 stimulat
1325 3561 1519 3632 thyrsis

501 3644 580 3696 vel
599 3641 762 3694 hastis
777 3683 793 3709 ‚
811 3641 1008 3712 quibus
1041 3641 1166 3692 tacti
1197 3639 1378 3694 furore
1400 3661 1517 3696 cor·

406 3730 414 3739 “
495 3723 599 3793 ripi
626 3733 904 3792 putantur.
944 3721 1066 3772 Non
1096 3717 1242 3770 aliud
1278 3719 1380 3774 hoc
1413 3733 1516 3787 est,

497 3819 655 3872 quam
683 3799 831 3871 quod
851 3798 999 3869 Calp.
1015 3797 1082 3850 de
1103 3797 1312 3850 Baccho
1329 3801 1515 3866 refert,

495 3880 607 3932 Ecl.
632 3881 680 3931 Χ
697 3919 712 3944 ,
745 3883 811 3940 64
834 3897 846 3929 :
883 3905 904 3924 ι
926 3879 992 3929 Et
1019 3876 1208 3950 plantis
1239 3897 1367 3932 uvas
1397 3898 1515 3950 pre·

493 3959 624 4020 mit,
653 3971 704 4008 et
739 3957 805 4010 de
827 3958 1022 4010 vitibus
1045 3957 1219 4009 hastas
1250 3957 1445 4028 Ingerit
1467 3987 1510 4013 ι».

1631 1259 1817 1312 Plauto
1842 1257 2015 1311 hausit
2039 1271 2251 1324 auctor,
2272 1257 2364 1330 qui
2393 1283 2419 1303 ιι
2440 1258 2669 1328 implere

1630 1337 1853 1390 fustibus
1868 1376 1883 1404 ,
1911 1339 2130 1409 implere
2154 1335 2332 1408 flagris
2350 1363 2375 1382 a
2394 1335 2529 1390 dixit
2547 1339 2665 1388 Au-

1634 1419 1728 1470 lul.
1750 1417 1859 1483 111,
1883 1417 1935 1480 3,
1954 1422 2017 1483 6,
2038 1429 2091 1472 et
2106 1417 2287 1470 Cain.
2310 1417 2369 1482 Ι,
2392 1435 2441 1483 ι,
2460 1417 2548 1470 35.

1702 1505 1764 1560 41
1777 1537 1789 1550 .
1810 1502 1981 1548 Panda
2001 1501 2236 1550 recubans
2250 1500 2438 1549 Silenus
2460 1501 2621 1548 asello
2642 1520 2664 1547 .-

1630 1595 1821 1648 nempe
1857 1577 2174 1630 temulentus
2202 1587 2255 1630 et
2281 1575 2497 1648 crapula
2530 1593 2665 1646 gn-

1630 1668 1799 1724 ναίω,
1812 1658 2026 1728 fingitur
2036 1657 2240 1710 Silenus
2258 1657 2425 1728 magis
2440 1656 2664 1710 reclini·

1630 1735 1825 1790 cubare
1844 1737 1897 1790 in
1924 1737 2085 1791 asello
2100 1777 2117 1802 ,
2140 1755 2300 1809 quarn
2324 1735 2529 1790 sedere.
2564 1736 2663 1788 sic

1628 1815 1789 1869 Ovid.
1812 1817 2023 1870 Metam.
2037 1817 2141 1882 IV,
2163 1819 2229 1868 26
2251 1834 2264 1868 ε
2294 1843 2318 1862 α
2339 1815 2552 1886 Quique
2578 1833 2663 1867 ae—

1630 1915 1727 1950 nex
1769 1897 1937 1950 ferula
1969 1895 2255 1948 titubantes
2288 1895 2465 1949 ebrius
2506 1907 2663 1948 artua

1626 1976 1855 2028 Sustinet
1873 2013 1889 2038 ,
1926 1987 1975 2027 et
1996 1973 2171 2046 pando
2190 1993 2301 2028 non
2324 1974 2527 2028 fortiter
2542 1974 2661 2026 he-

1628 2069 1708 2108 ret
1732 2053 1891 2108 asello
1912 2081 1951 2106 n.
1983 2051 2131 2106 Idem
2150 2092 2167 2118 ‚
2206 2057 2313 2106 Art.
2332 2055 2449 2106 Am.
2468 2053 2495 2104 1
2512 2095 2529 2119 ,
2548 2054 2657 2116 543

1628 2153 1773 2206 seqq.
1816 2161 1838 2180 ι
1860 2134 2053 2187 Ebrius
2095 2151 2218 2188 ecce
2262 2151 2428 2186 senex
2466 2131 2659 2204 pando

1627 2214 1835 2267 Silenus
1866 2213 2025 2266 asello
2039 2213 2141 2264 Vix
2163 2212 2310 2266 sedet
2324 2253 2341 2278 ,
2368 2223 2421 2265 et
2442 2230 2657 2284 pressus

1628 2293 1860 2346 continet
1882 2305 2025 2346 arcte
2044 2293 2202 2364 jubas
2218 2319 2244 2338 a·
2272 2311 2285 2344 :
2317 2303 2501 2346 caetera
2534 2294 2655 2364 ejus

1624 2374 1726 2426 loci
1756 2371 2023 2426 brevitatis
2052 2391 2235 2426 caussa
2262 2391 2374 2426 non
2398 2373 2655 2425 transcri-

1624 2452 1801 2506 bimus
1818 2493 1834 2519 ,
1856 2471 1972 2523 que
1988 2494 2001 2518 ,
2030 2464 2088 2504 ut
2112 2458 2448 2505 Burmannus
2467 2453 2653 2507 obser-

1624 2544 1709 2584 vat
1730 2573 1744 2598 ,
1784 2532 1995 2603 egregie
2023 2531 2351 2585 illustrantur
2384 2551 2448 2584 ex
2480 2534 2649 2586 veteri

1622 2623 1965 2665 monumento
1979 2651 1995 2677 ‚
2016 2611 2073 2664 in
2099 2630 2208 2682 quo
2236 2611 2555 2665 temulentus
2572 2611 2655 2664 Si-

1621 2690 1771 2744 lenus
1798 2709 1863 2744 ex
1885 2692 2033 2744 asino
2056 2689 2297 2761 delapsus
2316 2731 2333 2756 ,
2378 2709 2411 2743 a
2440 2689 2652 2762 Satyris

1619 2783 1669 2824 et
1681 2771 1904 2824 Bacchis
1924 2771 1979 2822 in
2006 2789 2127 2824 eum
2153 2770 2415 2841 repositus
2440 2781 2493 2822 et
2518 2769 2653 2824 alle-

1618 2861 1769 2902 vatus
1804 2851 2141 2921 conspicitur,
2179 2847 2322 2920 apud
2366 2848 2599 2902 Donium
2626 2889 2645 2914 ‚

1618 2929 1867 3001 Inscript.
1887 2930 1966 2982 Cl.
1990 2929 2050 2994 1,
2076 2948 2197 3000 pag.
2224 2948 2287 2998 ²9
2308 2966 2323 2992 ‚
2351 2931 2463 2982 tab.
2482 2929 2557 2996 V,
2592 2945 2647 2984 et

1617 3009 1873 3063 Murator.
1894 3021 1930 3062 t.
1952 3011 1979 3062 I
1997 3048 2013 3074 ‚
2034 3029 2091 3081 p.
2119 3017 2231 3072 104.
2272 3069 2279 3078 ‚

1690 3095 1771 3151 4²·
1790 3091 1877 3140 cm·
1902 3094 2041 3141 Iacer
2064 3110 2097 3139 a
2129 3109 2335 3142 summo,
2354 3088 2400 3140 E
2415 3089 2643 3160 Virgilio

1616 3167 1727 3220 haec
1748 3186 1993 3239 expressa
2006 3167 2208 3220 Ecl.V1
2224 3204 2239 3230 ‚
2266 3185 2351 3236 17,
2372 3165 2441 3219 de
2459 3168 2643 3221 Sileno

1619 3247 1764 3301 ebrio
1786 3266 1799 3299 :
1842 3273 1868 3296 ι
1886 3247 2027 3305 Serta
2044 3246 2230 3318 procul
2246 3257 2453 3298 tantum
2475 3249 2639 3318 capiti

1617 3325 1827 3396 delapsa
1848 3327 2090 3398 jacebant
2111 3363 2127 3388 ,
2165 3327 2231 3377 Et
2256 3325 2433 3396 gravis
2459 3327 2641 3380 attrita

1608 3405 1869 3477 pendebat
1886 3405 2170 3458 cantharus
2188 3423 2384 3469 ansan;
2404 3405 2498 3458 uhi
2514 3425 2641 3459 can·

1610 3485 1817 3538 tharum
1838 3503 1966 3537 ansa
1992 3485 2173 3538 attrita
2200 3487 2435 3538 lacerum
2458 3485 2547 3538 vel
2570 3484 2638 3538 de

1609 3583 1771 3618 manu
1798 3565 1990 3628 Sileni,
2014 3583 2152 3636 aegre
2175 3563 2429 3628 tenentis,
2460 3564 2547 3616 vel
2576 3565 2637 3616 in

1608 3657 1762 3698 antro
1819 3643 2132 3716 pependisse
2156 3685 2170 3710 ,
2224 3645 2279 3697 in
2338 3661 2449 3715 quo
2510 3663 2635 3698 eum

1606 3750 1633 3770 α
1652 3727 1804 3796 pueri
1847 3743 2033 3776 somno
2068 3722 2251 3776 videre
2290 3727 2557 3794 jacentem
2576 3751 2635 3788 ι,

1607 3805 1795 3875 exponi
1838 3821 1993 3876 posse
2028 3803 2207 3855 notavi
2246 3803 2299 3855 in
2330 3803 2631 3856 Comment-

1604 3883 1670 3938 ad
1692 3880 1955 3938 Numizm.
1974 3883 2080 3937 Sic.
2105 3903 2160 3956 p.
2182 3885 2304 3948 408.
2328 3883 2521 3938 Bunx.

1676 3963 1759 4029 43.
1792 3965 1925 4014 Vina
1943 3984 2038 4031 per
2064 3983 2119 4016 os
2132 4003 2147 4025 ,
2190 3966 2428 4030 hirta-que
2440 3965 2631 4035 flunt.

495 4035 750 4090 Ceterum
797 4037 1010 4109 phrasin
1047 4039 1248 4092 sn'mulis
1288 4041 1451 4108 implet
1485 4061 1515 4092 e
1602 4043 1686 4100 Sic
1704 4044 1863 4097 etiam
1882 4043 2137 4116 Calpur-n.
2157 4043 2204 4095 X
2222 4085 2237 4110 ‚
2258 4045 2323 4098 53
2342 4060 2453 4114 seq.
2478 4043 2631 4116 Saty-
