2975 4684
740 370 876 436 AD
937 367 1269 439 sALEn
1332 371 1609 440 BASSI
1648 371 2114 444 CARMEN.
2359 377 2497 472 289

367 492 446 556 In
503 491 787 556 exercitu
843 508 910 557 et
959 492 1178 580 praelio
1227 492 1355 556 hoc
1399 493 1703 580 frequens
1748 508 1847 564 est
1864 541 1883 574 ‚
1916 507 1992 556 ut
2040 493 2497 582 impedimenta

369 592 438 655 in
471 614 678 655 unum
713 589 1034 656 conducta
1065 607 1132 655 et
1167 615 1326 656 nexa
1343 639 1362 674 ,
1389 595 1575 681 quasi
1603 593 1841 657 vallum
1874 591 2281 676 objiciantur,
2306 613 2371 660 et
2396 621 2500 662 ca-

369 695 554 758 lones
587 693 952 781 militesque
981 693 1088 757 alii
1116 691 1198 758 ad
1233 717 1308 758 ea
1342 692 1767 759 custodienda
1798 695 2266 784 relinquantur.
2294 699 2501 788 Igitur

372 817 488 882 per
530 795 832 859 mandras
875 795 946 858 in
989 795 1368 860 latrunculis
1415 813 1589 860 recte
1642 813 1807 887 pum
1840 797 2131 862 viliorem
2172 799 2501 866 latronum

372 896 632 961 turbam
673 894 1015 985 significari
1029 945 1048 978 ,
1083 918 1320 985 easque
1353 897 1422 960 in
1459 898 1595 961 acie
1626 897 2143 963 latrunculorum
2187 901 2503 968 instructa

371 996 546 1062 idem
591 997 958 1087 praestitisse
976 1047 995 1080 ,
1036 996 1216 1086 quod
1263 1000 1332 1062 in
1384 999 1673 1063 exercitu
1720 998 2215 1090 impedimenta,
2246 1003 2387 1068 lixae
2442 1021 2507 1070 et

375 1097 651 1164 calones.
688 1099 804 1164 His
839 1097 1126 1164 mandris
1152 1098 1420 1180 objectis
1458 1100 1612 1188 quia
1642 1101 1877 1189 reliqui
1913 1101 2193 1166 latrones
2219 1101 2307 1167 ita
2335 1119 2507 1194 tege-

373 1201 634 1283 bantur,
677 1217 788 1284 ut,
815 1200 940 1265 nisi
980 1201 1056 1264 iis
1096 1199 1408 1283 disjectis,
1435 1202 1579 1290 capi
1616 1224 1752 1266 non
1794 1219 2095 1290 possent,
2126 1203 2285 1268 hine
2319 1227 2505 1268 man-

377 1299 523 1366 dras
557 1301 741 1389 quasi
766 1302 1005 1366 vallum
1037 1317 1103 1367 et
1135 1303 1370 1366 moenia
1405 1325 1546 1367 esse
1576 1300 1734 1368 dicit
1761 1303 1999 1367 Noster
2026 1327 2087 1368 v.
2130 1325 2284 1390 192:
2313 1305 2510 1371 Clau-

375 1425 568 1492 saque
615 1404 854 1495 dejecto
875 1403 1222 1494 populetur
1259 1407 1497 1469 moenia
1550 1403 1751 1469 valle.
1808 1407 2022 1488 Quem
2076 1428 2268 1470 usum
2321 1408 2510 1496 plane

379 1507 718 1572 confirmat
748 1506 1146 1595 Hesychius:
1177 1512 1446 1588 Μάνδραι,
1479 1517 1591 1586 ἕρκη
1607 1555 1623 1580 ,
1654 1516 1895 1588 φραγμοὶ,
1924 1515 2035 1570 ὕλαι
2052 1501 2077 1581 ,’
2106 1517 2247 1573 σηκοὶ
2276 1518 2402 1583 βοῶν
2428 1519 2515 1573 καὶ

378 1620 542 1672 ἳππων
565 1608 680 1696 (1).
723 1609 1004 1698 Scaliger
1045 1607 1350 1672 mandras
1393 1608 1461 1670 in
1506 1606 1659 1670 lusu
1699 1606 2215 1672 latrunculorum
2262 1608 2511 1696 equites

380 1709 508 1774 dici
539 1727 728 1798 putat
748 1758 767 1791 ,
793 1711 958 1774 forte
985 1708 1164 1797 quod
1195 1708 1348 1797 equi
1382 1724 1662 1796 possunt
1696 1705 1777 1772 ad
1812 1706 2113 1771 mandras
2148 1705 2393 1774 referri.
2428 1712 2517 1773 At

382 1813 449 1876 in
488 1809 774 1877 mandris
811 1833 948 1875 non
980 1810 1114 1876 sola
1138 1811 1466 1892 jumenta,
1495 1807 1609 1874 sed
1644 1809 1965 1897 praecipue
2002 1807 2347 1896 equisones
2366 1857 2385 1892 ,
2410 1831 2516 1874 au·

381 1915 550 2004 rigas
584 1931 650 1978 et
678 1913 934 1978 viliores
971 1935 1271 2001 quosque
1300 1912 1601 1976 homines
1631 1908 2083 2000 intelligendos
2100 1959 2119 1992 ‚
2152 1933 2189 1974 e
2220 1911 2366 1975 loco
2398 1913 2432 1978 J
2437 1935 2515 1976 u-

381 2014 623 2080 venalis
666 2036 864 2102 supra
907 2014 1170 2078 recitato
1215 2012 1477 2077 abunde
1519 2027 1717 2101 patet.
1762 2011 1997 2100 Neque
2030 2013 2377 2093 convenire
2409 2013 2517 2076 alii

381 2116 604 2206 generi
651 2117 886 2204 magiS,
923 2139 1118 2204 quam
1165 2115 1322 2179 huic
1369 2129 1587 2203 potest
1604 2163 1622 2197 ,
1659 2110 1839 2202 quod
1870 2137 1908 2176 a
1941 2113 2148 2178 Saleio
2178 2096 2417 2178 vallum
2454 2131 2520 2178 et

384 2219 868 2282 munimentum
903 2217 1134 2304 reliqui
1165 2216 1438 2306 agminis
1467 2212 1727 2279 dicitur.
1754 2214 1969 2278 Multo
1997 2213 2215 2278 minus
2242 2215 2519 2304 probare

385 2321 678 2386 Salmasii
713 2320 1098 2384 sententiam
1129 2341 1398 2407 possum
1417 2367 1434 2400 ,
1468 2316 1583 2405 qui
1628 2319 1698 2380 in
1747 2332 2096 2380 comment.
2143 2315 2227 2380 ad
2257 2316 2520 2404 Vopisci

389 2423 740 2486 Proculum
761 2469 780 2504 ,
818 2445 882 2509 p.
917 2445 1005 2485 m.
1050 2419 1180 2508 738
1205 2468 1224 2501 ‚
1267 2421 1618 2502 existimat,
1662 2417 2007 2498 mandras,
2052 2434 2270 2506 septa,
2323 2419 2519 2482 vallos

386 2524 603 2588 vocari
637 2524 777 2588 loca
807 2523 911 2586 illa
947 2523 1080 2586 sive
1127 2521 1310 2586 sedes
1343 2523 1409 2585 in
1447 2521 1697 2603 tabula,
1724 2523 1792 2584 in
1844 2521 2082 2608 quibus
2127 2521 2325 2584 veluti
2362 2519 2525 2585 clusi

393 2622 1164 2688 tenebantur'latrunculi
1182 2673 1201 2706 ,
1246 2640 1344 2704 et,
1381 2624 1435 2686 si
1474 2623 1756 2688 calculus
1806 2622 1872 2685 in
1912 2621 2245 2686 discoloris
2298 2621 2523 2686 calculi

391 2721 610 2788 sedem
645 2721 897 2787 dicatur
933 2723 1250 2811 impetum
1282 2726 1524 2806 facere,
1553 2740 1629 2787 ut
1675 2745 1823 2786 eum
1854 2725 2062 2810 capiat
2082 2771 2099 2803 ,
2132 2739 2198 2786 et
2225 2720 2375 2786 sede
2408 2745 2523 2787 sua

394 2826 615 2914 pellat,
651 2841 792 2888 tum
846 2825 1180 2890 mandram
1235 2827 1373 2907 ejus
1426 2827 1559 2890 sive
1603 2826 1839 2890 vallum
1890 2825 2184 2914 frangere
2233 2825 2522 2914 intelligi.

395 2926 744 2990 Enimvero
805 2918 946 2990 hinc
995 2926 1470 3016 interpretatiO,
1506 2949 1585 2991 ex
1624 2928 1777 3014 ipsis
1832 2924 2047 2990 verbis
2090 2925 2311 3007 Saleii,
2349 2923 2527 2989 haud

398 3025 741 3092 difficulter
772 3027 971 3092 refelli
1015 3044 1246 3114 potest.
1291 3029 1459 3092 Nam
1510 3029 1565 3091 si
1614 3026 1899 3091 mandrae
1937 3041 2092 3090 sunt
2127 3024 2524 3088 calculorum
2604 3012 2613 3025 ⁸

469 3241 546 3306 (ι)
583 3235 938 3290 Commodum
963 3239 1106 3308 juxta
1134 3249 1188 3290 et
1209 3247 1391 3308 aptum
1417 3249 1494 3289 est
1520 3235 1665 3288 hunc
1694 3232 1943 3306 Hesychii
1973 3233 2147 3285 locum
2166 3269 2181 3296 ,
2217 3247 2326 3301 quo
2348 3227 2533 3282 melius

399 3320 610 3390 probet,
635 3319 792 3372 simul
820 3339 850 3372 a
879 3319 1074 3373 mendo
1105 3319 1250 3372 haud
1277 3319 1378 3372 levi
1409 3319 1651 3372 liberare.
1686 3319 1819 3370 Nam
1856 3315 1948 3368 ubi
1983 3311 2279 3386 Hesychius
2314 3310 2529 3365 scribit:

401 3397 669 3473 Μάνδραι,
701 3404 810 3474 ἕρκη
831 3441 847 3466 ,
885 3404 1128 3473 φραγμοὶ,
1159 3403 1296 3466 ὕλαι,
1328 3398 1460 3452 mibi
1489 3417 1595 3450 non
1622 3395 1847 3449 dubium
1876 3405 1953 3448 est
1992 3413 2091 3466 pro
2116 3397 2227 3448 ὕλαι
2252 3389 2532 3462 legendum

402 3499 512 3533 esse
537 3483 639 3534 ἶλαι
656 3519 673 3546 ,
695 3499 902 3548 greges,
936 3481 1161 3548 agmina.
1200 3477 1362 3545 Quod
1404 3477 1585 3531 nescio
1630 3496 1695 3529 an
1744 3474 1889 3528 docti
1932 3475 2030 3527 viri
2076 3474 2133 3526 in
2177 3471 2532 3524 recentissima

402 3565 712 3636 optimaque
739 3563 993 3636 Hesychii
1015 3563 1250 3616 editione
1264 3601 1279 3626 ,
1316 3580 1476 3634 quam
1498 3561 1553 3613 in
1573 3560 1680 3612 fine
1702 3558 1891 3630 nuperi
1919 3556 2093 3610 saeculi
2115 3553 2373 3626 prodiisse
2395 3554 2504 3606 scio
2519 3591 2536 3617 ‚

401 3647 491 3702 sed
512 3650 620 3719 jam
649 3647 719 3700 ad
737 3667 927 3702 manus
945 3669 1054 3700 non
1077 3663 1182 3716 est,
1199 3646 1584 3701 adnotaverint.
1604 3646 1797 3698 Contra
1817 3641 1967 3715 qnod
1982 3641 2071 3694 hic
2092 3639 2261 3693 obiter
2283 3639 2505 3692 observo
2518 3678 2533 3702 ‚

404 3727 460 3780 in
489 3728 594 3780 alio
617 3729 736 3779 loco
765 3727 1016 3800 Hesychii
1043 3733 1145 3784 ἶλαι
1173 3726 1427 3780 mendose
1457 3726 1691 3797 positum
1726 3735 1817 3776 est.
1850 3723 1985 3774 Nam
2016 3720 2071 3772 in
2098 3737 2229 3772 voce
2262 3719 2507 3774 Σκυτοὶλοιι
2524 3759 2539 3784 ,

404 3807 496 3860 ubi
517 3805 736 3878 exponit
761 3810 1025 3880 βακτηρίαι
1054 3815 1137 3862 καὶ
1167 3810 1218 3861 αἱ
1245 3809 1447 3861 ἱππικαὶ
1473 3809 1575 3861 ἶλαι
1591 3849 1604 3870 ,
1637 3805 1719 3858 καὶ
1746 3807 1893 3874 ὀφίων)
1924 3801 2016 3856 εἶσὶ
2041 3801 2335 3871 φλαγίλλιοι,
2368 3806 2510 3869 λῶροι
2527 3836 2543 3861 ,

405 3885 581 3957 palam
611 3898 686 3937 eet
729 3887 818 3950 τὰς
849 3889 1061 3951 ἱππικὰς
1085 3891 1192 3950 ἴλαις
1225 3887 1360 3939 nihil
1395 3885 1613 3938 omnino
1650 3881 1915 3954 pertinere
1952 3877 2021 3931 ad
2063 3875 2543 3948 interpretationem

407 3965 554 4017 vocis
573 3971 832 4021 σκυτάλαι.
867 3967 1052 4038 Itaque
1080 3965 1365 4037 legendum
1395 3983 1509 4018 eene
1529 3966 1613 4020 >tal
1640 3967 1689 4018 αἱ
1708 3963 1829 4035 ὓφαὶ
1850 3962 2070 4016 ποικίλαι
2086 3997 2102 4025 ,
2133 3959 2216 4012 καὶ
2241 3960 2391 4029 &qim
2414 3951 2543 4018 εἶδος

410 4045 644 4111 videtur,
683 4060 740 4100 ut
783 4047 1162 4103 demonstravit
1198 4050 1266 4100 V.
1305 4049 1364 4102 C.
1387 4046 1650 4104 Werued.
1690 4046 1745 4099 in
1790 4042 2203 4115 Antiquitatibus
2236 4039 2551 4098 numicis,

411 4150 532 4202 pag.
559 4131 643 4194 84.
675 4132 776 4185 En.

563 4227 704 4291 III.
2130 4243 2215 4313 ¹9
