2975 4684
507 362 652 434 638

1363 366 1803 436 AUSONII

605 482 828 553 Eheu!
863 510 985 554 cur
1013 486 1164 555 fatis
1192 487 1545 581 disponere
1572 489 1667 558 sic
1694 488 1914 584 placet
1940 514 2182 573 aevum,

697 597 862 664 Tam
893 595 1170 691 longum
1205 614 1278 667 ut
1309 600 1541 687 nobis;
1578 617 1715 669 tam
1748 602 1948 671 breve
1984 620 2060 672 ut
2090 604 2491 675 Antilocho?

1263 853 1393 921 IX.
1439 855 1878 924 PYRRHO.

600 1038 786 1107 Orbe
816 1054 1004 1133 tegor
1033 1038 1290 1126 medio,
1317 1039 1535 1133 major
1565 1044 1813 1113 virtute
1839 1060 2116 1139 paterna
2135 1098 2156 1131 ,

701 1148 908 1237 Quod
943 1173 1130 1243 puer,
1166 1165 1232 1218 et
1269 1152 1444 1244 regis
1474 1152 1769 1247 Pyrrhus
1802 1158 2025 1249 opima
2062 1155 2207 1225 tuli.

595 1261 852 1353 Impius
885 1274 1041 1329 ante
1072 1286 1218 1329 aras
1257 1286 1453 1355 quem
1500 1260 1737 1333 fraude
1773 1268 2056 1360 peremit
2096 1270 2391 1337 Orestes.

694 1369 886 1457 Quid
929 1371 1218 1440 mirum?
1247 1397 1410 1441 caesa
1447 1375 1587 1467 jam
1626 1376 2248 1471 genetricefurens.

579 1612 622 1645 1.
653 1595 779 1642 Orbe
805 1606 948 1659 tegor
971 1594 1152 1644 medio.
1170 1591 1358 1645 Phocis
1377 1630 1393 1655 ,
1413 1611 1523 1644 una

500 1691 560 1724 ex
583 1670 800 1724 Graeciae
829 1672 1132 1743 provinciis.
1160 1672 1226 1723 In
1259 1671 1521 1736 Phocide,

496 1751 718 1823 Delphi,
740 1763 792 1803 et
823 1754 970 1807 Πυθὼ
1017 1750 1198 1804 civitas
1237 1750 1523 1804 clarissima

496 1843 713 1902 propter
749 1831 1005 1901 templum
1036 1830 1296 1902 Apollinis
1328 1842 1380 1883 et
1411 1849 1525 1883 ora·

497 1910 696 1963 culum.
725 1909 884 1963 Hunc
911 1924 1090 1963 autem
1109 1910 1290 1963 locum
1306 1950 1322 1975 ,
1343 1910 1438 1983 qui
1465 1912 1523 1963 in

495 1988 671 2043 medio
694 1990 803 2042 fere
826 1991 1078 2043 universae
1099 1988 1316 2043 Graeciae
1345 2003 1483 2043 esset
1503 2029 1519 2054 ,

495 2068 638 2122 orbis
675 2080 932 2121 terrarum
967 2088 1182 2140 quoque
1211 2068 1370 2122 totius
1406 2088 1517 2123 me·

494 2146 645 2201 dium
669 2160 720 2200 et
741 2146 1052 2201 umbilicum
1073 2147 1350 2213 dixerunt3
1370 2148 1521 2221 quasi

499 2227 552 2279 in
607 2226 751 2299 globi
793 2228 1120 2279 extremitate
1165 2226 1313 2280 locus
1353 2227 1526 2280 omnis

497 2326 604 2360 non
642 2325 791 2378 aeque
833 2325 933 2379 pro
964 2304 1141 2359 medio
1167 2306 1525 2377 umbilicoque

497 2386 685 2438 haberi
722 2386 926 2457 possit;
964 2386 1337 2457 fabulamque,
1373 2387 1525 2458 cujus

491 2477 764 2517 auctorem
813 2464 943 2517 citat
995 2463 1280 2517 Pindarum
1330 2465 1525 2517 Strabo

491 2542 629 2595 libro
668 2562 846 2604 non0,
885 2542 954 2593 de
985 2540 1087 2593 hac
1122 2560 1181 2595 re
1221 2554 1343 2595 sunt
1381 2562 1525 2597 com-

493 2622 655 2675 menti
673 2663 688 2687 ‚
707 2620 842 2675 duas
859 2620 1053 2674 scilicet
1069 2624 1272 2693 aquilas
1297 2626 1519 2695 (cygnos

490 2702 580 2755 alii
609 2700 892 2765 dixerunt,
919 2712 980 2753 ut
1015 2712 1093 2753 est
1127 2700 1272 2773 apud
1311 2702 1518 2756 Plutar-

492 2783 652 2835 chum
671 2780 741 2833 de
761 2780 984 2834 Defectu
1007 2781 1364 2833 Oraculorum
1385 2823 1400 2847 ,
1427 2782 1517 2835 alii

492 2880 717 2927 corvos,
749 2874 809 2913 ut
837 2862 1079 2914 meminit
1111 2862 1321 2931 Strabo)
1349 2878 1513 2915 unam

489 2943 557 2993 ab
575 2954 695 2993 ortu
717 2978 732 3003 ‚
753 2940 971 2993 alteram
991 2941 1061 2992 ab
1087 2958 1280 2993 occasu
1302 2942 1519 2995 emissas

491 3022 560 3073 ab
578 3022 708 3073 Jove
728 3057 742 3081 ,
771 3018 1018 3072 hocloco
1043 3022 1390 3073 concurrisse.
1417 3022 1518 3073 An-

488 3101 668 3171 tiqnus
693 3110 850 3170 poeta
877 3097 1022 3171 apud
1036 3100 1334 3151 Varronem
1371 3114 1519 3154 sexto

491 3178 560 3230 de
583 3178 788 3249 Lingua
811 3178 1024 3241 Latina,
1043 3189 1094 3231 et
1112 3180 1422 3232 Ciceronem
1439 3198 1519 3233 se·

492 3258 670 3311 cundo
699 3256 764 3310 de
801 3258 1174 3311 Divinatione:
1217 3285 1241 3304 κ
1261 3260 1310 3312 O
1333 3273 1515 3314 sancte

493 3337 688 3409 Apollo
703 3374 718 3401 ,
748 3337 840 3408 qui
863 3336 1174 3389 umbilicum
1196 3350 1397 3391 certum
1422 3350 1523 3391 ter·

491 3436 671 3469 rarum
695 3414 906 3468 obsides
922 3456 936 3480 ,
977 3415 1134 3469 Unde
1155 3418 1521 3489 superstitiosa

499 3496 732 3567 primuni
751 3533 767 3558 ,
815 3513 952 3548 saeva
993 3496 1158 3548 evasit
1199 3514 1296 3548 vox
1338 3498 1451 3551 fera
1473 3524 1515 3549 n.

491 3576 746 3628 Fabulam
778 3574 945 3646 attigit
968 3574 1129 3626 etiam
1154 3574 1398 3629 Placidus
1417 3578 1513 3631 La-

489 3655 720 3708 ctantius
733 3695 747 3719 ,
769 3674 940 3726 quum
961 3650 1232 3725 quaesivit,
1253 3650 1348 3708 cur
1367 3656 1518 3728 Papi-

493 3736 612 3787 nius
644 3734 869 3798 Statius,
910 3734 964 3785 in
992 3733 1294 3787 Thebaidos
1335 3735 1424 3788 lib.
1456 3736 1514 3798 I,

501 3833 524 3866 ι
539 3832 620 3880 21,
632 3813 954 3866 Parnassum
973 3812 1089 3865 caeli
1111 3813 1348 3866 medium
1366 3814 1519 3867 dixis·

487 3908 582 3946 set.
615 3894 954 3945 Hermionem
977 3892 1205 3947 Menelai
1231 3912 1293 3946 ex
1312 3892 1513 3947 Helena

489 3972 653 4024 filiam
675 4010 690 4035 ,
721 3990 966 4043 sponsam
1001 3990 1186 4038 suam,
1217 3992 1384 4045 quum
1418 3992 1513 4026 au-

487 4050 618 4101 divit
647 4050 886 4121 Pyrrhus
912 4048 1086 4102 Oresti
1119 4050 1176 4101 in
1205 4052 1512 4125 conjugium

489 4146 520 4179 a
541 4127 793 4199 Tyndaro
830 4128 1145 4198 promissam
1166 4168 1180 4193 ,
1211 4149 1242 4182 a
1271 4130 1516 4184 Menelao

1611 1588 1782 1659 ipsam
1821 1586 1992 1658 petiit.
2034 1586 2311 1638 Menelaus
2350 1586 2419 1639 ab
2452 1588 2641 1639 Oreste

1611 1666 1867 1728 abduxit,
1904 1676 1955 1717 et
1984 1664 2193 1736 Pyrrho
2220 1663 2473 1718 reddidit.
2516 1666 2634 1731 Qua

1610 1744 1803 1819 injuria
1826 1754 2039 1815 accepta
2054 1782 2070 1803 ..
2092 1744 2305 1797 Orestes
2330 1764 2359 1796 a
2388 1744 2637 1799 fratribus

1610 1824 1821 1899 adjutus
1841 1865 1857 1890 ,
1888 1835 1949 1875 ut
1966 1823 2148 1877 scribit
2166 1823 2538 1896 Lycophronis
2554 1824 2637 1875 in-

1612 1916 1834 1976 terpres,
1872 1902 2139 1975 Pyrrhum
2172 1903 2392 1975 Delphis
2416 1904 2475 1957 in
2512 1917 2639 1957 tem-

1612 1982 1703 2057 plo
1726 1980 1983 2055 Apollinis
2014 1982 2397 2035 sacrificantem
2426 1982 2637 2036 occidit.

1610 2064 1695 2117 Sic
1734 2062 2079 2125 Hermionen:
2134 2060 2482 2133 recuperavit.
2521 2062 2639 2115 Del-

1608 2138 1729 2214 phis
1753 2162 1881 2215 ergo
1898 2140 2161 2214 sepultum
2189 2142 2351 2194 fuisse
2369 2142 2635 2214 Pyrrhum

1614 2222 1835 2275 Achillis
1858 2222 2025 2274 fllium
2044 2262 2059 2286 ,
2099 2218 2230 2273 dicit
2255 2221 2637 2293 epitaphiogra-

1612 2302 1789 2373 phus;
1830 2298 1925 2354 sed
1966 2304 2078 2375 ejus
2115 2318 2234 2353 ossa
2272 2300 2546 2373 Hyginus,
2586 2316 2636 2356 et

1612 2382 1841 2435 Ovidius
1864 2382 1920 2433 in
1948 2380 2100 2445 Ibin,
2138 2399 2235 2451 per
2261 2379 2391 2433 fines
2410 2381 2636 2433 Ambra-

1614 2462 1705 2515 ciae
1742 2480 1921 2534 sparsa
1958 2458 2245 2513 declarant.

1688 2562 1733 2595 2.
1771 2545 1951 2611 Impius
1974 2554 2093 2591 ame
2110 2560 2246 2593 aras.
2271 2540 2453 2593 Liceat
2468 2554 2523 2591 et
2546 2541 2637 2592 mi-

1612 2620 1669 2673 hi
1698 2622 1885 2692 nugari
1905 2658 1921 2685 ,
1960 2636 2125 2691 quum
2142 2636 2305 2673 nemo
2323 2638 2432 2673 non
2455 2620 2633 2673 saciat.

1606 2700 1911 2755 Maluissem
1944 2700 2233 2752 Ausonium
2264 2700 2423 2752 aliam
2457 2698 2637 2751 reddi·

1605 2778 1745 2833 disse
1774 2780 1934 2833 caedis
1964 2778 2161 2851 Pyrrhi
2188 2796 2430 2831 caussam
2454 2796 2469 2830 ε
2492 2778 2633 2833 hanc

1604 2878 1829 2931 nempe:
1871 2886 1897 2904 e-
1924 2859 2125 2929 Impius
2160 2871 2285 2912 ante
2319 2876 2438 2911 aras
2464 2862 2631 2931 'quem

1608 2939 1798 2993 frande
1832 2937 2055 3011 peremit
2084 2938 2316 2991 Orestes.
2354 2936 2502 3003 Quid
2538 2938 2633 2990 mi-

1608 3020 1761 3073 rum?
1804 3030 1925 3072 ante
1966 3036 2082 3071 aras
2127 3018 2443 3071 sustuleram
2485 3017 2635 3070 Pria-

1608 3117 1755 3151 mum
1778 3124 1822 3152 ».
1859 3128 1932 3139 --
1964 3103 2147 3168 Impius
2173 3113 2291 3150 ante
2312 3118 2449 3150 aras.
2475 3098 2633 3152 Forte

1606 3178 1850 3231 adlusnm
1885 3178 1953 3231 ad
1986 3180 2078 3231 illa
2102 3178 2347 3250 Virgilii,
2380 3180 2629 3243 AEn.111,

1602 3276 1679 3310 vs.
1699 3256 1802 3310 330
1822 3276 1837 3310 τ
1877 3284 1899 3304 ι
1923 3260 2014 3311 Ast
2036 3260 2187 3311 illum
2220 3270 2411 3329 erepta
2434 3278 2631 3330 magno

1609 3336 1967 3390 inflammatus
2020 3356 2200 3390 amore
2246 3336 2499 3409 Coujugis
2522 3380 2538 3405 ‚
2579 3350 2630 3390 et

1607 3417 1866 3470 scelerum
1916 3416 2069 3471 furiis
2115 3417 2339 3489 agitatus
2376 3417 2587 3471 Orestes
2610 3455 2627 3480 ‚

1606 3496 1808 3568 Excipit
1843 3496 2113 3550 incautum
2134 3536 2149 3561 ‚
2192 3496 2487 3567 patriasque
2528 3498 2631 3549 ob·

1606 3588 1816 3629 truncat
1842 3574 1911 3628 ad
1940 3594 2057 3629 aras
2074 3602 2116 3627 a.

1680 3663 1726 3720 4.
1769 3659 1904 3723 Quid
1930 3660 2122 3707 minem.
2151 3656 2324 3707 Nemo
2347 3652 2505 3707 debet
2534 3654 2629 3706 mi·

1605 3736 1733 3798 rari,
1760 3734 1933 3807 inquit
1948 3776 1962 3801 ,
1985 3736 2028 3787 si
2045 3746 2150 3787 tam
2173 3734 2364 3805 impius
2384 3734 2485 3785 suit
2500 3735 2629 3787 Ore-

1605 3826 1734 3879 stes,
1767 3826 1825 3867 ut
1849 3834 1933 3867 me
1960 3815 2013 3867 in
2044 3813 2239 3885 templo
2258 3812 2523 3885 Apollinis
2542 3832 2628 3865 sa·

1602 3894 1927 3947 crificantem
1954 3893 2257 3947 interimere
2290 3910 2401 3945 nou
2442 3892 2628 3945 timue·

1600 3973 1689 4027 rit.
1714 3973 1937 4026 Matrem
1960 3974 2101 4027 enim
2135 3992 2285 4027 suam
2310 3971 2627 4043 Clytaemne·

1602 4064 1764 4105 stram
1788 4054 1897 4123 jam
1933 4052 2196 4107 occiderat
2218 4092 2234 4117 ,
2262 4064 2313 4106 et
2335 4056 2446 4123 ejus
2476 4050 2625 4102 furiis

1602 4130 1974 4201 exagitabatur.
