2975 4684
483 347 622 419 602

1333 350 1779 420 INCERTI

515 458 527 469 ’
579 472 650 542 Si
691 470 942 540 sineret
981 486 1258 555 natura,
1305 473 1472 541 meis
1516 473 1868 541 absumere
1908 469 2121 540 malis.

577 585 673 650 Te
708 606 868 650 vero
907 582 1260 675 tristesque
1299 582 1452 651 ferae
1485 574 1878 676 cunctaeque
1902 581 2219 651 ‘volucres

577 692 962 786 Diripient,
1003 690 1313 787 avidique
1347 716 1547 761 canes
1590 708 1705 763 tua
1752 693 2005 761 viscera
2044 707 2336 785 pascent.

581 806 744 871 Haee
774 827 856 870 ex
897 818 964 871 te
1003 803 1272 895 capient
1312 801 1603 873 Patrocli
1642 802 1887 897 gaudia
1922 806 2197 885 Manes,

580 916 650 986 Si
687 916 966 1010 capiunt
999 915 1254 984 umbrae
1271 944 1325 983 n.
1358 915 1544 983 Dum
1582 913 1741 983 talia
1778 938 2064 1009 magnus
2100 910 2393 983 Achilles

2534 952 2645 977 Ῑω.

583 1029 721 1097 Ore
751 1027 928 1095 truci
955 1026 1201 1118 jactat,
1237 1027 1446 1095 vitam
1487 1024 1885 1096 miserabilis
1914 1030 2169 1095 Hector

577 1135 896 1206 Reddidit
927 1162 943 1205 ε
978 1136 1160 1205 hunc
1187 1138 1416 1205 animo
1456 1137 1765 1207 nondum
1796 1138 2075 1206 satiatus
2112 1133 2407 1207 Achilles

572 1245 846 1341 Deligat
884 1246 972 1315 ad
1004 1266 1284 1317 currum
1307 1299 1327 1332 ‚
1365 1247 1785 1342 pedibusque
1820 1249 2187 1342 exsanguia
2232 1247 2531 1315 membra

572 1361 704 1426 Ter
746 1358 1000 1427 circum
1039 1369 1273 1427 muros
1316 1359 1533 1427 victor
1579 1359 1789 1429 trahit
1819 1388 1833 1429 ε
1868 1358 2068 1429 altius
2108 1359 2288 1453 ipsos

483 1552 588 1603 tius
607 1588 623 1614 ,
651 1550 821 1602 Theb.
855 1550 989 1601 VIII
1008 1590 1024 1616 ‚
1055 1550 1155 1621 755
1204 1570 1311 1622 seq.
1358 1550 1513 1622 plura

484 1630 644 1703 hujus
669 1626 900 1681 infandae
913 1628 1256 1682 immanitatis
1272 1626 1515 1701 exempla

484 1729 544 1762 ex
574 1709 794 1762 historia
823 1708 1084 1779 congessit
1113 1708 1363 1763 Bar-thius
1393 1710 1431 1762 l.
1461 1728 1511 1763 c.

483 1790 588 1843 Pro
625 1793 914 1857 discerptum
957 1788 1024 1841 H.
1067 1789 1193 1860 legit
1233 1792 1479 1857 dereptum
1496 1811 1517 1849 ,-

485 1869 550 1922 G.
579 1870 702 1937 1,A.
723 1881 776 1923 et
793 1870 860 1922 L.
881 1872 1148 1937 direptum5
1166 1868 1234 1921 G.
1262 1889 1289 1921 2
1312 1881 1517 1922 utrum-

485 1968 590 2022 que
629 1953 866 2018 direptum
902 1960 956 2001 et
995 1954 1301 2019 discerptum.

557 2032 678 2100 996.
708 2029 812 2083 Pro
847 2033 1114 2093 absumere,
1133 2028 1356 2081 Helmst.
1389 2047 1516 2079 con-

486 2129 692 2161 sumere·

559 2190 683 2258 998.
729 2192 886 2241 Canes
925 2204 1012 2239 cua
1050 2192 1248 2240 viscera
1288 2202 1515 2255 pascent.

489 2269 606 2321 Hoc
644 2287 834 2339 parum
877 2266 1096 2320 latinum
1145 2268 1211 2321 cl.
1257 2268 1516 2338 Dorpius‘,

491 2368 544 2421 p.
591 2350 686 2402 132
709 2386 724 2411 ,
763 2348 838 2401 sic
883 2347 1278 2401 emendandum
1324 2359 1513 2419 putat:

495 2431 765 2495 avidosque
787 2446 937 2479 canes
955 2442 1041 2479 tua
1059 2430 1256 2479 viscera
1274 2442 1514 2497 pascent,

491 2506 629 2559 sicut
665 2504 826 2559 Ovid.
868 2506 926 2558 in
963 2507 1048 2559 Ib.
1083 2514 1180 2575 194
1208 2525 1222 2558 τ
1253 2532 1276 2553 α
1299 2506 1400 2559 Hic
1433 2508 1518 2559 iu-

491 2596 808 2657 consumpto
843 2584 1042 2638 viscere
1076 2599 1261 2656 pascet
1298 2605 1450 2639 avem
1469 2613 1515 2639 a.

493 2668 557 2720 Et
587 2685 711 2719 sane
739 2670 792 2723 τὸ
817 2685 1022 2734 pascere
1053 2666 1220 2719 activa
1253 2666 1518 2737 significa·

491 2749 636 2801 tione
669 2766 767 2819 pro
793 2764 980 2799 vorare
1011 2744 1152 2816 apud
1183 2745 1354 2798 bonos
1387 2747 1519 2798 scri-

495 2840 669 2899 ptores
713 2827 800 2879 vix
850 2826 1118 2891 occurrit,
1165 2826 1521 2898 compositum

493 2921 668 2961 tamen
697 2912 964 2977 depascere
989 2907 1219 2959 occurrit
1246 2905 1388 2978 apud
1416 2906 1523 2959 Co·

495 2988 622 3041 lum.
645 2990 752 3040 VII
770 3027 785 3051 ,
813 2992 842 3042 5
856 3028 871 3054 ,
891 3000 943 3040 et
963 2989 1020 3041 in
1045 2986 1298 3059 scriptore
1316 3026 1332 3051 ,
1352 2986 1523 3059 qualis

491 3068 582 3121 hic
609 3082 688 3122 est
706 3107 723 3132 ,
758 3070 912 3121 verba
941 3067 1116 3121 omnia
1147 3065 1218 3120 ad
1247 3067 1523 3120 meliorem

497 3165 652 3201 usum
684 3148 767 3201 vix
808 3160 1026 3219 possunt
1055 3146 1204 3218 exigi.
1235 3146 1406 3218 Igitur
1433 3146 1525 3199 hic

496 3226 858 3299 ampliandum
892 3246 1096 3280 censeo.
1386 3266 1398 3293 4

567 3325 692 3377 999.
720 3313 825 3359 Hoc
849 3328 917 3357 ex
943 3328 996 3359 se
1023 3310 1220 3375 capient
1243 3305 1308 3358 G.
1343 3323 1389 3357 2.

574 3404 725 3439 1000.
765 3378 816 3437 Si'
851 3389 1050 3454 sapiunt
1072 3386 1141 3439 G.
1175 3405 1228 3451 1,
1255 3381 1402 3457 quod
1435 3384 1523 3435 in-

495 3477 677 3537 eptum
707 3480 804 3518 est.
831 3466 990 3517 Forte
1017 3464 1122 3517 boc
1149 3462 1525 3517 adumbratum

494 3564 558 3598 ex
585 3544 1030 3617 illoVirg.Georg.
1052 3546 1152 3609 IV,
1178 3546 1280 3614 489
1300 3562 1314 3594 :
1338 3543 1527 3613 «Igno-

496 3625 686 3678 scenda
711 3623 926 3697 quidem
945 3662 960 3688 ,
983 3625 1178 3677 scirent
1195 3623 1237 3675 si
1253 3625 1525 3695 ignoscere

453 3746 463 3751 -
495 3705 680 3758 Manes
702 3730 742 3755 ω.
781 3704 1032 3776 Calpurn.
1070 3704 1244 3767 VIII,
1285 3704 1352 3756 38
1378 3720 1390 3754 τ
1423 3728 1448 3746 «ι
1467 3701 1525 3754 Si

497 3785 690 3837 sentire
716 3782 870 3836 datur
899 3795 1019 3855 post
1051 3784 1154 3835 sata
1183 3783 1376 3853 quietis
1394 3808 1434 3834 n.

573 3881 726 3916 1002.
748 3870 888 3915 Hunc
906 3866 1062 3915 animi
1076 3862 1145 3915 H.
1169 3876 1220 3915 et
1241 3866 1450 3915 animus.
1465 3902 1476 3913 .
1500 3899 1513 3913 .

497 3946 706 3995 Achillis
734 3942 800 3995 G.
828 3962 875 3995 2.
900 3942 980 3995 Ad
1006 3944 1162 4000 verba
1193 3946 1412 3995 nondum
1443 3963 1527 3993 sa-

495 4025 642 4072 tiatus
661 4021 912 4074 recordor
931 4022 1326 4094 epigrammatis
1341 4062 1355 4087 ,
1373 4021 1523 4093 quod

498 4111 662 4151 exstat
689 4101 906 4152 Anthol.
947 4104 1062 4153 Lat.
1099 4102 1190 4154 lib.
1232 4101 1430 4173 1²84»
1473 4113 1525 4152 et

1603 1555 1667 1602 de
1690 1566 1852 1603 tractu
1869 1554 2091 1602 Hectoris
2118 1550 2423 1603 inscribitur
2449 1568 2463 1601 τ
2498 1550 2643 1601 «Fu-

1604 1650 1731 1684 nere
1760 1632 1943 1683 turbat
1972 1648 2133 1703 equos
2160 1628 2391 1683 necdum
2418 1630 2643 1683 satiatus

1604 1710 1841 1765 Achilles
1854 1752 1871 1779 ‚
1894 1710 2094 1765 Hector
2106 1723 2161 1764 et
2176 1710 2435 1763 exanimis
2452 1710 2645 1761 funere

1605 1792 1787 1844 turbat
1833 1810 1999 1864 equos
2018 1816 2041 1837 ιι
2057 1832 2069 1843 .
2108 1790 2173 1844 In
2222 1808 2331 1861 quo
2378 1790 2649 1862 epignm-

1606 1882 1746 1923 mate
1789 1871 2041 1924 offendor
2080 1890 2207 1923 voce
2256 1873 2446 1931 turbae,
2492 1866 2643 1941 quod

1606 1950 1739 2003 falso
1778 1950 1985 2004 dictum
2016 1950 2226 2023 putabit
2245 1986 2261 2011 ‚
2302 1949 2347 2001 si
2388 1948 2507 2021 quis
2548 1966 2645 1999 no-

1606 2042 1775 2085 strum
1798 2031 2204 2103 epitomatorem
2222 2028 2476 2083 conferat.
2496 2027 2642 2081 Nam

1606 2109 1696 2163 hic
1736 2128 1849 2163 non
1888 2110 2130 2162 turbatos
2165 2109 2247 2162 vel
2274 2117 2642 2160 consternatos

1608 2209 1771 2261 equos
1810 2188 2029 2242 Achillis
2049 2227 2065 2251 ,
2106 2186 2201 2242 sed
2241 2186 2417 2259 potius
2454 2204 2643 2258 super-

1607 2270 1725 2323 bius
1741 2270 2003 2341 altiusque
2020 2268 2291 2322 incessisse
2308 2268 2379 2319 ob
2394 2265 2645 2319 Hectoris

1609 2350 1768 2402 funus
1806 2348 1939 2402 dicit
1974 2368 2027 2401 v.
2054 2348 2203 2400 1005.
2238 2347 2379 2399 Hinc
2416 2345 2645 2399 sortasse

1608 2448 1705 2500 pro
1728 2432 1890 2481 turbat
1906 2427 2203 2500 legendum,
2214 2430 2383 2478 tardae
2397 2424 2642 2495 exemplo

1608 2510 1757 2563 Statii
1774 2510 1830 2561 in
1850 2508 2044 2561 Achiu.
2068 2509 2118 2572 I,
2139 2507 2207 2560 88
2230 2525 2244 2561 ι
2275 2532 2302 2552 α
2321 2504 2483 2558 modo
2500 2522 2647 2559 eras-

1611 2609 1665 2642 sa
1692 2590 1834 2642 exire
1860 2586 2055 2642 vetabit
2078 2586 2354 2657 (Achilles)
2372 2584 2607 2637 Flamina
2626 2626 2642 2650 ,

1611 2681 1663 2721 et
1675 2668 1937 2721 Hectoreo
1951 2665 2181 2719 tardabit
2200 2666 2387 2718 funere
2400 2683 2588 2717 currus
2600 2691 2643 2715 ι.

1690 2746 1845 2801 1003.
1870 2750 2074 2815 Deligae
2092 2751 2165 2797 ad
2181 2764 2373 2796 cunum
2393 2744 2461 2796 H.
2484 2756 2538 2796 et
2568 2743 2638 2796 G.

1619 2846 1669 2889 1,
1702 2826 1849 2899 quod
1869 2826 2079 2899 praetuli
2104 2828 2321 2896 vulgato
2341 2828 2571 2892 Adligat.

1694 2914 1841 2969 1004.
1860 2912 1955 2959 Ter
1974 2910 2153 2958 circum
2176 2925 2339 2957 muros
2362 2907 2525 2956 vietor
2543 2919 2649 2954 m·

1612 2988 1696 3039 Ιιίε.
1741 2986 1841 3039 Hic
1888 2988 2080 3041 Noster
2119 2985 2309 3039 iterum
2349 2984 2645 3037 Homerum

1614 3086 1725 3119 non
1770 3086 1839 3119 ex
1880 3066 2114 3119 Homero
2134 3103 2151 3129 ,
2196 3064 2287 3118 sed
2326 3084 2390 3118 ex
2411 3062 2649 3134 Virgilio

1612 3145 1862 3209 reddidit,
1882 3146 1977 3219 qui
1996 3150 2120 3199 AEn.
2147 3148 2172 3197 1
2188 3184 2203 3209 ‚
2230 3145 2359 3211 483,
2378 3143 2485 3196 ait:
2511 3143 2649 3195 -Ter

1614 3227 1815 3279 circum
1851 3227 2046 3281 Iliacos
2082 3236 2387 3298 raptaverat
2414 3224 2645 3277 Hectora

1614 3324 1794 3359 muros
1814 3327 1873 3373 »5
1904 3306 1995 3359 sed
2020 3306 2281 3358 Homerus
2302 3306 2412 3376 ipse
2432 3301 2501 3356 ad
2520 3323 2649 3357 cur-

1612 3404 1735 3437 rum
1770 3384 2068 3457 adligatum
2112 3396 2194 3437 ter
2236 3385 2377 3437 circa
2415 3383 2649 3437 Patrocli

1614 3464 1877 3519 tumulum
1900 3504 1916 3530 ,
1946 3485 2055 3519 non
2081 3465 2257 3538 Trojoe
2284 3463 2509 3527 moenia,
2545 3475 2651 3517 tra·

1614 3556 1759 3597 ctum
1786 3545 1856 3597 ab
1875 3545 2081 3599 Achille
2118 3545 2319 3599 scribit.
2352 3543 2459 3595 Alii
2478 3556 2647 3613 poeto

1614 3635 1816 3678 veteres
1843 3624 2017 3679 Graeci
2040 3625 2291 3715 e‘Latini
2314 3636 2529 3695 raptum
2550 3624 2649 3675 cir-

1614 3721 1674 3755 ca
1698 3702 1891 3756 moenia
1918 3704 2163 3769 tradunt,
2196 3702 2289 3757 sed
2318 3702 2387 3757 de
2420 3706 2667 3755 numero‘

1616 3783 1848 3836 ternario
1876 3784 2047 3837 silent.
2073 3783 2197 3837 vid.
2229 3781 2395 3836 Ovid.
2424 3782 2645 3835 Metam.

1614 3863 1745 3928 ΧΠ,
1765 3862 1891 3930 591,
1919 3876 1969 3915 et
1990 3864 2047 3916 in
2070 3864 2151 3917 Ib.
2178 3865 2297 3917 336.
2316 3864 2499 3916 Solum
2521 3880 2649 3933 poe-

1613 3955 1785 3995 tarum
1810 3980 1827 4005 ‚
1868 3944 1963 4015 qui
2002 3944 2105 3997 hoc
2136 3942 2309 3997 tradat
2332 3954 2453 4014 post
2469 3942 2649 4011 Virgi-

1614 4022 1741 4074 lium
1762 4064 1777 4088 ,
1814 4042 1921 4076 esse
1945 4037 2217 4077 auctorem
2250 4021 2445 4076 Iliados
2470 4021 2649 4073 latinae

1612 4102 1855 4157 observat
1894 4102 2111 4175 Baylius
2130 4142 2145 4167 ,
2188 4102 2418 4155 Diction.
2470 4105 2650 4155 artic-Ie
