2975 4684
1020 361 1126 429 IN
1183 356 1869 428 PARTHENONE.

2371 356 2513 454 349

479 478 917 575 Semiferique
963 481 1204 550 animis
1235 477 1458 549 recolo
1493 492 1824 572 praecepta
1860 477 2195 573 magistri,

475 592 618 660 Nec
661 615 946 685 puerum
984 590 1206 661 decuit
1239 587 1551 659 muliebri
1587 602 1857 683 pectora
1889 586 2091 684 peplo

475 701 802 787 Induere,
833 716 902 770 et
937 715 1236 772 teneram
1274 724 1502 795 gressu
1542 697 1855 770 slmulare
1892 696 2202 795 puellam.

477 811 542 882 N
546 835 680 880 unc
723 813 928 906 igitur
960 835 1266 882 crescens
1304 811 1495 880 annis
1532 810 1902 904 sapientior
1938 824 2094 880 aetas

474 923 765 992 Devovit
797 923 1044 1009 Marti,
1083 922 1302 992 tenuit
1343 946 1493 1016 quae
1528 919 1733 990 corda
1770 919 2079 1016 Cupido,

475 1028 1008 1128 Belliger-umque
1025 1036 1245 1104 Deum
1264 1057 1474 1128 quum
1494 1057 1683 1102 mens
1700 1045 1843 1102 tum
1862 1031 2165 1102 membra
2182 1047 2569 1128 sequuntur.

474 1143 777 1212 Stamina
811 1141 1183 1237 linquentes
1211 1158 1488 1213 currant
1514 1142 1603 1212 ad
1628 1141 1881 1238 spicula
1908 1142 2177 1238 palmae‚

475 1252 1002 1347 Terrificumque
1043 1269 1246 1350 caput
1285 1253 1559 1350 praefixa
1594 1253 1845 1323 casside
1880 1255 2148 1322 mitram

475 1361 716 1450 pellat,
743 1364 908 1432 etin
937 1363 1170 1459 gracili
1199 1364 1599 1436 decorentur
1626 1378 1931 1458 tempora
1956 1362 2171 1434 ferro:

475 1477 681 1543 Arma
709 1487 937 1567 tegant
964 1489 1269 1544 nostrum
1300 1476 1558 1569 potius,
1583 1501 1785 1570 quam
1816 1499 2134 1570 suppara,
2161 1498 2435 1569 corpm,

477 1587 538 1654 A
576 1583 722 1654 telis
749 1584 836 1654 ad
869 1583 996 1655 tela
1026 1585 1213 1657 decet
1239 1587 1527 1658 transire
1547 1583 1891 1680 juffentam
1913 1638 1933 1673 ,

378 1781 486 1829 ulla
505 1791 578 1829 est
597 1781 740 1846 σηῲα
750 1781 994 1846 parentis.
1019 1780 1162 1834 Inest
1185 1779 1364 1834 hiatus
1380 1815 1398 1842 ‚
1419 1747 1428 1756 ο

377 1873 541 1928 quem
569 1867 700 1910 teste
723 1857 1029 1911 But-manno
1049 1877 1231 1912 omnes
1251 1859 1400 1912 sche-

375 1933 460 1986 da
501 1947 739 1999 servant,
773 1936 944 2008 qualis
981 1948 1033 1990 et
1065 1937 1209 1992 infra
1231 1957 1280 1989 v.
1311 1957 1396 2008 72.

377 2013 647 2067 Ferendus
696 2015 786 2068 hic
835 2016 889 2068 in
933 2029 1090 2088 poeta
1137 2016 1398 2070 inferioris

378 2093 478 2146 nvi
495 2133 510 2158 ,
531 2095 776 2164 quamvis
795 2095 965 2149 facilis
987 2095 1246 2149 correctio
1263 2097 1396 2167 ejus,

378 2170 491 2224 sive
517 2191 638 2224 cum
666 2172 884 2228 Heinsio
911 2173 1084 2246 legere
1101 2175 1235 2228 velis
1253 2215 1270 2240 ,
1312 2195 1398 2227 ne-

377 2271 474 2318 que
517 2255 644 2304 enim
698 2256 801 2304 ulla
847 2267 924 2304 est
963 2258 1110 2322 eulpa
1142 2257 1396 2321 parentis,-

376 2331 509 2397 sive,
536 2331 682 2404 quod
711 2351 808 2404 ego
843 2332 1049 2398 malim,
1075 2353 1236 2402 neque
1255 2338 1400 2402 eulpa

376 2425 452 2462 esc
468 2415 575 2463 ulla
585 2417 831 2480 parentis.

452 2497 533 2554 14.
568 2493 905 2559 Senu'serique.
925 2530 965 2543 ..
993 2493 1241 2560 magistri,
1269 2490 1398 2545 Chi·

373 2569 537 2623 ronis.
563 2571 650 2624 Sic
675 2570 816 2624 enim
837 2569 1088 2624 Centauri
1111 2571 1293 2622 vocari
1313 2589 1400 2623 so·

377 2649 499 2701 lent.
519 2647 642 2702 vid.
671 2647 828 2702 ovid.
862 2649 987 2701 Met.
1019 2648 1158 2713 XII,
1177 2651 1311 2713 4063
1343 2661 1402 2702 ut

377 2736 430 2778 et
453 2729 816 2789 semihomines,
842 2725 997 2779 ovid.
1027 2727 1240 2780 Metam.
1261 2727 1399 2793 XII,

379 2807 499 2860 536.
543 2837 616 2847 -
653 2809 849 2858 Animis
894 2811 1054 2858 recolo
1095 2807 1154 2858 in
1195 2805 1402 2860 schedis
1456 2847 1464 2852 -

375 2886 586 2940 Divion.
605 2889 762 2938 anima·
776 2887 832 2939 in
860 2885 1020 2939 Salm.
1040 2898 1093 2939 et
1114 2885 1263 2938 Leid-
1279 2885 1398 2940 cod.

377 2979 478 3032 est,
505 2966 654 3018 litera
696 2965 884 3019 ultima
921 2967 1187 3038 absorpta.
1215 2968 1397 3018 Animo

377 3044 912 3116 m010.adscripserat
939 3044 1188 3098 Heinsius
1204 3085 1220 3112 ,
1251 3043 1400 3117 quod

375 3137 596 3197 propter
623 3143 814 3178 sonum
832 3124 1170 3197 ingratior-em
1199 3124 1398 3197 impro-

375 3205 470 3257 bat
490 3204 841 3258 Burmannus.

452 3287 533 3336 16.
550 3288 730 3336 Gressu
744 3286 974 3336 simulare
979 3288 1219 3353 puellam,
1227 3303 1402 3357 quem·

377 3361 673 3416 admodum
721 3363 894 3415 fecere
941 3363 1204 3416 Achillem
1250 3363 1405 3418 docet

376 3441 560 3495 Thetis
590 3453 785 3505 mater,
813 3451 1106 3495 monstrato
1132 3441 1406 3514 virginum

377 3519 546 3574 choro
566 3559 582 3586 ,
620 3518 767 3592 apud
788 3520 918 3573 stat.
935 3519 1126 3574 Achiu.
1155 3520 1186 3572 1
1202 3558 1219 3585 ‚
1257 3521 1360 3589 339
1384 3541 1400 3576 τ

376 3625 402 3644 α
420 3600 495 3653 sic
532 3617 662 3670 ergo
695 3597 922 3671 gradus,
954 3600 1030 3653 sic
1060 3619 1156 3654 ora
1185 3619 1404 3654 manus·

376 3697 483 3751 que
495 3719 512 3745 ,
528 3678 662 3731 Nate
674 3717 690 3744 ,
710 3678 844 3730 feres
857 3719 874 3744 ,
891 3678 1215 3752 comitesque
1231 3677 1405 3734 modis

375 3757 650 3811 imitabere
675 3755 814 3810 fictis
830 3781 875 3810 ι.

454 3854 537 3904 19.
584 3841 742 3904 Quum
775 3855 915 3888 mens
949 3850 1050 3887 tum
1086 3840 1302 3888 membra
1327 3857 1404 3890 se-

383 3929 616 3983 quuntur.
647 3915 729 3969 Ita
756 3913 882 3969 dedi
911 3933 972 3968 ex
1003 3914 1408 3970 Divionensibus

383 3992 624 4048 schedis:
645 3994 829 4048 vitiose
847 3994 1206 4050 Salmasianus
1225 4008 1278 4048 et
1294 3995 1412 4049 Lei·

386 4071 565 4128 densis
601 4073 812 4127 codices
829 4113 845 4137 ,
891 4095 1038 4144 quum
1084 4096 1218 4128 mens
1274 4095 1408 4127 unane

1487 1782 1703 1832 membra
1740 1791 1967 1830 secuntur·
1984 1797 2004 1828 .-
2036 1775 2097 1828 in
2135 1776 2333 1847 quibus
2360 1795 2517 1831 versu

1488 1878 1596 1931 seq.
1607 1858 1765 1912 etiam
1778 1875 2053 1928 perperam
2069 1859 2324 1924 liquentes.
2338 1855 2517 1910 Bums.

1564 1955 1645 1990 21.
1676 1940 1894 2009 Prafiaea
1936 1937 2131 1986 casside
2174 1938 2389 1987 usieram.
2430 1933 2517 1988 Sic

1489 2016 1697 2072 scheda
1722 2016 1930 2070 Divion.
1962 2013 2297 2068 Salmasianae
2318 2027 2369 2068 et
2399 2014 2517 2068 cod.

1487 2094 1637 2150 Leid.
1674 2097 1811 2150 male
1849 2094 2117 2148 habebant
2151 2097 2325 2156 mitra,
2366 2093 2521 2166 quod

1487 2177 1715 2230 correxit
1743 2173 2003 2228 Heinsius.
2038 2203 2111 2213 -
2128 2177 2406 2245 Terrifieum
2432 2195 2518 2225 ca-

1479 2271 1595 2325 pue,
1631 2252 1777 2327 quod
1816 2265 2069 2306 terrorem
2101 2253 2341 2307 incutere
2377 2254 2518 2308 bello

1488 2344 1662 2405 potest
1680 2371 1695 2395 ,
1742 2333 1857 2405 ipso
1886 2330 2155 2402 adspectu.

1562 2431 1643 2464 υ.
1671 2418 1733 2463 In
1757 2412 1943 2479 gracili
1972 2413 2280 2462 decureum.
2303 2409 2519 2463 scheda

1487 2502 1689 2544 veteres
1710 2508 1899 2560 parum
1920 2489 2146 2543 vsi-iant.
2190 2492 2391 2541 Gracile
2406 2491 2519 2559 ser·

1488 2589 1597 2622 rum
1626 2581 1703 2621 est
1723 2566 1926 2622 lamina
1948 2569 2149 2635 ferrea,
2187 2587 2217 2620 e
2245 2585 2355 2640 qua
2381 2586 2509 2622 con-

1489 2649 1629 2703 fecta.
1663 2658 1742 2703 est
1783 2649 1933 2720 galee
1960 2665 1974 2700 ε
2024 2647 2099 2700 sic
2143 2674 2169 2694 κ
2185 2647 2407 2719 graciles
2452 2667 2517 2702 ex

1489 2745 1591 2781 aere
1612 2740 1809 2781 cetenoe
1828 2753 1855 2772 n
1881 2725 2043 2782 Ovid.
2070 2727 2201 2780 Met.
2227 2727 2327 2794 IV,
2364 2731 2480 2798 176.

1564 2809 1645 2862 23.
1678 2813 1837 2876 Quam
1874 2825 2109 2875 suppara.
2146 2806 2277 2860 MSS
2316 2805 2517 2858 habent

1489 2891 1687 2957 sipara5
1708 2884 1855 2958 quod
1876 2884 2019 2939 idem
2038 2896 2137 2952 est,
2162 2897 2215 2938 et
2238 2884 2517 2957 apudTer-

1489 2967 1766 3020 tullianum
1792 2963 2055 3018 occurrit:
2082 2961 2227 3017 unde
2248 2967 2481 3032 siparium
2494 3003 2514 3026 ,

1489 3045 1637 3117 quod
1661 3044 1857 3097 dicitur
1878 3041 2019 3115 apud
2054 3041 2278 3108 Quintil.
2291 3042 2372 3095 vl
2390 3081 2407 3108 ,
2440 3042 2472 3096 3
2493 3082 2511 3108 ,

1492 3143 1577 3195 7²-
1597 3125 1690 3178 Est
1710 3143 1835 3178 vero
1856 3141 2094 3192 supparus
2120 3121 2205 3174 vel
2222 3141 2481 3190 supparum
2494 3161 2511 3183 ,

1488 3203 1646 3256 Festo
1664 3213 1878 3256 auctore
1892 3239 1908 3266 ,
1934 3221 2077 3253 omne
2090 3205 2276 3265 velam,
2300 3207 2437 3270 quod
2448 3222 2518 3254 ex

1489 3285 1592 3335 Iino
1610 3297 1685 3334 ese
1696 3321 1713 3344 ,
1735 3281 2000 3353 sigillatim
2018 3283 2359 3333 vesu'meutum
2380 3285 2517 3351 puel-

1493 3365 1653 3414 lasum
1676 3363 1885 3423 lineum,
1916 3365 2055 3430 quod
2074 3375 2126 3412 et
2150 3364 2390 3414 subucula
2422 3381 2516 3432 ap·

1483 3445 1727 3512 pellatur,
1764 3451 1819 3494 et
1855 3440 1899 3493 F
1899 3453 2045 3494 estus
2088 3439 2370 3494 confirmat
2412 3441 2519 3494 hoc

1493 3538 1653 3574 versu
1678 3520 1887 3572 Afranii
1908 3537 1923 3572 ε
1962 3543 1986 3567 ι
2014 3519 2199 3573 Puella
2225 3537 2338 3573 non
2362 3538 2479 3573 sum
2498 3559 2515 3584 ‚

1492 3617 1719 3672 supparo
1742 3599 1787 3652 si
1808 3597 1989 3652 induta
2018 3615 2137 3652 sum
2154 3597 2179 3649 Ρ
2202 3621 2223 3643 ι
2281 3599 2349 3651 Et
2368 3618 2520 3652 usur-

1494 3679 1635 3750 pavit
1658 3677 1764 3732 hoc
1786 3695 1943 3731 sensu
1960 3678 2240 3740 Lucanus,
2276 3677 2332 3730 11
2347 3717 2363 3744 ,
2396 3678 2518 3744 365,

1494 3757 1561 3812 de
1596 3759 1798 3813 Marcia
1819 3757 2033 3812 Catonis
2058 3756 2283 3827 loquens
2308 3775 2323 3809 :
2364 3779 2387 3804 ιι
2416 3756 2518 3809 hu-

1493 3836 1758 3911 merisque
1787 3836 2037 3890 hmutia
2067 3835 2253 3907 primis
2282 3836 2519 3909 Suppara

1497 3916 1725 3972 nudatos
1754 3916 1975 3990 cingunt
1992 3925 2213 3987 angusta
2236 3914 2461 3968 lacertos
2474 3943 2515 3970 ι..

1572 4005 1657 4062 24.
1684 4003 1732 4048 A
1754 4001 1861 4049 telis
1885 4000 1959 4047 ad
1973 3999 2073 4048 tela
2098 3997 2257 4046 decet.
2279 3993 2441 4048 Ludit
2462 3996 2517 4048 in

1499 4075 1759 4130 similibus
1784 4075 1999 4130 vocibus
2035 4079 2263 4133 telonem,
2302 4092 2418 4146 quo
2444 4087 2521 4127 te·
