2975 4684
450 365 594 462 476
991 367 1611 454 HoMEmsTAE
1678 369 2053 452 LATINI,

449 497 709 562 videtur
737 499 867 562 Caii
905 519 1146 562 nomen
1191 521 1314 587 pro
1348 499 1553 562 Cneio
1585 498 2067 586 reponendum.
2101 497 2199 562 Ab
2232 498 2363 562 hoc
2396 501 2593 562 etiam

451 603 658 668 Matio
688 604 1032 668 inventum
1068 621 1134 668 et
1177 605 1569 692 appellatum
1613 603 1875 668 videtur
1912 589 2157 668 malum
2186 605 2549 668 Matianum
2569 655 2587 686 ,

455 708 638 790 cuius
672 710 1115 774 meminerunt
1144 711 1312 774 Plin.
1337 711 1485 792 XV,
1514 715 1621 792 143
1646 711 1903 776 Colum.
1924 710 2035 776 lib.
2053 710 2133 792 V,
2162 734 2261 794 10,
2300 711 2593 798 1935110·

453 833 592 880 ton.
613 818 860 882 Domit.
899 839 1004 898 213
1023 818 1420 897 Macrobius„
1450 818 1711 882 Saturn.
1747 817 1847 898 11,
1886 841 1985 880 10.
2012 819 2337 882 Caeterum
2360 817 2433 886 in
2454 839 2595 881 me-

453 922 564 988 dio
617 925 1016 1011 relinquam,
1048 948 1132 988 an
1182 927 1235 990 is
1264 927 1340 989 C.
1392 924 1669 1004 Matius,
1700 945 1899 1011 eques
1933 925 2305 1004 Romanus,
2340 924 2591 988 amicus

453 1030 716 1094 Caesaris
733 1078 753 1109 ,
783 1029 958 1096 idem
983 1053 1138 1094 cum
1169 1031 1296 1096 isto
1320 1031 1679 1096 Mimorum
1700 1047 1767 1093 et
1784 1029 2003 1094 Iliadis
2028 1030 2343 1118 scriptore
2370 1029 2591 1094 fuerit.

451 1135 574 1200 Hic
593 1137 813 1224 potius
837 1137 1211 1202 consultum
1241 1135 1412 1202 duco
1434 1135 1653 1200 Iliadis
1672 1135 1853 1200 Matii
1880 1135 2183 1224 reliquias
2200 1183 2219 1216 ,
2252 1157 2400 1224 quae
2416 1133 2596 1223 apud

455 1241 924 1306 Grammaticos
975 1259 1366 1306 conservatas
1419 1257 1609 1324 sunt,
1641 1239 1973 1329 Stephano
2008 1257 2073 1306 et
2102 1241 2429 1332 Scaligero
2463 1239 2597 1306 du-

453 1347 638 1412 cibus
653 1395 672 1428 ,
705 1369 1076 1413 recensere:

551 1573 604 1612 1.
652 1550 748 1612 Ex
785 1547 965 1613 Iliad.
1005 1549 1117 1613 lib.
1142 1548 1287 1614 VII.
1321 1549 1601 1631 Gellius,
1628 1549 1691 1612 N
1695 1565 1823 1613 oet.
1850 1551 1981 1614 Att.
2006 1550 2090 1613 VI
2107 1597 2126 1630 ‚
2150 1551 2194 1614 6
2222 1572 2237 1613 :

733 1685 877 1738 Dum
899 1683 994 1740 det
1017 1684 1248 1739 vincenti
1270 1701 1470 1756 propes
1493 1683 1729 1738 Victoria
1753 1684 2003 1756 palmam.

630 1821 894 1886 Veteres
921 1820 1239 1886 editiones
1261 1821 1449 1886 Gellii
1475 1822 1609 1886 fere
1640 1821 2023 1887 Trimatium
2054 1838 2118 1886 et
2151 1821 2418 1886 secundo
2451 1823 2603 1887 Ilia-

629 1928 748 1992 dos
784 1952 905 2016 pro
937 1931 1192 2016 septimo
1221 1927 1468 2016 legunt.
1498 1926 1661 2008 Sed,
1700 1944 1967 1992 notante
1994 1928 2345 2018 ScaligerO,
2372 1950 2600 1992 versus

631 2052 728 2100 est
758 2035 938 2100 Iliad.
952 2035 1076 2100 VII
1097 2084 1115 2115 ,
1155 2055 1314 2121 291:
1345 2045 1503 2097 εἰσόκι
1540 2039 1735 2115 δαίμων
1778 2028 1925 2115 liugn
1966 2039 2226 2116 διαιρὶνῃ,
2265 2040 2375 2113 δώῃ
2408 2039 2463 2096 δ’
2497 2043 2603 2096 irt'·

636 2154 756 2222 ροισὶ
783 2173 840 2224 γι
868 2154 1020 2208 νίκην.

551 2343 608 2384 2.
657 2323 752 2384 Ex
777 2321 948 2384 libro
974 2321 1117 2384 VII.
1141 2320 1376 2400 Varro,
1399 2319 1511 2383 lib.
1540 2319 1627 2383 VI
1658 2318 1739 2384 de
1774 2320 1960 2411 Ling.
1995 2321 2129 2385 Lat.
2160 2345 2223 2412 p.
2258 2322 2343 2386 80
2376 2346 2392 2385 ε

806 2450 1042 2522 Corpora
1061 2450 1348 2504 Graiorum
1369 2451 1633 2504 moerebar
1658 2449 1905 2506 mandier
1929 2451 2057 2523 igni.

633 2581 912 2670 Scaliger
934 2580 1352 2646 scribendum
1373 2597 1559 2672 putat
1578 2583 1945 2663 maerebant,
1970 2598 2035 2646 et
2057 2581 2327 2670 apponit
2340 2603 2601 2644 versum

635 2687 772 2767 ejus
801 2688 947 2751 libri
973 2688 1101 2780 438
1126 2711 1141 2752 ε

817 2819 1026 2888 Νηρεὺς
1053 2821 1294 2889 πυρκαῑῆς
1330 2793 1581 2874 &mv-civim
1598 2855 1616 2884 ‚
1644 2818 1903 2887 ἀχνύμενοι
1929 2822 2035 2888 κῆρ.

549 2966 608 3029 3.
659 2963 842 3029 Idem
862 2963 1068 3027 Varro
1100 2963 1141 3028 l.
1166 2983 1222 3026 c.
1251 2985 1329 3026 ex
1357 2961 1611 3025 incerto
1642 2961 1841 3025 libro:

812 3099 1059 3152 Obscoeni
1085 3099 1344 3170 interpres
1359 3133 1374 3160 ,
1403 3095 1706 3167 funestique
1735 3094 1927 3148 ominis
1956 3107 2156 3148 auctor.

635 3238 914 3328 Scaliger
957 3253 1144 3326 putat
1185 3235 1268 3300 ab
1306 3235 1418 3298 illo
1464 3257 1642 3300 esse:
1681 3226 1961 3316 Ᾰργαλίην,
2006 3245 2239 3313 πολέμοιο
2286 3245 2435 3314 τᾶρα-ς
2468 3245 2605 3314 μετὰ

633 3349 792 3420 χερσὶν
826 3349 1032 3415 ἔχουσαν
1051 3369 1064 3382 ·
1095 3360 1289 3425 quem
1317 3358 1579 3404 versum
1610 3336 1795 3418 cujus
1826 3334 1977 3400 libri
2007 3335 2091 3398 sit
2128 3355 2445 3421 quaerere,
2469 3333 2601 3414 jam

632 3447 904 3534 longum
933 3460 1048 3508 est.

548 3637 607 3712 4.
655 3633 752 3695 Ex
785 3631 952 3697 libro
987 3629 1136 3693 XII.
1171 3629 1575 3711 Priscianus,
1606 3629 1719 3693 lib.
1740 3629 1895 3709 VII,
1929 3650 1993 3715 p.
2028 3629 2189 3716 760,
2229 3628 2496 3692 Putscb.

821 3809 1224 3826 ............
1237 3772 1587 3827 celerissimus
1613 3773 1823 3826 advolat
1848 3773 2065 3825 Hector.

632 3920 750 3979 Cn.
791 3913 1109 3977 Manlium
1156 3913 1224 3975 in
1263 3909 1494 3991 Iliade,
1543 3933 1677 3975 non
1720 3909 1968 3990 adjecto
2009 3909 2216 3989 libro,
2268 3909 2421 3972 citat
2461 3907 2605 3970 Pri·

635 4022 910 4084 Seianus.
946 4018 1073 4082 Sed
1101 4017 1421 4105 Scaligero
1457 4015 1719 4080 videtur
1752 4039 1890 4082 esse
1924 4013 2103 4080 Iliad.
2144 4014 2271 4078 XII
2292 4064 2311 4091 ,
2340 4037 2400 4079 v.
2432 4013 2557 4092 462
2586 4037 2603 4080 ε

639 4137 662 4186 ὃ
699 4129 752 4185 δ’
779 4135 854 4203 ἄρ’
885 4137 1044 4203 ἔσθορι
1085 4127 1315 4204 φαίδιμος
1357 4111 1547 4202 Iba-top.
