<?xml version="1.0" encoding="UTF-8"?>
<!DOCTYPE html PUBLIC "-//W3C//DTD XHTML 1.0 Transitional//EN"
    "http://www.w3.org/TR/xhtml1/DTD/xhtml1-transitional.dtd">
<html xmlns="http://www.w3.org/1999/xhtml" xml:lang="en" lang="en">
 <head>
  <title>
</title>
<meta http-equiv="Content-Type" content="text/html;charset=utf-8" />
  <meta name='ocr-system' content='tesseract 3.04.00' />
  <meta name='ocr-capabilities' content='ocr_page ocr_carea ocr_par ocr_line ocrx_word'/>
</head>
<body>
  <div class='ocr_page' id='page_1' title='image "./poetaelatinimin00unkngoog_0071.png"; bbox 0 0 2975 4684; ppageno 0'>
   <div class='ocr_carea' id='block_1_1' title="bbox 479 345 2393 418">
    <p class='ocr_par' dir='ltr' id='par_1_1' title="bbox 479 345 2393 418">
     <span class='ocr_line' id='line_1_1' title="bbox 479 345 2393 418; baseline -0.001 0"><span class='ocrx_word' id='word_1_1' title='bbox 479 347 574 418; x_wconf 82' lang='lat'>62</span> <span class='ocrx_word' id='word_1_2' title='bbox 699 345 1100 416; x_wconf 89' lang='lat' dir='ltr'>TESTIM.</span> <span class='ocrx_word' id='word_1_3' title='bbox 1153 345 1747 414; x_wconf 76' lang='lat' dir='ltr'><strong>AUCTORUM</strong></span> <span class='ocrx_word' id='word_1_4' title='bbox 1800 347 1929 416; x_wconf 75' lang='lat' dir='ltr'>AC</span> <span class='ocrx_word' id='word_1_5' title='bbox 1976 347 2393 418; x_wconf 81' lang='lat' dir='ltr'><strong>JUDICIA</strong></span> 
     </span>
    </p>
   </div>
   <div class='ocr_carea' id='block_1_2' title="bbox 479 475 2649 990">
    <p class='ocr_par' dir='ltr' id='par_1_2' title="bbox 479 475 2649 990">
     <span class='ocr_line' id='line_1_2' title="bbox 481 475 2645 568; baseline -0.002 -24"><span class='ocrx_word' id='word_1_6' title='bbox 481 495 548 544; x_wconf 84' lang='lat' dir='ltr'>et</span> <span class='ocrx_word' id='word_1_7' title='bbox 579 500 714 544; x_wconf 89' lang='lat' dir='ltr'>non</span> <span class='ocrx_word' id='word_1_8' title='bbox 748 478 830 543; x_wconf 90' lang='lat' dir='ltr'>de</span> <span class='ocrx_word' id='word_1_9' title='bbox 867 475 1170 568; x_wconf 71' lang='lat' dir='ltr'>gravibus</span> <span class='ocrx_word' id='word_1_10' title='bbox 1199 477 1430 566; x_wconf 69' lang='lat' dir='ltr'>poetis.</span> <span class='ocrx_word' id='word_1_11' title='bbox 1447 477 1693 542; x_wconf 86' lang='lat' dir='ltr'>Verum</span> <span class='ocrx_word' id='word_1_12' title='bbox 1728 493 1943 542; x_wconf 79' lang='lat' dir='ltr'>tamen</span> <span class='ocrx_word' id='word_1_13' title='bbox 1988 499 2127 544; x_wconf 85' lang='lat' dir='ltr'>non</span> <span class='ocrx_word' id='word_1_14' title='bbox 2164 477 2233 542; x_wconf 87' lang='lat' dir='ltr'>in</span> <span class='ocrx_word' id='word_1_15' title='bbox 2260 493 2395 542; x_wconf 79' lang='lat' dir='ltr'>tam</span> <span class='ocrx_word' id='word_1_16' title='bbox 2420 477 2645 540; x_wconf 85' lang='lat' dir='ltr'>excel·-</span> 
     </span>
     <span class='ocr_line' id='line_1_3' title="bbox 480 581 2645 674; baseline -0.002 -25"><span class='ocrx_word' id='word_1_17' title='bbox 480 586 640 649; x_wconf 85' lang='lat' dir='ltr'>lenti</span> <span class='ocrx_word' id='word_1_18' title='bbox 667 605 866 674; x_wconf 87' lang='lat' dir='ltr'>opere</span> <span class='ocrx_word' id='word_1_19' title='bbox 899 581 1024 670; x_wconf 90' lang='lat' dir='ltr'>(de</span> <span class='ocrx_word' id='word_1_20' title='bbox 1045 581 1326 648; x_wconf 86' lang='lat' dir='ltr'>AEneide</span> <span class='ocrx_word' id='word_1_21' title='bbox 1361 583 1639 671; x_wconf 87' lang='lat' dir='ltr'>loquor)</span> <span class='ocrx_word' id='word_1_22' title='bbox 1678 583 1959 648; x_wconf 83' lang='lat' dir='ltr'>fabulam</span> <span class='ocrx_word' id='word_1_23' title='bbox 1998 601 2318 671; x_wconf 70' lang='lat' dir='ltr'>sequutus</span> <span class='ocrx_word' id='word_1_24' title='bbox 2350 599 2529 648; x_wconf 72' lang='lat' dir='ltr'><strong>esset</strong></span> <span class='ocrx_word' id='word_1_25' title='bbox 2554 581 2645 646; x_wconf 89' lang='lat' dir='ltr'>de</span> 
     </span>
     <span class='ocr_line' id='line_1_4' title="bbox 479 686 2643 774; baseline -0.002 -20"><span class='ocrx_word' id='word_1_26' title='bbox 479 689 712 774; x_wconf 83' lang='lat' dir='ltr'>AEtna‚</span> <span class='ocrx_word' id='word_1_27' title='bbox 758 689 814 754; x_wconf 74' lang='lat' dir='ltr'>si</span> <span class='ocrx_word' id='word_1_28' title='bbox 849 687 917 753; x_wconf 91' lang='lat' dir='ltr'>id</span> <span class='ocrx_word' id='word_1_29' title='bbox 947 688 1109 752; x_wconf 76' lang='lat' dir='ltr'>vitio</span> <span class='ocrx_word' id='word_1_30' title='bbox 1143 686 1435 752; x_wconf 82' lang='lat' dir='ltr'>dandum</span> <span class='ocrx_word' id='word_1_31' title='bbox 1465 688 1841 754; x_wconf 71' lang='lat' dir='ltr'>censuisset.</span> <span class='ocrx_word' id='word_1_32' title='bbox 1877 689 2231 770; x_wconf 78' lang='lat' dir='ltr'>Proeterea‚</span> <span class='ocrx_word' id='word_1_33' title='bbox 2276 703 2355 752; x_wconf 90' lang='lat' dir='ltr'>ut</span> <span class='ocrx_word' id='word_1_34' title='bbox 2384 705 2643 753; x_wconf 83' lang='lat' dir='ltr'>taceam</span> 
     </span>
     <span class='ocr_line' id='line_1_5' title="bbox 479 793 2645 885; baseline -0.002 -24"><span class='ocrx_word' id='word_1_35' title='bbox 479 797 722 885; x_wconf 80' lang='lat' dir='ltr'>stylum</span> <span class='ocrx_word' id='word_1_36' title='bbox 755 817 892 859; x_wconf 87' lang='lat' dir='ltr'>non</span> <span class='ocrx_word' id='word_1_37' title='bbox 929 815 1292 882; x_wconf 80' lang='lat' dir='ltr'><strong>congruere</strong></span> <span class='ocrx_word' id='word_1_38' title='bbox 1323 815 1474 858; x_wconf 89' lang='lat' dir='ltr'>cum</span> <span class='ocrx_word' id='word_1_39' title='bbox 1499 793 1865 882; x_wconf 75' lang='lat' dir='ltr'>virgilianis</span> <span class='ocrx_word' id='word_1_40' title='bbox 1894 793 2100 858; x_wconf 68' lang='lat' dir='ltr'>Musis</span> <span class='ocrx_word' id='word_1_41' title='bbox 2134 795 2313 882; x_wconf 83' lang='lat' dir='ltr'>(nam</span> <span class='ocrx_word' id='word_1_42' title='bbox 2344 795 2645 858; x_wconf 85' lang='lat' dir='ltr'>multum</span> 
     </span>
     <span class='ocr_line' id='line_1_6' title="bbox 479 899 2649 990; baseline -0.003 -23"><span class='ocrx_word' id='word_1_43' title='bbox 479 903 716 967; x_wconf 72' lang='lat' dir='ltr'>abillis</span> <span class='ocrx_word' id='word_1_44' title='bbox 739 899 1016 990; x_wconf 84' lang='lat' dir='ltr'>friget),</span> <span class='ocrx_word' id='word_1_45' title='bbox 1063 899 1260 964; x_wconf 86' lang='lat' dir='ltr'>etiam</span> <span class='ocrx_word' id='word_1_46' title='bbox 1287 899 1416 962; x_wconf 89' lang='lat' dir='ltr'>hoc</span> <span class='ocrx_word' id='word_1_47' title='bbox 1447 899 1823 964; x_wconf 80' lang='lat' dir='ltr'>testimonio</span> <span class='ocrx_word' id='word_1_48' title='bbox 1854 915 1981 982; x_wconf 84' lang='lat' dir='ltr'><strong>est,</strong></span> <span class='ocrx_word' id='word_1_49' title='bbox 2028 899 2213 989; x_wconf 88' lang='lat' dir='ltr'>quod</span> <span class='ocrx_word' id='word_1_50' title='bbox 2238 901 2487 989; x_wconf 79' lang='lat' dir='ltr'>Tityon</span> <span class='ocrx_word' id='word_1_51' title='bbox 2530 899 2649 962; x_wconf 88' lang='lat' dir='ltr'>hic</span> 
     </span>
    </p>
   </div>
   <div class='ocr_carea' id='block_1_3' title="bbox 475 1003 2651 1182">
    <p class='ocr_par' dir='ltr' id='par_1_3' title="bbox 475 1003 2651 1182">
     <span class='ocr_line' id='line_1_7' title="bbox 475 1003 2651 1099; baseline -0.003 -25"><span class='ocrx_word' id='word_1_52' title='bbox 475 1033 596 1099; x_wconf 84' lang='lat' dir='ltr'>per</span> <span class='ocrx_word' id='word_1_53' title='bbox 617 1023 868 1096; x_wconf 85' lang='lat' dir='ltr'><strong>septem</strong></span> <span class='ocrx_word' id='word_1_54' title='bbox 890 1009 1118 1095; x_wconf 83' lang='lat' dir='ltr'>jugera</span> <span class='ocrx_word' id='word_1_55' title='bbox 1145 1019 1519 1094; x_wconf 82' lang='lat' dir='ltr'>porrectum</span> <span class='ocrx_word' id='word_1_56' title='bbox 1546 1003 1865 1086; x_wconf 77' lang='lat' dir='ltr'>videmus,</span> <span class='ocrx_word' id='word_1_57' title='bbox 1886 1021 1961 1070; x_wconf 89' lang='lat' dir='ltr'>ut</span> <span class='ocrx_word' id='word_1_58' title='bbox 1984 1006 2051 1070; x_wconf 92' lang='lat' dir='ltr'>in</span> <span class='ocrx_word' id='word_1_59' title='bbox 2068 1005 2159 1070; x_wconf 84' lang='lat' dir='ltr'>Vl</span> <span class='ocrx_word' id='word_1_60' title='bbox 2178 1003 2499 1072; x_wconf 80' lang='lat' dir='ltr'>AEneidos</span> <span class='ocrx_word' id='word_1_61' title='bbox 2520 1027 2651 1095; x_wconf 85' lang='lat' dir='ltr'>per</span> 
     </span>
     <span class='ocr_line' id='line_1_8' title="bbox 482 1137 746 1182; baseline -0.004 -3"><span class='ocrx_word' id='word_1_62' title='bbox 482 1137 746 1182; x_wconf 79' lang='lat' dir='ltr'>novem.</span> 
     </span>
    </p>
   </div>
   <div class='ocr_carea' id='block_1_4' title="bbox 481 1327 2653 1500">
    <p class='ocr_par' dir='ltr' id='par_1_4' title="bbox 481 1327 2653 1500">
     <span class='ocr_line' id='line_1_9' title="bbox 481 1327 2653 1416; baseline -0.001 -20"><span class='ocrx_word' id='word_1_63' title='bbox 481 1333 629 1398; x_wconf 84' lang='lat' dir='ltr'>vn.</span> <span class='ocrx_word' id='word_1_64' title='bbox 679 1331 1034 1398; x_wconf 66' lang='lat' dir='ltr'>thunns</span> <span class='ocrx_word' id='word_1_65' title='bbox 1081 1351 1166 1394; x_wconf 73' lang='lat' dir='ltr'>nn</span> <span class='ocrx_word' id='word_1_66' title='bbox 1213 1329 1573 1394; x_wconf 73' lang='lat' dir='ltr'>Pom-uum</span> <span class='ocrx_word' id='word_1_67' title='bbox 1619 1331 1886 1394; x_wconf 71' lang='lat' dir='ltr'>Hieron.</span> <span class='ocrx_word' id='word_1_68' title='bbox 1926 1330 2243 1412; x_wconf 81' lang='lat' dir='ltr'>mu..1V‚</span> <span class='ocrx_word' id='word_1_69' title='bbox 2288 1351 2434 1395; x_wconf 56' lang='lat' dir='ltr'>ric.</span> <span class='ocrx_word' id='word_1_70' title='bbox 2470 1327 2607 1416; x_wconf 79' lang='lat'>259</span> <span class='ocrx_word' id='word_1_71' title='bbox 2630 1375 2653 1410; x_wconf 87' lang='lat'>‚</span> 
     </span>
     <span class='ocr_line' id='line_1_10' title="bbox 1215 1435 1912 1500; baseline 0.003 -2"><span class='ocrx_word' id='word_1_72' title='bbox 1215 1457 1326 1498; x_wconf 77' lang='lat' dir='ltr'>um</span> <span class='ocrx_word' id='word_1_73' title='bbox 1373 1457 1460 1500; x_wconf 71' lang='lat' dir='ltr'>nn</span> <span class='ocrx_word' id='word_1_74' title='bbox 1506 1435 1912 1500; x_wconf 65' lang='lat' dir='ltr'>cmununo.</span> 
     </span>
    </p>
   </div>
   <div class='ocr_carea' id='block_1_5' title="bbox 487 1629 2656 2034">
    <p class='ocr_par' dir='ltr' id='par_1_5' title="bbox 487 1629 2656 2034">
     <span class='ocr_line' id='line_1_11' title="bbox 573 1629 2655 1720; baseline -0.003 -21"><span class='ocrx_word' id='word_1_75' title='bbox 573 1637 801 1699; x_wconf 81' lang='lat' dir='ltr'><strong>Exstat</strong></span> <span class='ocrx_word' id='word_1_76' title='bbox 822 1633 979 1696; x_wconf 88' lang='lat' dir='ltr'>item</span> <span class='ocrx_word' id='word_1_77' title='bbox 1005 1651 1236 1720; x_wconf 87' lang='lat' dir='ltr'>poema</span> <span class='ocrx_word' id='word_1_78' title='bbox 1265 1629 1559 1694; x_wconf 85' lang='lat' dir='ltr'>deAEtna</span> <span class='ocrx_word' id='word_1_79' title='bbox 1584 1645 1829 1712; x_wconf 86' lang='lat' dir='ltr'>monte,</span> <span class='ocrx_word' id='word_1_80' title='bbox 1856 1629 2035 1718; x_wconf 88' lang='lat' dir='ltr'>quod</span> <span class='ocrx_word' id='word_1_81' title='bbox 2056 1653 2135 1694; x_wconf 86' lang='lat' dir='ltr'>an</span> <span class='ocrx_word' id='word_1_82' title='bbox 2168 1631 2373 1720; x_wconf 82' lang='lat' dir='ltr'>ipsius</span> <span class='ocrx_word' id='word_1_83' title='bbox 2412 1630 2655 1718; x_wconf 84' lang='lat' dir='ltr'>(Clau-</span> 
     </span>
     <span class='ocr_line' id='line_1_12' title="bbox 495 1735 2655 1826; baseline -0.002 -22"><span class='ocrx_word' id='word_1_84' title='bbox 495 1738 713 1825; x_wconf 87' lang='lat' dir='ltr'>diani)</span> <span class='ocrx_word' id='word_1_85' title='bbox 743 1737 1111 1826; x_wconf 82' lang='lat' dir='ltr'>legitimum</span> <span class='ocrx_word' id='word_1_86' title='bbox 1149 1735 1262 1815; x_wconf 84' lang='lat' dir='ltr'>sit,</span> <span class='ocrx_word' id='word_1_87' title='bbox 1303 1755 1426 1798; x_wconf 91' lang='lat' dir='ltr'>nec</span> <span class='ocrx_word' id='word_1_88' title='bbox 1459 1735 1769 1824; x_wconf 88' lang='lat' dir='ltr'>probare,</span> <span class='ocrx_word' id='word_1_89' title='bbox 1805 1759 1925 1800; x_wconf 87' lang='lat' dir='ltr'>nec</span> <span class='ocrx_word' id='word_1_90' title='bbox 1954 1736 2243 1800; x_wconf 81' lang='lat' dir='ltr'><strong>refellere</strong></span> <span class='ocrx_word' id='word_1_91' title='bbox 2274 1737 2513 1802; x_wconf 87' lang='lat' dir='ltr'>ausim.</span> <span class='ocrx_word' id='word_1_92' title='bbox 2550 1735 2655 1799; x_wconf 87' lang='lat' dir='ltr'>Ex</span> 
     </span>
     <span class='ocr_line' id='line_1_13' title="bbox 487 1838 2656 1932; baseline -0.003 -21"><span class='ocrx_word' id='word_1_93' title='bbox 487 1843 942 1932; x_wconf 79' lang='lat' dir='ltr'>antiquissimo</span> <span class='ocrx_word' id='word_1_94' title='bbox 967 1857 1140 1906; x_wconf 88' lang='lat' dir='ltr'>certe</span> <span class='ocrx_word' id='word_1_95' title='bbox 1170 1839 1567 1928; x_wconf 70' lang='lat' dir='ltr'>eteastigato</span> <span class='ocrx_word' id='word_1_96' title='bbox 1599 1838 1819 1903; x_wconf 89' lang='lat' dir='ltr'>codice</span> <span class='ocrx_word' id='word_1_97' title='bbox 1844 1889 1862 1922; x_wconf 88' lang='lat'>‚</span> <span class='ocrx_word' id='word_1_98' title='bbox 1894 1841 2009 1928; x_wconf 89' lang='lat' dir='ltr'>qui</span> <span class='ocrx_word' id='word_1_99' title='bbox 2032 1840 2361 1906; x_wconf 79' lang='lat' dir='ltr'>Francisci</span> <span class='ocrx_word' id='word_1_100' title='bbox 2384 1842 2656 1906; x_wconf 78' lang='lat' dir='ltr'>Petrai·-</span> 
     </span>
     <span class='ocr_line' id='line_1_14' title="bbox 490 1943 2073 2034; baseline -0.003 -18"><span class='ocrx_word' id='word_1_101' title='bbox 490 1952 628 2016; x_wconf 86' lang='lat' dir='ltr'>chae</span> <span class='ocrx_word' id='word_1_102' title='bbox 661 1950 864 2014; x_wconf 84' lang='lat' dir='ltr'>fuisse</span> <span class='ocrx_word' id='word_1_103' title='bbox 892 1945 1202 2026; x_wconf 83' lang='lat' dir='ltr'>creditur,</span> <span class='ocrx_word' id='word_1_104' title='bbox 1229 1943 1396 2009; x_wconf 90' lang='lat' dir='ltr'>illud</span> <span class='ocrx_word' id='word_1_105' title='bbox 1427 1967 1549 2033; x_wconf 87' lang='lat' dir='ltr'>ego</span> <span class='ocrx_word' id='word_1_106' title='bbox 1580 1946 1717 2033; x_wconf 87' lang='lat' dir='ltr'>ipse</span> <span class='ocrx_word' id='word_1_107' title='bbox 1753 1945 2073 2034; x_wconf 76' lang='lat' dir='ltr'>exscripsi.</span> 
     </span>
    </p>
   </div>
   <div class='ocr_carea' id='block_1_6' title="bbox 727 2113 2413 2248">
    <p class='ocr_par' dir='ltr' id='par_1_6' title="bbox 727 2113 2413 2248">
     <span class='ocr_line' id='line_1_15' title="bbox 727 2113 2413 2248; baseline 0.001 -24"><span class='ocrx_word' id='word_1_108' title='bbox 727 2113 908 2226; x_wconf 66' lang='lat' dir='ltr'>=VIII.</span> <span class='ocrx_word' id='word_1_109' title='bbox 955 2164 1095 2226; x_wconf 80' lang='lat' dir='ltr'>Im..</span> <span class='ocrx_word' id='word_1_110' title='bbox 1136 2162 1296 2224; x_wconf 65' lang='lat' dir='ltr'><strong>Cffis.</strong></span> <span class='ocrx_word' id='word_1_111' title='bbox 1337 2159 1702 2241; x_wconf 65' lang='lat' dir='ltr'>Senatum,</span> <span class='ocrx_word' id='word_1_112' title='bbox 1755 2161 2153 2225; x_wconf 71' lang='lat' dir='ltr'>Htrxncnrr.</span> <span class='ocrx_word' id='word_1_113' title='bbox 2180 2183 2319 2226; x_wconf 73' lang='lat' dir='ltr'>mr.</span> <span class='ocrx_word' id='word_1_114' title='bbox 2349 2185 2413 2248; x_wconf 87' lang='lat'>7.</span> 
     </span>
    </p>
   </div>
   <div class='ocr_carea' id='block_1_7' title="bbox 489 2363 2666 3378">
    <p class='ocr_par' dir='ltr' id='par_1_7' title="bbox 489 2363 2666 3378">
     <span class='ocr_line' id='line_1_16' title="bbox 583 2363 2657 2456; baseline -0.001 -24"><span class='ocrx_word' id='word_1_115' title='bbox 583 2368 783 2432; x_wconf 75' lang='lat' dir='ltr'>AEtna</span> <span class='ocrx_word' id='word_1_116' title='bbox 811 2380 988 2428; x_wconf 80' lang='lat' dir='ltr'>tanta</span> <span class='ocrx_word' id='word_1_117' title='bbox 1014 2381 1146 2445; x_wconf 87' lang='lat' dir='ltr'><strong>est,</strong></span> <span class='ocrx_word' id='word_1_118' title='bbox 1181 2377 1260 2426; x_wconf 90' lang='lat' dir='ltr'>ut</span> <span class='ocrx_word' id='word_1_119' title='bbox 1289 2385 1426 2426; x_wconf 87' lang='lat' dir='ltr'>non</span> <span class='ocrx_word' id='word_1_120' title='bbox 1466 2363 1725 2449; x_wconf 88' lang='lat' dir='ltr'>penitus</span> <span class='ocrx_word' id='word_1_121' title='bbox 1760 2378 2001 2430; x_wconf 88' lang='lat' dir='ltr'>temere</span> <span class='ocrx_word' id='word_1_122' title='bbox 2023 2365 2297 2456; x_wconf 85' lang='lat' dir='ltr'>Virgilio</span> <span class='ocrx_word' id='word_1_123' title='bbox 2324 2367 2657 2430; x_wconf 82' lang='lat' dir='ltr'>attributa</span> 
     </span>
     <span class='ocr_line' id='line_1_17' title="bbox 491 2467 2657 2559; baseline -0.002 -20"><span class='ocrx_word' id='word_1_124' title='bbox 491 2498 634 2539; x_wconf 84' lang='lat' dir='ltr'>esse</span> <span class='ocrx_word' id='word_1_125' title='bbox 667 2470 982 2536; x_wconf 82' lang='lat' dir='ltr'>videatur.</span> <span class='ocrx_word' id='word_1_126' title='bbox 1011 2467 1296 2552; x_wconf 79' lang='lat' dir='ltr'>Quidam</span> <span class='ocrx_word' id='word_1_127' title='bbox 1325 2481 1543 2530; x_wconf 86' lang='lat' dir='ltr'>tamen</span> <span class='ocrx_word' id='word_1_128' title='bbox 1572 2467 1872 2550; x_wconf 89' lang='lat' dir='ltr'>Quintilii</span> <span class='ocrx_word' id='word_1_129' title='bbox 1889 2469 2041 2535; x_wconf 89' lang='lat' dir='ltr'>Vari</span> <span class='ocrx_word' id='word_1_130' title='bbox 2068 2488 2457 2554; x_wconf 85' lang='lat' dir='ltr'>autumant,</span> <span class='ocrx_word' id='word_1_131' title='bbox 2494 2473 2657 2559; x_wconf 80' lang='lat' dir='ltr'>qui-</span> 
     </span>
     <span class='ocr_line' id='line_1_18' title="bbox 489 2569 2661 2644; baseline -0.001 -1"><span class='ocrx_word' id='word_1_132' title='bbox 489 2581 618 2644; x_wconf 84' lang='lat' dir='ltr'>bus</span> <span class='ocrx_word' id='word_1_133' title='bbox 657 2599 778 2640; x_wconf 90' lang='lat' dir='ltr'>nos</span> <span class='ocrx_word' id='word_1_134' title='bbox 817 2576 1066 2638; x_wconf 82' lang='lat' dir='ltr'>interca</span> <span class='ocrx_word' id='word_1_135' title='bbox 1096 2571 1282 2636; x_wconf 85' lang='lat' dir='ltr'>facile</span> <span class='ocrx_word' id='word_1_136' title='bbox 1315 2569 1716 2636; x_wconf 84' lang='lat' dir='ltr'>adsentimur</span> <span class='ocrx_word' id='word_1_137' title='bbox 1746 2595 1761 2638; x_wconf 72' lang='grc' dir='ltr'>ε</span> <span class='ocrx_word' id='word_1_138' title='bbox 1797 2597 1946 2638; x_wconf 89' lang='lat' dir='ltr'>nam</span> <span class='ocrx_word' id='word_1_139' title='bbox 1983 2577 2271 2640; x_wconf 85' lang='lat' dir='ltr'>Maronis</span> <span class='ocrx_word' id='word_1_140' title='bbox 2318 2599 2463 2640; x_wconf 89' lang='lat' dir='ltr'>non</span> <span class='ocrx_word' id='word_1_141' title='bbox 2508 2600 2661 2642; x_wconf 80' lang='lat' dir='ltr'>esse</span> 
     </span>
     <span class='ocr_line' id='line_1_19' title="bbox 495 2676 2661 2767; baseline -0.001 -18"><span class='ocrx_word' id='word_1_142' title='bbox 495 2683 858 2750; x_wconf 79' lang='lat' dir='ltr'>maximum</span> <span class='ocrx_word' id='word_1_143' title='bbox 893 2693 992 2744; x_wconf 80' lang='lat' dir='ltr'>est</span> <span class='ocrx_word' id='word_1_144' title='bbox 1027 2693 1489 2766; x_wconf 82' lang='lat' dir='ltr'><strong>argumentum</strong></span> <span class='ocrx_word' id='word_1_145' title='bbox 1510 2725 1527 2752; x_wconf 92' lang='lat'>‚</span> <span class='ocrx_word' id='word_1_146' title='bbox 1563 2676 1743 2763; x_wconf 89' lang='lat' dir='ltr'>quod</span> <span class='ocrx_word' id='word_1_147' title='bbox 1773 2701 2095 2767; x_wconf 85' lang='lat' dir='ltr'><strong>nusquam</strong></span> <span class='ocrx_word' id='word_1_148' title='bbox 2131 2681 2191 2746; x_wconf 91' lang='lat' dir='ltr'>ei</span> <span class='ocrx_word' id='word_1_149' title='bbox 2234 2682 2467 2760; x_wconf 72' lang='lat' dir='ltr'>similis</span> <span class='ocrx_word' id='word_1_150' title='bbox 2516 2699 2661 2764; x_wconf 83' lang='lat' dir='ltr'>est3</span> 
     </span>
     <span class='ocr_line' id='line_1_20' title="bbox 492 2781 2663 2876; baseline -0.002 -22"><span class='ocrx_word' id='word_1_151' title='bbox 492 2790 562 2854; x_wconf 87' lang='lat' dir='ltr'>id</span> <span class='ocrx_word' id='word_1_152' title='bbox 599 2785 786 2876; x_wconf 91' lang='lat' dir='ltr'>quod</span> <span class='ocrx_word' id='word_1_153' title='bbox 822 2786 891 2847; x_wconf 89' lang='lat' dir='ltr'>in</span> <span class='ocrx_word' id='word_1_154' title='bbox 919 2784 1094 2848; x_wconf 85' lang='lat' dir='ltr'>Diris</span> <span class='ocrx_word' id='word_1_155' title='bbox 1113 2830 1130 2863; x_wconf 89' lang='lat'>,</span> <span class='ocrx_word' id='word_1_156' title='bbox 1155 2798 1220 2845; x_wconf 91' lang='lat' dir='ltr'>et</span> <span class='ocrx_word' id='word_1_157' title='bbox 1243 2783 1313 2844; x_wconf 91' lang='lat' dir='ltr'>in</span> <span class='ocrx_word' id='word_1_158' title='bbox 1339 2781 1470 2845; x_wconf 89' lang='lat' dir='ltr'>Ciri</span> <span class='ocrx_word' id='word_1_159' title='bbox 1501 2781 1691 2870; x_wconf 86' lang='lat' dir='ltr'>plane</span> <span class='ocrx_word' id='word_1_160' title='bbox 1722 2784 2293 2850; x_wconf 82' lang='lat' dir='ltr'>animadvertimus</span> <span class='ocrx_word' id='word_1_161' title='bbox 2318 2811 2335 2850; x_wconf 70' lang='grc' dir='ltr'><strong><em>ε</em></strong></span> <span class='ocrx_word' id='word_1_162' title='bbox 2380 2811 2545 2852; x_wconf 88' lang='lat' dir='ltr'>nam</span> <span class='ocrx_word' id='word_1_163' title='bbox 2570 2811 2663 2851; x_wconf 89' lang='lat' dir='ltr'>ne</span> 
     </span>
     <span class='ocr_line' id='line_1_21' title="bbox 493 2885 2665 2978; baseline -0.001 -20"><span class='ocrx_word' id='word_1_164' title='bbox 493 2892 736 2958; x_wconf 88' lang='lat' dir='ltr'>Culicis</span> <span class='ocrx_word' id='word_1_165' title='bbox 767 2888 1032 2978; x_wconf 87' lang='lat' dir='ltr'>quidem</span> <span class='ocrx_word' id='word_1_166' title='bbox 1073 2887 1164 2950; x_wconf 84' lang='lat' dir='ltr'>ita</span> <span class='ocrx_word' id='word_1_167' title='bbox 1195 2885 1433 2974; x_wconf 83' lang='lat' dir='ltr'>sprevit</span> <span class='ocrx_word' id='word_1_168' title='bbox 1461 2886 1714 2968; x_wconf 83' lang='lat' dir='ltr'>omnia,</span> <span class='ocrx_word' id='word_1_169' title='bbox 1760 2887 1917 2974; x_wconf 89' lang='lat' dir='ltr'>quin</span> <span class='ocrx_word' id='word_1_170' title='bbox 1946 2911 2017 2952; x_wconf 83' lang='lat' dir='ltr'>se</span> <span class='ocrx_word' id='word_1_171' title='bbox 2048 2890 2263 2978; x_wconf 87' lang='lat' dir='ltr'>ipsum</span> <span class='ocrx_word' id='word_1_172' title='bbox 2300 2892 2388 2955; x_wconf 85' lang='lat' dir='ltr'>sit</span> <span class='ocrx_word' id='word_1_173' title='bbox 2435 2892 2665 2956; x_wconf 84' lang='lat' dir='ltr'>imita-</span> 
     </span>
     <span class='ocr_line' id='line_1_22' title="bbox 495 2991 2666 3082; baseline -0.001 -18"><span class='ocrx_word' id='word_1_174' title='bbox 495 3017 668 3066; x_wconf 78' lang='lat' dir='ltr'>tuS...</span> <span class='ocrx_word' id='word_1_175' title='bbox 703 2993 983 3060; x_wconf 83' lang='lat' dir='ltr'>Grandis</span> <span class='ocrx_word' id='word_1_176' title='bbox 1011 2994 1210 3082; x_wconf 85' lang='lat' dir='ltr'>igitur</span> <span class='ocrx_word' id='word_1_177' title='bbox 1239 3008 1430 3079; x_wconf 84' lang='lat' dir='ltr'>poeta</span> <span class='ocrx_word' id='word_1_178' title='bbox 1461 2991 1816 3074; x_wconf 83' lang='lat' dir='ltr'>Quintilius</span> <span class='ocrx_word' id='word_1_179' title='bbox 1840 3041 1857 3076; x_wconf 94' lang='lat'>,</span> <span class='ocrx_word' id='word_1_180' title='bbox 1899 3016 2021 3060; x_wconf 88' lang='lat' dir='ltr'>nec</span> <span class='ocrx_word' id='word_1_181' title='bbox 2050 3011 2295 3060; x_wconf 88' lang='lat' dir='ltr'>temere</span> <span class='ocrx_word' id='word_1_182' title='bbox 2333 2997 2419 3060; x_wconf 88' lang='lat' dir='ltr'>ab</span> <span class='ocrx_word' id='word_1_183' title='bbox 2462 2999 2666 3062; x_wconf 85' lang='lat' dir='ltr'>Anti-</span> 
     </span>
     <span class='ocr_line' id='line_1_23' title="bbox 495 3095 2663 3192; baseline -0 -25"><span class='ocrx_word' id='word_1_184' title='bbox 495 3105 644 3192; x_wconf 81' lang='lat' dir='ltr'>quis</span> <span class='ocrx_word' id='word_1_185' title='bbox 684 3099 1071 3164; x_wconf 78' lang='lat' dir='ltr'>dilaudatuS.</span> <span class='ocrx_word' id='word_1_186' title='bbox 1121 3095 1470 3185; x_wconf 88' lang='lat' dir='ltr'>Splendida</span> <span class='ocrx_word' id='word_1_187' title='bbox 1515 3118 1667 3160; x_wconf 83' lang='lat' dir='ltr'>sane</span> <span class='ocrx_word' id='word_1_188' title='bbox 1715 3097 1920 3160; x_wconf 77' lang='lat' dir='ltr'>oratio</span> <span class='ocrx_word' id='word_1_189' title='bbox 1944 3147 1963 3180; x_wconf 89' lang='lat'>,</span> <span class='ocrx_word' id='word_1_190' title='bbox 2015 3114 2081 3163; x_wconf 89' lang='lat' dir='ltr'>et</span> <span class='ocrx_word' id='word_1_191' title='bbox 2130 3123 2269 3163; x_wconf 89' lang='lat' dir='ltr'>non</span> <span class='ocrx_word' id='word_1_192' title='bbox 2316 3103 2619 3192; x_wconf 80' lang='lat' dir='ltr'>vulgaris</span> <span class='ocrx_word' id='word_1_193' title='bbox 2641 3151 2663 3185; x_wconf 88' lang='lat'>‚</span> 
     </span>
     <span class='ocr_line' id='line_1_24' title="bbox 497 3201 2661 3296; baseline 0 -22"><span class='ocrx_word' id='word_1_194' title='bbox 497 3209 694 3274; x_wconf 83' lang='lat' dir='ltr'>etiam</span> <span class='ocrx_word' id='word_1_195' title='bbox 733 3204 1082 3269; x_wconf 82' lang='lat' dir='ltr'>sententias</span> <span class='ocrx_word' id='word_1_196' title='bbox 1127 3223 1420 3290; x_wconf 85' lang='lat' dir='ltr'>quoerens</span> <span class='ocrx_word' id='word_1_197' title='bbox 1469 3217 1535 3264; x_wconf 90' lang='lat' dir='ltr'>et</span> <span class='ocrx_word' id='word_1_198' title='bbox 1572 3201 1903 3266; x_wconf 86' lang='lat' dir='ltr'>inserens:</span> <span class='ocrx_word' id='word_1_199' title='bbox 1944 3203 2105 3268; x_wconf 88' lang='lat' dir='ltr'>nihil</span> <span class='ocrx_word' id='word_1_200' title='bbox 2139 3221 2361 3272; x_wconf 84' lang='lat' dir='ltr'>tamen</span> <span class='ocrx_word' id='word_1_201' title='bbox 2384 3256 2405 3292; x_wconf 84' lang='lat'><strong>,</strong></span> <span class='ocrx_word' id='word_1_202' title='bbox 2460 3209 2661 3296; x_wconf 83' lang='lat' dir='ltr'>quod</span> 
     </span>
     <span class='ocr_line' id='line_1_25' title="bbox 501 3312 968 3378; baseline -0.015 0"><span class='ocrx_word' id='word_1_203' title='bbox 501 3338 622 3378; x_wconf 91' lang='lat' dir='ltr'>nos</span> <span class='ocrx_word' id='word_1_204' title='bbox 663 3312 968 3376; x_wconf 85' lang='lat' dir='ltr'>detineat.</span> 
     </span>
    </p>
   </div>
   <div class='ocr_carea' id='block_1_8' title="bbox 703 3517 2426 3600">
    <p class='ocr_par' dir='ltr' id='par_1_8' title="bbox 703 3517 2426 3600">
     <span class='ocr_line' id='line_1_26' title="bbox 703 3517 2426 3600; baseline 0.004 -6"><span class='ocrx_word' id='word_1_205' title='bbox 703 3531 826 3595; x_wconf 87' lang='lat' dir='ltr'>IX.</span> <span class='ocrx_word' id='word_1_206' title='bbox 871 3531 1003 3594; x_wconf 76' lang='lat' dir='ltr'>Ios·</span> <span class='ocrx_word' id='word_1_207' title='bbox 1049 3528 1376 3592; x_wconf 69' lang='lat' dir='ltr'>Semoni</span> <span class='ocrx_word' id='word_1_208' title='bbox 1423 3549 1633 3589; x_wconf 75' lang='lat' dir='ltr'>nuno</span> <span class='ocrx_word' id='word_1_209' title='bbox 1679 3550 1979 3593; x_wconf 65' lang='lat' dir='ltr'>neruum</span> <span class='ocrx_word' id='word_1_210' title='bbox 2024 3555 2095 3596; x_wconf 64' lang='grc' dir='ltr'>ιη</span> <span class='ocrx_word' id='word_1_211' title='bbox 2139 3517 2426 3600; x_wconf 70' lang='lat' dir='ltr'>AErnAm.</span> 
     </span>
    </p>
   </div>
   <div class='ocr_carea' id='block_1_9' title="bbox 497 3735 2668 4152">
    <p class='ocr_par' dir='ltr' id='par_1_9' title="bbox 497 3735 2668 4152">
     <span class='ocr_line' id='line_1_27' title="bbox 585 3735 2663 3832; baseline 0.006 -27"><span class='ocrx_word' id='word_1_212' title='bbox 585 3743 828 3806; x_wconf 86' lang='lat' dir='ltr'>Seneca</span> <span class='ocrx_word' id='word_1_213' title='bbox 863 3739 1154 3802; x_wconf 87' lang='lat' dir='ltr'>scribens</span> <span class='ocrx_word' id='word_1_214' title='bbox 1187 3735 1270 3800; x_wconf 89' lang='lat' dir='ltr'>ad</span> <span class='ocrx_word' id='word_1_215' title='bbox 1297 3736 1617 3798; x_wconf 88' lang='lat' dir='ltr'>Lucilium</span> <span class='ocrx_word' id='word_1_216' title='bbox 1648 3737 1945 3804; x_wconf 79' lang='lat' dir='ltr'>hortatur</span> <span class='ocrx_word' id='word_1_217' title='bbox 1980 3763 2133 3807; x_wconf 88' lang='lat' dir='ltr'>eum</span> <span class='ocrx_word' id='word_1_218' title='bbox 2156 3791 2174 3826; x_wconf 86' lang='lat'>,</span> <span class='ocrx_word' id='word_1_219' title='bbox 2202 3748 2391 3832; x_wconf 86' lang='lat' dir='ltr'>quod</span> <span class='ocrx_word' id='word_1_220' title='bbox 2416 3750 2473 3814; x_wconf 91' lang='lat' dir='ltr'>is</span> <span class='ocrx_word' id='word_1_221' title='bbox 2508 3769 2663 3819; x_wconf 79' lang='lat' dir='ltr'>tum</span> 
     </span>
     <span class='ocr_line' id='line_1_28' title="bbox 497 3835 2664 3924; baseline 0.006 -12"><span class='ocrx_word' id='word_1_222' title='bbox 497 3862 666 3913; x_wconf 83' lang='lat' dir='ltr'>esset</span> <span class='ocrx_word' id='word_1_223' title='bbox 690 3835 760 3909; x_wconf 78' lang='lat' dir='ltr'>in</span> <span class='ocrx_word' id='word_1_224' title='bbox 785 3845 1019 3924; x_wconf 84' lang='lat' dir='ltr'>Sicilia,</span> <span class='ocrx_word' id='word_1_225' title='bbox 1045 3859 1124 3906; x_wconf 86' lang='lat' dir='ltr'>ut</span> <span class='ocrx_word' id='word_1_226' title='bbox 1147 3841 1270 3904; x_wconf 87' lang='lat' dir='ltr'>sibi</span> <span class='ocrx_word' id='word_1_227' title='bbox 1291 3841 1373 3903; x_wconf 84' lang='lat' dir='ltr'>de</span> <span class='ocrx_word' id='word_1_228' title='bbox 1391 3841 1591 3904; x_wconf 84' lang='lat' dir='ltr'>AEtna</span> <span class='ocrx_word' id='word_1_229' title='bbox 1610 3842 1865 3907; x_wconf 80' lang='lat' dir='ltr'>scribat.</span> <span class='ocrx_word' id='word_1_230' title='bbox 1892 3847 2047 3924; x_wconf 85' lang='lat' dir='ltr'>Ejus</span> <span class='ocrx_word' id='word_1_231' title='bbox 2067 3850 2262 3912; x_wconf 87' lang='lat' dir='ltr'>verba</span> <span class='ocrx_word' id='word_1_232' title='bbox 2288 3853 2435 3918; x_wconf 86' lang='lat' dir='ltr'>haec</span> <span class='ocrx_word' id='word_1_233' title='bbox 2456 3877 2664 3924; x_wconf 85' lang='lat' dir='ltr'>sunt:</span> 
     </span>
     <span class='ocr_line' id='line_1_29' title="bbox 497 3948 2667 4045; baseline 0.004 -25"><span class='ocrx_word' id='word_1_234' title='bbox 497 3954 828 4020; x_wconf 80' lang='lat' dir='ltr'>Solennem</span> <span class='ocrx_word' id='word_1_235' title='bbox 861 3951 1146 4013; x_wconf 82' lang='lat' dir='ltr'>omnibus</span> <span class='ocrx_word' id='word_1_236' title='bbox 1179 3949 1382 4034; x_wconf 79' lang='lat' dir='ltr'>poetis</span> <span class='ocrx_word' id='word_1_237' title='bbox 1415 3948 1621 4009; x_wconf 81' lang='lat' dir='ltr'>locum</span> <span class='ocrx_word' id='word_1_238' title='bbox 1665 3950 1943 4034; x_wconf 78' lang='lat' dir='ltr'>attingas</span> <span class='ocrx_word' id='word_1_239' title='bbox 1971 3975 1993 4014; x_wconf 90' lang='lat'>.·</span> <span class='ocrx_word' id='word_1_240' title='bbox 2036 3977 2217 4040; x_wconf 81' lang='lat' dir='ltr'>quem</span> <span class='ocrx_word' id='word_1_241' title='bbox 2264 3983 2395 4045; x_wconf 84' lang='lat' dir='ltr'>quo</span> <span class='ocrx_word' id='word_1_242' title='bbox 2444 3968 2667 4030; x_wconf 81' lang='lat' dir='ltr'>minus</span> 
     </span>
     <span class='ocr_line' id='line_1_30' title="bbox 505 4052 2668 4152; baseline 0.005 -28"><span class='ocrx_word' id='word_1_243' title='bbox 505 4060 768 4124; x_wconf 78' lang='lat' dir='ltr'>Ovidius</span> <span class='ocrx_word' id='word_1_244' title='bbox 786 4067 1110 4131; x_wconf 71' lang='lat' dir='ltr'>tractaret,</span> <span class='ocrx_word' id='word_1_245' title='bbox 1133 4052 1301 4116; x_wconf 74' lang='lat' dir='ltr'>nihil</span> <span class='ocrx_word' id='word_1_246' title='bbox 1311 4052 1567 4132; x_wconf 53' lang='lat' dir='ltr'>obstate,</span> <span class='ocrx_word' id='word_1_247' title='bbox 1584 4054 1757 4139; x_wconf 80' lang='lat' dir='ltr'>quod</span> <span class='ocrx_word' id='word_1_248' title='bbox 1749 4055 1897 4141; x_wconf 83' lang='lat' dir='ltr'>jam</span> <span class='ocrx_word' id='word_1_249' title='bbox 1922 4059 1993 4118; x_wconf 91' lang='lat' dir='ltr'><em>V</em></span> <span class='ocrx_word' id='word_1_250' title='bbox 1984 4060 2229 4145; x_wconf 52' lang='lat' dir='ltr'>ingildus</span> <span class='ocrx_word' id='word_1_251' title='bbox 2247 4065 2668 4152; x_wconf 77' lang='lat' dir='ltr'>impleverat:</span> 
     </span>
    </p>
   </div>
  </div>
 </body>
</html>
