2975 4684
814 362 871 426 E
941 360 1146 447 QUA
1212 324 1545 431 nucu
1610 359 1791 427 EST
1852 358 2102 426 EPIT.
2394 356 2539 454 473

397 494 666 583 Virgilio
697 491 1007 572 mutuati,
1051 491 1507 556 demonstrant
1524 538 1541 571 ‚
1580 506 1897 577 excerptae
1936 489 2274 572 videntur,
2324 489 2439 555 sed
2471 507 2537 555 et

399 599 744 687 singularia
763 596 1058 685 quaedam
1081 600 1426 661 continent
1440 646 1458 679 ,
1494 597 1573 661 ab
1595 598 1886 661 Homero
1910 590 2045 659 non
2066 595 2237 661 dicta
2253 645 2272 677 ‚
2292 614 2357 662 et
2384 620 2537 661 cum

399 720 620 769 nostra
651 704 922 768 Homeri
957 704 1244 791 epitome
1287 703 1758 767 convenientia.
1812 702 1967 785 Quo
2009 703 2293 791 pertinet
2336 704 2541 791 inpri-

405 812 528 875 mis
545 834 576 892 ,·
599 808 782 898 quod
809 808 894 872 ad
924 808 1168 873 librum
1199 810 1390 873 XXII
1425 808 1547 890 ait,
1583 807 1880 872 Hectoris
1918 830 2155 896 corpus
2186 807 2268 872 ab
2288 809 2540 874 Achille

401 933 504 982 ter
535 918 782 981 circum
815 916 1054 979 moenia
1074 916 1354 997 Trojana
1389 930 1747 1003 raptatum,
1784 914 1966 1002 quod
1994 913 2318 979 Homerus
2348 915 2541 1005 igno-
2562 957 2583 967 ·

401 1038 532 1104 rat,
555 1022 858 1111 Epitome
893 1022 1090 1085 latina
1123 1044 1160 1085 e
1177 1021 1451 1110 Virgilio
1479 1020 1677 1108 (AEn.
1706 1022 1773 1102 Ι,
1812 1018 1985 1106 483)
2016 1021 2255 1109 aptavit
2284 1021 2407 1085 sibi
2432 1044 2447 1085 :
2474 1037 2541 1085 et

401 1128 486 1193 ad
526 1128 640 1193 lib.
670 1126 887 1191 xxlv
929 1126 1232 1191 mandata
1271 1148 1631 1215 precesque
1664 1125 1747 1190 ad
1788 1124 2105 1191 Achillem
2146 1124 2229 1191 de
2268 1148 2541 1215 corpore

401 1234 701 1301 Hectoris
753 1232 1162 1297 restituendo
1208 1231 1448 1297 delatas
1500 1234 1731 1312 refert,
1778 1254 1925 1319 quae
1970 1230 2147 1321 apud
2179 1233 2541 1297 Homerum

399 1342 619 1429 ipsum
657 1362 792 1405 non
817 1340 1158 1429 leguntur,
1191 1338 1308 1404 sed
1339 1340 1408 1403 in
1431 1340 1743 1428 ¹Epitome
1774 1340 1975 1403 latina
2006 1356 2277 1405 exstant.
2300 1342 2542 1406 Occur-

337 1481 345 1487 ·
401 1464 562 1511 runt
591 1446 786 1511 etiam
813 1446 884 1509 in
923 1446 1036 1527 iis,
1074 1468 1222 1532 quae
1243 1445 1611 1535 discrepare
1638 1445 1721 1509 ab
1748 1445 2037 1510 Homero
2065 1468 2251 1534 aeque
2282 1468 2359 1511 ac
2383 1447 2541 1535 Epi-

401 1569 580 1617 tome
631 1552 830 1615 latina
885 1549 1210 1615 videntur.
1243 1552 1324 1615 In
1379 1550 1697 1615 Periocha
1748 1551 1897 1614 libri
1919 1551 2046 1615 VII
2073 1554 2351 1635 Hector,
2386 1574 2540 1617 cum

403 1657 598 1738 Ajace
634 1658 960 1747 singulare
991 1657 1286 1745 praelium
1327 1678 1677 1721 conserens
1694 1706 1713 1739 ‚
1764 1656 2005 1721 dicitur
2033 1656 2251 1746 lapide
2280 1660 2443 1723 ictus
2474 1660 2543 1724 in

401 1786 658 1829 suorum
686 1788 751 1828 se
782 1767 1072 1854 recepisse
1095 1762 1566 1827 multitudinem
1579 1810 1601 1844 ,
1632 1762 1813 1850 quod
1845 1764 1929 1827 ab
1956 1765 2279 1847 Homero,
2314 1767 2539 1829 saltem

403 1870 534 1935 hoc
577 1870 784 1952 libro,
815 1891 952 1933 non
983 1868 1294 1951 refertur,
1333 1884 1402 1932 et
1433 1869 1558 1931 nisi
1588 1891 1669 1931 ex
1700 1867 1897 1932 Iliade
1930 1869 2125 1932 latina
2147 1919 2164 1949 ,
2204 1870 2447 1950 majore
2477 1884 2544 1936 et

401 1976 818 2065 interpolata,
849 1976 1231 2041 translatum
1257 1991 1358 2039 est
1375 2024 1396 2056 ,
1423 1992 1599 2040 certe
1623 1996 1703 2039 ex
1722 1974 2057 2062 Epitomes
2086 1999 2166 2041 eo
2192 1978 2371 2060 loco,
2399 2000 2535 2065 quo

403 2083 490 2147 de
523 2104 744 2173 pugna
773 2083 894 2145 ista
929 2081 1238 2171 singulari
1275 2081 1529 2170 agitur,
1564 2080 1781 2179 colligi
1808 2102 1945 2144 non
1976 2082 2213 2171 potnit.
2258 2082 2344 2147 Et
2371 2084 2541 2149 libro

405 2189 640 2253 ultimo
669 2188 920 2277 Jupiter
955 2187 1194 2253 dicitur
1217 2186 1480 2253 Thetidi
1506 2186 1575 2249 in
1617 2186 1935 2252 mandatis
1978 2188 2063 2252 ad
2086 2189 2397 2256 Achillem
2424 2189 2544 2255 de-

405 2294 574 2359 disse
591 2344 608 2377 ,
645 2310 718 2361 ut
728 2293 908 2382 fata
947 2294 1272 2359 hominum
1301 2296 1372 2359 in
1399 2296 1699 2358 exanimo
1733 2295 1905 2360 hoste
1938 2309 2246 2379 vereatur,
2282 2299 2540 2386 qualem

405 2403 788 2467 sententiam
831 2404 1158 2467 Homerus
1194 2424 1519 2489 nusquam
1568 2401 1869 2467 adhibuit
1888 2404 2273 2492 ‚Epitomes
2315 2423 2545 2471 auctor

403 2510 740 2596 usurpavit
771 2507 1074 2596 quidem,
1109 2524 1174 2572 at
1201 2530 1336 2573 non
1362 2508 1429 2570 in
1461 2506 1780 2597 mandatis
1806 2508 2129 2593 Thetidis,
2155 2509 2325 2575 sed
2309 2536 2373 2576 m
2402 2536 2543 2601 pre-

307 2634 310 2639 ·
405 2614 590 2678 cibus
617 2614 856 2678 Priami
886 2614 970 2678 ad
991 2614 1306 2679 Achillem
1341 2614 1698 2680 referenda.
1739 2613 1939 2699 Quod
1964 2618 2017 2681 si
2046 2616 2377 2684 Periochae
2399 2621 2541 2684 Au-

405 2720 574 2785 sonii
603 2736 897 2785 extractae
921 2744 1000 2786 ex
1016 2722 1321 2810 Epitome
1347 2722 1544 2785 latina
1568 2745 1705 2787 esse
1729 2744 1864 2786 non
1894 2740 2203 2811 possunt,
2229 2725 2541 2791 exstiterit

405 2850 558 2892 sane
593 2851 854 2893 necesse
891 2845 989 2893 est
1017 2830 1292 2917 amplior
1338 2830 1519 2911 Ilias,
1556 2830 1754 2894 latine
1786 2854 1966 2895 versa
1995 2848 2059 2894 et
2080 2832 2350 2921 Virgilio
2379 2852 2539 2897 con‘-

401 2934 680 2999 formata
696 2985 715 3018 ‚
739 2958 776 2999 e
808 2958 937 3024 qua
959 2954 1023 3001 et
1051 2936 1393 3001 Periochas
1418 2938 1573 3000 istas
1592 2986 1610 3019 ,
1644 2952 1710 3000 et
1737 2936 2081 3025 Epitomen
2101 2986 2119 3019 ,
2152 2936 2233 3003 de
2262 2962 2392 3026 qua
2408 2940 2540 3029 agi-

405 3062 582 3122 muS,
616 3058 844 3105 auctor
874 3064 1034 3105 suus
1069 3042 1444 3107 confecerit.

493 3147 660 3211 Sane
691 3148 1005 3212 exstitisse
1035 3148 1206 3211 inter
1220 3148 1551 3212 Romanos
1584 3150 1801 3236 plures
1822 3148 2323 3213 Homericorum
2352 3150 2547 3215 libro-

407 3274 554 3316 rum
584 3254 912 3317 versiones
929 3301 948 3335 ,
975 3252 1195 3319 multis
1227 3276 1305 3317 ex
1323 3254 1479 3319 locis
1501 3255 1895 3343 scriptorum
1910 3255 2357 3343 antiquiorum
2375 3260 2544 3349 pari-

406 3374 506 3421 ter
528 3381 602 3422 ac
622 3360 1062 3423 recentiorum
1091 3360 1510 3425 manifestum
1540 3358 1644 3443 fit,
1678 3360 1794 3425 ubi
1822 3383 2047 3425 versus
2074 3362 2372 3439 Homeri,
2408 3385 2544 3428 non

406 3464 644 3547 Graeci,
680 3464 794 3529 sed
823 3466 1068 3547 Latini,
1127 3482 1458 3555 tamquam
1492 3488 1568 3530 ex
1603 3482 1755 3530 nota
1792 3484 2179 3555 receptaque
2206 3468 2503 3533 versione
2525 3518 2543 3551 ,

407 3592 541 3633 non
576 3572 913 3636 nominato
944 3590 1212 3638 auctore
1235 3574 1372 3655 ejus
1390 3622 1408 3655 ,
1441 3574 1837 3638 referuntur.
1868 3574 2021 3639 Erat
2049 3576 2239 3639 etiam
2268 3576 2375 3639 hic
2400 3598 2543 3641 mos

405 3677 581 3765 apud
607 3679 939 3744 Romanos
957 3728 974 3761 ‚
1011 3697 1088 3743 ut
1117 3682 1190 3745 in
1221 3681 1535 3746 conviviis
1568 3680 1845 3745 divitum
1880 3700 1947 3745 et
1973 3682 2343 3771 principum
2369 3684 2544 3749 viro-

406 3805 554 3846 rum
577 3786 748 3849 inter
762 3786 881 3849 alia
900 3790 1263 3851 acroamata
1285 3788 1443 3851 certi
1462 3786 1765 3851 homines
1784 3836 1801 3867 ,
1838 3788 1951 3874 qui
1971 3789 2253 3851 carmina
2276 3791 2543 3855 Homeri

405 3888 785 3971 recitarent,
824 3890 1317 3975 adhiberentur,
1353 3916 1519 3981 quos
1553 3894 1937 3958 Homeristas
1970 3912 2230 3957 vocatos
2260 3918 2295 3958 e
2325 3896 2549 3960 Petro-

405 3996 496 4058 nii
553 4018 691 4083 cap.
745 4001 829 4083 49
881 3994 1215 4063 discimus,
1284 4000 1426 4063 Hoc
1486 4000 1787 4087 inprimis
1848 4016 2123 4065 testatur
2180 4002 2543 4093 IuvenaliS,

407 4102 534 4165 Sat.
565 4102 690 4183 XJ,
733 4124 894 4189 177:
