2975 4684
582 393 711 489 ¹78
1269 389 1808 460 EXCURsUs
1866 383 1987 460 111

570 535 755 580 neres
778 533 1025 577 versam
1053 509 1423 576 vehementi
1448 507 1745 590 turbine,
1774 510 1981 597 qualis
2005 509 2344 600 Typhonis
2375 526 2474 575 est
2489 559 2508 594 ,
2536 510 2698 576 sub-

568 617 757 681 latam
810 613 1017 678 tribus
1053 611 1207 676 inde
1252 613 1323 675 in
1366 612 1570 678 altum
1617 633 1793 676 mare
1837 611 2058 677 stadiis
2109 613 2442 677 recessisse
2459 661 2482 694 ,
2514 635 2698 680 mare

566 740 723 783 vero
748 715 941 804 paulo
968 731 1119 803 post
1139 735 1469 778 reversum
1502 712 1852 778 inundasse
1892 714 2167 781 insulam
2184 715 2576 803 ,ignemque
2617 715 2694 778 in

567 841 642 882 ea
654 819 783 881 hoc
797 833 986 907 pacto
1010 816 1433 880 exstinctum:
1470 823 1864 894 ἀναχωρήσασαν
1887 818 1942 876 δ’
1972 825 2025 876 οὐ
2049 825 2170 878 πολὺ
2201 824 2503 894 {mog-piapen,
2525 823 2608 878 καὶ
2625 829 2695 892 τῇ

562 929 822 1000 παλιῤῥοίᾳ
848 931 1155 982 καταλῦσαι
1190 927 1279 984 τὴν
1306 931 1476 985 νῆσον·
1501 925 1588 978 καὶ
1611 928 1838 996 γενέσθαι
1861 922 2029 980 σὸἅσιν
2053 931 2139 980 τοῦ
2165 929 2214 980 ἐν
2239 927 2370 995 αὐτῇ
2393 927 2560 997 πυρός.
2593 915 2693 980 Si·

566 1019 1081 1100 militerPlinius,
1107 1016 1219 1082 lib.
1248 1019 1336 1098 11,
1362 1038 1500 1104 oep.
1529 1015 1647 1080 88:
1672 1047 1699 1073 ι
1718 1018 1797 1080 In
1821 1016 1922 1080 his
1945 1015 1969 1101 (
1983 1014 2378 1103 Pithecusis)
2395 1033 2692 1080 montem

463 1193 474 1204 ‚
562 1118 873 1209 Epopon,
893 1141 1100 1206 quum
1126 1132 1393 1206 repente
1423 1115 1676 1180 flamma
1709 1117 1778 1179 in
1811 1137 1890 1180 eo
1920 1117 2324 1198 emicuisset,
2348 1116 2694 1205 campestri

562 1237 885 1310 aequatum
904 1218 1188 1308 planitie.
1217 1220 1293 1282 In
1318 1217 1542 1284 eadem
1562 1234 1629 1282 et
1650 1217 1966 1306 oppidum
1993 1217 2299 1282 haustum
2323 1217 2692 1307 profund03

560 1325 817 1409 alioque
860 1335 1045 1385 motu
1086 1336 1273 1384 terrae
1304 1335 1607 1408 stagnum
1645 1320 2011 1400 emersisse3
2053 1334 2120 1384 et
2147 1319 2304 1402 alio,
2327 1320 2691 1410 provolutis

560 1421 894 1486 montibus
944 1419 1221 1484 insulam
1271 1419 1587 1484 exstitisse
1631 1417 2022 1510 Prochytam
2041 1451 2087 1485 ιι.
2127 1421 2331 1485 Lacus
2377 1421 2571 1485 etiam
2618 1423 2690 1485 in

558 1523 821 1588 AEnaria
866 1522 1264 1586 mentionem
1310 1521 1463 1584 facit
1503 1520 1727 1609 Papin.
1771 1521 2044 1603 Statius,
2071 1521 2220 1586 silv.
2251 1521 2381 1604 111,
2417 1521 2488 1604 5,
2525 1526 2690 1602 104:

562 1625 973 1711 AEnariaeque
1004 1621 1182 1684 lacus
1212 1619 1480 1684 medicos
1494 1668 1516 1701 ,
1547 1621 1950 1710 Statinasque
1977 1635 2250 1687 renatas.
2285 1623 2458 1687 Dicit
2491 1623 2694 1686 medi-

557 1744 665 1787 cos
706 1747 817 1788 eos
856 1725 1066 1804 lacus,
1097 1720 1279 1810 quod
1315 1723 1381 1785 in
1434 1743 1508 1786 ea
1559 1721 1772 1786 insula
1819 1743 2002 1810 aquae
2045 1723 2518 1805 scaturiebant,
2545 1747 2694 1812 quae

558 1826 891 1889 calculosis
942 1823 1392 1907 metiebantur,
1431 1839 1508 1886 ut
1551 1821 1772 1887 scribit
1805 1823 2040 1888 Strabo
2083 1825 2302 1912 paullo
2331 1838 2493 1912 post
2535 1846 2692 1888 eum

553 1925 803 2007 locum,
823 1948 1018 2013 quem
1040 1923 1240 1988 modo
1272 1925 1681 1989 recitavimus
1698 1973 1718 2006 ,
1753 1943 1818 1989 et
1843 1925 2010 1990 Plin.
2034 1925 2146 1990 lib.
2167 1927 2422 2007 XXXI,
2459 1949 2602 2014 oep.
2626 1949 2690 1991 2.

552 2025 653 2090 De
679 2027 937 2092 Statinis
963 2029 1227 2105 renatis,
1256 2049 1415 2114 quas
1442 2025 1600 2090 dicit
1626 2027 1865 2091 Statius
1885 2075 1902 2110 ,
1929 2051 2158 2118 magna
2186 2025 2528 2093 doctorum
2559 2029 2692 2094 hae-

552 2128 788 2193 sitatiO.
828 2129 1155 2192 Domitius
1191 2126 1573 2192 Calderinus
1613 2144 1678 2192 et
1707 2129 2080 2194 Bernartius
2113 2129 2182 2192 in
2220 2146 2572 2198 comment.
2606 2131 2692 2196 ad

550 2230 735 2293 Statii
758 2228 909 2298 Silv.
934 2228 1251 2294 Statinam
1280 2243 1514 2316 putant
1539 2229 1608 2291 in
1635 2229 1829 2293 Plinii
1850 2229 1998 2294 loco
2020 2229 2289 2320 allegato
2313 2233 2689 2314 memorari,

552 2331 665 2418 qui
694 2329 893 2412 dicat,
923 2331 1005 2393 in.
1025 2327 1290 2394 AEnaria
1323 2328 1641 2418 oppidum
1683 2329 1990 2393 haustum
2031 2329 2400 2419 profundo,
2429 2332 2692 2422 alioque

548 2447 737 2495 motu
773 2447 957 2495 terrae
1001 2431 1686 2522 Statinamemersisse
1707 2479 1724 2514 ,
1759 2430 2204 2520 mendoseque
2251 2431 2318 2494 in
2355 2432 2691 2498 codicibus

552 2532 746 2596 scribi
774 2547 1071 2619 stagnum
1098 2535 1417 2596 emersisse.
1462 2531 1774 2596 Eamdem
1809 2532 2002 2597 Plinii
2039 2533 2507 2597 correctionem
2552 2533 2691 2598 aliis

550 2633 835 2699 arrisisse
880 2632 1086 2698 doctis
1124 2634 1306 2716 viris,
1342 2657 1377 2696 e
1422 2635 1611 2722 Casp.
1650 2634 1893 2697 Barthii
1931 2637 2395 2698 commentario
2427 2634 2496 2699 in
2529 2635 2690 2700 Stat.

550 2751 617 2798 et
648 2759 726 2800 ex
756 2732 1097 2799 Harduino
1124 2736 1192 2798 in
1225 2735 1378 2800 Not.
1416 2750 1483 2798 et
1509 2733 1767 2798 emend.
1788 2733 1870 2799 ad
1901 2733 1968 2798 h.
2005 2735 2046 2799 l.
2083 2735 2408 2824 intelligo;
2435 2734 2551 2800 sed
2581 2734 2694 2800 hic

547 2836 1011 2924 exemplarium
1076 2835 1457 2900 collatorum
1515 2837 1900 2902 auctoritate
1965 2835 2283 2901 adductus
2305 2885 2324 2918 ,
2363 2854 2690 2926 receptam

548 2937 891 3002 lectionem
914 2953 1153 3001 tuetur.
1176 2935 1317 3000 Nisi
1330 2957 1483 3001 vero
1506 2937 1752 3000 Statina
1774 2935 1946 3026 apud
1970 2935 2256 3001 Plinium
2282 2937 2689 3026 reponenda,

549 3056 798 3104 certum
830 3055 926 3103 est
944 3088 961 3120 ,
988 3063 1020 3102 a
1057 3039 1319 3104 nemine
1352 3039 1478 3102 alio
1499 3086 1516 3120 ,
1545 3055 1776 3126 praeter
1807 3039 2081 3103 Statium
2101 3087 2120 3120 ,
2149 3061 2290 3102 eam
2325 3040 2650 3103 nominari
2671 3088 2690 3121 ,

548 3137 1114 3226 dubitandumque
1142 3137 1337 3216 ade0‚
1365 3162 1511 3227 quae
1537 3139 1747 3203 insula
1773 3137 1895 3204 sub
1924 3161 2002 3203 eo
2028 3140 2294 3204 nomine
2321 3139 2689 3230 intelligen-

510 3321 513 3326 .
550 3236 653 3302 da.
684 3239 823 3325 Ego
856 3237 1170 3325 suspicor,
1206 3259 1342 3302 non
1375 3239 1564 3304 aliam
1597 3263 1734 3304 esse
1769 3261 1844 3303 ac
1875 3239 2298 3329 Prochytam,
2327 3265 2522 3330 quam
2561 3241 2692 3306 Pli-

551 3339 697 3402 nius
732 3338 776 3401 l.
816 3361 871 3400 c.
907 3339 1271 3424 provolutis
1304 3337 1584 3404 AEnariae
1615 3341 1951 3406 montibus
1983 3343 2334 3420 exstitisse,
2368 3359 2434 3408 et
2451 3341 2690 3431 prefu-

546 3463 681 3502 sam
710 3439 794 3501 ab
816 3439 1099 3502 AEnaria
1125 3439 1293 3504 libro
1321 3442 1418 3504 111
1437 3489 1455 3524 ‚
1480 3463 1619 3532 cap.
1647 3443 1690 3507 6
1706 3491 1724 3525 ,
1751 3457 1900 3531 post
1925 3443 2312 3509 Strabonem
2337 3461 2690 3530 memorat;

547 3562 875 3627 quamque
908 3538 1147 3604 Statius
1165 3588 1182 3620 ,
1211 3541 1360 3606 silv.
1389 3543 1453 3606 II
1472 3591 1489 3618 ,
1518 3565 1556 3606 2
1575 3591 1594 3624 ,
1623 3545 1742 3632 76,
1767 3567 1951 3633 aeque
1979 3567 2114 3609 uno
2141 3567 2334 3610 versu
2366 3568 2516 3609 cum
2546 3547 2692 3612 Ina-

546 3642 732 3722 rime,
750 3641 851 3704 vel
870 3637 1155 3722 AEnaria,
1177 3641 1534 3732 conjungit,
1554 3659 1628 3707 ut
1648 3643 1758 3708 hic
1781 3645 2114 3710 Statinam.
2132 3645 2331 3728 Quod
2349 3646 2402 3710 si
2417 3647 2692 3711 fortasse

548 3765 627 3806 eo
660 3757 849 3806 motu
880 3757 1093 3824 texrae,
1121 3765 1317 3830 quem
1344 3767 1540 3834 supra
1566 3767 1602 3808 e
1628 3741 1948 3812 Strabone
1975 3747 2312 3812 retulimus
2332 3796 2350 3826 ‚
2378 3759 2528 3811 nata
2554 3763 2689 3829 est,

548 3865 754 3931 quum
778 3864 923 3932 pars
942 3841 1219 3908 AEnariae
1242 3846 1501 3912 turbine
1529 3846 1790 3937 abrepta
1814 3849 1880 3912 in
1911 3871 2108 3931 mare,
2134 3873 2343 3938 eoque
2369 3848 2690 3914 redeunte

547 3961 613 4010 et
638 3943 969 4009 AEnariam
998 3945 1363 4011 inundante
1384 3949 1582 4014 relata
1605 3965 1728 4033 est,
1753 3951 1971 4039 potuit
1999 3972 2154 4015 sane
2181 3949 2504 4039 Prochyta
2529 3949 2689 4014 inde

545 4045 787 4110 Statina
819 4065 855 4109 a
885 4045 1274 4133 quibusdam
1310 4049 1671 4132 nominari,
1706 4050 1886 4139 quod
1919 4053 2136 4117 avulsa
2167 4053 2350 4140 prius
2377 4066 2445 4116 et
2469 4049 2690 4116 abson-

542 4161 652 4236 pta
686 4146 848 4212 mari
869 4194 887 4229 ,
914 4167 1067 4212 mox
1104 4169 1255 4214 cum
1293 4149 1524 4214 eodem
1557 4153 1846 4217 revoluta
1875 4152 2300 4218 constitisset:
2337 4175 2459 4217 nec
2493 4152 2682 4216 aliam
