2975 4684
733 367 867 435 AD
926 365 1327 433 LUCILII
1386 364 1592 433 JUN.
1645 366 2044 437 AETNAM.
2320 370 2452 468 193

324 492 563 581 Anapis
600 505 775 555 certe
806 488 1039 577 legitur
1068 486 1137 549 in
1169 486 1471 551 lemmate
1505 488 1975 576 epigrammatis
1997 538 2016 571 ,
2048 492 2228 579 quod
2263 515 2458 583 supra

326 592 756 682 protulimus,
782 605 848 653 et
868 587 1125 653 videtur
1154 587 1284 651 hoc
1318 588 1378 651 e‘i
1410 611 1652 652 nomen
1687 612 2036 657 commune
2074 595 2270 659 fuisse
2306 620 2458 663 cum

324 696 521 760 fluvio
554 691 814 771 Sieiliae,
848 690 1081 779 Anapis
1108 688 1319 771 dictu,
1366 690 1552 769 cujus
1584 691 1881 755 meminit
1912 692 2181 759 Ovidius
2207 694 2460 781 Met.v‚

324 802 476 882 417,
528 808 596 857 et
642 792 831 856 Pont.
864 792 965 871 Il,
1010 784 1121 868 10,
1162 790 1265 854 26.
1306 790 1428 854 Hic
1462 806 1678 855 tamen
1727 815 1932 879 quum
1983 794 2220 861 Graecis
2271 798 2469 867 etiam

320 902 523 977 Ᾰναπος
546 898 819 979 dicatur,
844 911 1007 961 teste
1024 896 1313 974 AEliano,
1330 898 1479 961 Var.
1497 898 1645 961 hist.
1670 899 1764 980 ΙΙ,
1789 900 1894 981 32,
1920 923 2054 965 non
2073 902 2328 969 videtur
2340 928 2461 993 pro

327 1001 637 1064 alterutro
664 1021 894 1063 eorum
919 999 1262 1064 nominum
1284 998 1468 1064 valde
1494 1000 1919 1089 pugnandum
1949 1025 2108 1068 esse.
2139 1006 2318 1089 Quin
2349 1032 2464 1074 no·

328 1120 479 1163 men
500 1102 779 1190 Anapias
797 1099 1095 1188 pluribus
1113 1100 1231 1164 niti
1247 1100 1626 1165 auctoribus
1646 1118 1712 1166 et
1729 1106 2168 1171 monumentis
2183 1111 2464 1199 antiquis

327 1202 607 1285 videtur,
629 1202 1055 1291 inprimisque
1073 1225 1109 1265 a
1122 1203 1343 1267 Burm.
1363 1204 1696 1293 probatur.
1717 1204 1883 1269 Nam
1900 1223 1967 1271 et
1983 1207 2215 1273 Conon
2224 1211 2460 1291 ,haben

327 1322 394 1370 et
416 1305 679 1387 Str-abc,
706 1321 769 1368 et
794 1304 1060 1369 Cari-era
1080 1305 1149 1367 in
1174 1306 1471 1370 Monum.
1497 1306 1645 1370 hist.
1675 1308 2187 1374 Catan.Tab.VII
2202 1360 2221 1394 ,
2250 1334 2316 1377 n.
2342 1318 2420 1391 41
2446 1362 2465 1394 ,

328 1430 680 1471 nummum
700 1406 1157 1471 Catanensium
1176 1408 1445 1494 profert,
1456 1408 1572 1471 ubi
1591 1407 1674 1471 ad
1693 1406 1964 1498 figuram
1987 1410 2270 1476 duorum
2291 1414 2473 1494 juve-

327 1532 490 1574 num
526 1509 793 1573 nomina
825 1522 1235 1571 ΑΜΦΙΝΟΜΟΣ
1275 1524 1339 1573 et
1374 1524 1682 1573 οΝΑΠιΑΣ
1719 1511 1850 1575 sive
1879 1512 2106 1583 Ᾱνάπιας
2140 1513 2466 1603 leguntur.

330 1613 547 1695 Quem
580 1610 845 1699 quidem
880 1631 1223 1673 nummum
1258 1632 1378 1697 pro
1406 1610 1630 1698 spurio
1670 1633 1802 1675 non
1839 1612 1978 1676 sine
2009 1636 2232 1678 caussa
2262 1616 2460 1680 habet

328 1713 679 1779 Dorvillius
707 1713 775 1775 in
804 1711 998 1775 Sicul.
1028 1734 1165 1798 cap.
1193 1712 1355 1775 xm
1374 1760 1391 1792 ,
1415 1735 1479 1800 p.
1513 1735 1638 1798 219
1659 1738 1676 1795 ς
1699 1712 1922 1777 eadem
1952 1728 2168 1779 tamen
2197 1719 2465 1782 nomina

329 1818 597 1880 Cari-era
624 1814 693 1877 in
719 1813 1035 1900 Descript.
1060 1812 1306 1896 AEtnae,
1336 1813 1447 1877 lib.
1482 1814 1546 1877 11
1564 1861 1581 1894 ,
1602 1836 1657 1877 c.
1691 1814 1726 1878 5
1751 1863 1768 1896 ‚
1812 1832 2084 1880 testatur
2115 1819 2182 1881 in
2211 1818 2466 1884 duabus

328 1916 557 1984 statuis
584 1916 851 1980 vetustis
870 1962 889 1994 ,
916 1936 953 1977 a
984 1913 1215 1977 Fulvio
1248 1914 1580 1996 TerbeHO,
1607 1930 1798 2002 poeta
1832 1914 2030 1997 Italo,
2055 1939 2158 1982 an.
2199 1916 2364 2005 1570
2397 1921 2468 1983 in

328 2018 433 2082 via
454 2019 751 2081 Romana
777 2016 927 2079 visis
944 2064 960 2097 ,
986 2015 1323 2097 exstitisse,
1346 2016 1542 2103 atque
1571 2016 1754 2079 alteri
1786 2016 1946 2097 ejus,
1978 2020 2094 2105 qui
2111 2035 2362 2106 patrem
2385 2022 2474 2085 fe-

328 2120 547 2198 rebat,
592 2117 975 2203 inscriptum
1030 2116 1227 2179 fuisse
1277 2130 1718 2189 ΑΜΦῙΝΟΜΟΣς
1757 2117 1972 2199 alteri,
2017 2120 2130 2206 qui
2151 2137 2468 2198 matrem,

328 2232 653 2285 ΑΝΑῙΠΑΣ.
684 2218 973 2282 Alterum
996 2239 1113 2304 par
1145 2218 1485 2281 nominum
1526 2218 1786 2305 piorum
1812 2217 2128 2299 juvenum
2163 2244 2202 2285 a
2246 2222 2470 2287 Solino

329 2322 631 2401 refertur,
658 2342 803 2408 quae
828 2334 1043 2383 tamen
1074 2318 1403 2383 diversitas
1436 2342 1471 2381 a
1505 2320 1940 2385 controversia
1974 2338 2104 2405 est,
2133 2345 2260 2410 qua
2296 2324 2470 2389 idem

332 2423 581 2505 scribit,
610 2423 1041 2510 Syracusanos
1074 2420 1319 2483 civibus
1350 2420 1483 2484 suis
1500 2419 1838 2483 ‘honorem
1863 2444 2014 2485 eum
2039 2422 2309 2539 insignis
2334 2425 2472 2513 pie-

332 2526 474 2589 tatis
510 2540 741 2588 contra
775 2526 1161 2586 Catanenses
1193 2522 1558 2586 asseruisse.
1589 2523 1821 2587 «Inter
1857 2523 2150 2587 Catinam
2167 2526 2470 2615 ‚inquit,

331 2642 395 2691 et
425 2629 773 2715 Syracusas
808 2640 1133 2688 certamen
1176 2640 1272 2688 est
1312 2622 1393 2687 de
1426 2624 1772 2687 illustrium
1809 2625 2082 2687 fratrum
2120 2629 2430 2692 memoria
2453 2678 2471 2711 ,

334 2750 623 2815 quorum
656 2748 897 2789 nomen
934 2724 1055 2788 sibi
1094 2724 1357 2789 diversae
1388 2742 1600 2813 partes
1634 2724 1966 2841 adoptant.
2004 2726 2071 2790 Si
2100 2728 2473 2793 Catinenses

330 2830 705 2910 audiamuS,
738 2829 975 2915 Anapis
1020 2828 1146 2891 fuit
1192 2842 1258 2891 et
1292 2827 1812 2917 Amphinomus3
1855 2828 1946 2907 si,
1985 2827 2174 2915 quod
2223 2830 2478 2894 malunt

330 2932 684 3021 Syracusae,
714 2928 1127 2993 Emanthiam
1160 2929 1536 3018 putabimus
1586 2946 1650 2992 et
1707 2929 2063 2993 Critonem.
2112 2930 2472 2995 Catinensis

328 3050 547 3097 tamen
580 3032 760 3121 regio
791 3052 1082 3095 caussam
1111 3028 1291 3093 dedit
1334 3030 1538 3111 facto,
1571 3030 1640 3091 in
1675 3051 1871 3116 quam
1906 3052 1974 3092 se
2011 3052 2220 3115 quum
2255 3030 2470 3095 AEtnae

332 3135 638 3200 incendia
658 3133 1097 3222 protulissent,
1122 3133 1391 3212 juvenes
1425 3131 1561 3195 duo
1599 3131 1886 3195 sublatos
1921 3148 2221 3217 parentes
2251 3154 2474 3196 evexe-

332 3254 492 3303 runt
538 3238 713 3301 inter
762 3233 1084 3315 flammas,
1138 3233 1314 3297 illaesi
1346 3234 1631 3321 ignibus.
1679 3235 1934 3297 Horum
1973 3233 2351 3297 memoriam
2384 3234 2472 3297 ita

332 3340 675 3428 posteritas
740 3354 1075 3401 munerata
1122 3352 1250 3418 est,
1314 3352 1391 3399 ut
1453 3336 1732 3424 sepulcri
1781 3334 1964 3398 locus
2019 3336 2470 3401 nominaretur

340 3442 616 3531 Campus
645 3440 901 3503 Piorum
924 3470 970 3501 ν.
1006 3440 1063 3501 Ε
1095 3437 1309 3501 verbis
1332 3437 1536 3501 Solini
1579 3435 1970 3525 colligimus,
2005 3436 2173 3501 hanc
2207 3453 2471 3502 senten-

332 3543 487 3627 tiam
521 3542 1071 3629 Syracusanorum
1103 3538 1331 3619 fuisse,
1363 3554 1440 3602 ut
1470 3537 1796 3618 dicerent,
1831 3538 2070 3602 factum
2103 3537 2173 3602 id
2207 3539 2473 3628 quidem

335 3644 515 3732 pium
548 3658 615 3705 et
644 3641 889 3704 illustre
916 3640 1202 3705 evenisse
1230 3640 1502 3720 Catinae,
1531 3638 1645 3703 sed
1672 3654 1966 3703 auctores
1995 3664 2129 3704 non
2163 3642 2333 3707 cives
2363 3644 2476 3706 Ca-

332 3746 621 3809 tinenses
650 3742 878 3822 fuisse,
906 3740 1019 3805 sed
1064 3740 1534 3828 Syracusanos,
1560 3740 1972 3826 Emanthiam
2009 3757 2073 3804 et
2106 3742 2471 3825 Critonem,

332 3844 445 3930 qui
484 3858 630 3907 tum
671 3842 841 3904 forte
882 3841 1121 3931 Catinae
1153 3842 1255 3904 vel
1290 3854 1556 3958 peregre
1602 3858 1866 3931 agerent
1909 3864 2060 3905 cum
2100 3844 2477 3930 parentibus

334 3944 463 4006 suis
470 3943 595 4025 ,vel
611 3942 994 4005 habitarent.
1023 3942 1327 4007 Delrius
1311 3966 1377 4005 m
1404 3943 1552 4007 loco
1576 3942 2224 4008 SoliniAEmanthz'am
2244 3944 2475 4028 edidit,

334 4042 513 4129 quod
550 4042 855 4107 Graecum
889 4063 1023 4105 non
1070 4057 1208 4107 est:
1257 4044 1598 4108 Salmasius
1633 4046 2216 4133 Emantiam.1pse
2261 4062 2476 4110 tamen

332 4142 759 4207 scribendum
788 4158 975 4230 putat
1002 4144 1361 4225 Ematiam,
1383 4146 1514 4209 hoc
1542 4163 1637 4210 est
1663 4146 1894 4227 ἡματίαν
1913 4194 1928 4221 ,
1956 4148 2079 4209 nisi
2111 4148 2479 4213 Emantiam

586 4264 731 4329 III.
2110 4262 2192 4333 13
