2975 4684
501 388 683 408 mm
688 376 2634 408 mmmmssssnmmmmmmmmmmm

700 643 1629 768 CORNELII
1742 640 2433 762 SEVERI

1296 943 1846 992 FRAGMENTUM

791 1136 965 1220 DE
1042 1133 1516 1221 MORTE
1587 1132 2348 1222 CICERONIS.

887 1397 975 1440 Ex
1025 1396 1106 1440 M.
1157 1395 1389 1442 ANNAEI
1440 1395 1710 1442 SENECAE
1757 1395 2100 1450 SUAsomA
2142 1395 2260 1440 vn.
2328 1463 2336 1478 ³

617 1743 979 1876 ORAQUE
1010 1793 1516 1888 magnanimum
1549 1793 1871 1887 spirantia
1899 1819 2086 1889 paene
2113 1795 2410 1864 virorum

612 1909 689 1974 In
726 1905 983 1974 Rostris
1006 1905 1276 1998 jacuere
1306 1905 1478 1991 suis;
1516 1903 1630 1974 sed
1661 1907 1844 1974 enim
1875 1902 2150 1974 abstulit
2184 1931 2446 1988 omne5‚

588 2136 632 2171 1.
646 2117 838 2171 Seneca
851 2117 955 2170 hoc
968 2116 1165 2188 profert
1182 2116 1534 2187 fragmentum

512 2197 673 2252 Corn.
698 2198 905 2258 Severi,
926 2207 1203 2269 postquam
1220 2195 1365 2248 varia
1380 2196 1535 2248 Cice-

512 2278 656 2332 ronis
674 2277 841 2348 elogia
860 2295 891 2328 e
911 2276 1259 2329 disertissimis
1277 2275 1536 2329 historicis

510 2357 749 2411 recitavit
760 2396 776 2422 ,
792 2355 1096 2428 subditque:
1114 2381 1137 2400 ι·
1149 2357 1316 2408 Nemo
1332 2367 1510 2407 tamen
1519 2393 1534 2418 ,

512 2455 575 2490 ex
596 2447 673 2488 tot
690 2435 1041 2488 disertissimis
1058 2435 1188 2488 viris
1202 2473 1219 2498 ,
1240 2434 1427 2487 melius
1448 2435 1537 2488 Ci-

512 2513 716 2569 ceronis
755 2525 978 2566 mortem
1018 2514 1309 2585 deploravit
1332 2552 1348 2579 ,
1374 2532 1538 2588 quam

513 2595 673 2648 Gom.
698 2593 923 2646 Severus
940 2619 980 2644 n.
1006 2593 1417 2665 Descriptionem
1439 2613 1536 2648 au-

512 2684 617 2726 tem
645 2673 837 2724 barum
864 2673 1223 2727 calamitatum
1252 2686 1331 2727 sat
1356 2675 1538 2745 copio-

512 2771 626 2806 sam
636 2751 890 2804 habemus
902 2791 917 2816 ‚
930 2769 1095 2822 quum
1110 2753 1251 2824 apud
1269 2753 1536 2809 Plutarch.

512 2833 571 2886 in
590 2832 713 2884 vitis
730 2831 999 2884 Ciceronis
1018 2843 1071 2884 et
1086 2833 1299 2886 Antonii
1318 2873 1333 2898 ,
1354 2845 1467 2886 tum
1486 2835 1541 2887 in

512 2910 693 2964 Dionis
712 2911 849 2963 libro
868 2910 1098 2964 XLVII.
1116 2913 1223 2978 Qui
1245 2913 1415 2966 fontes
1431 2933 1544 2967 om-

512 2992 668 3045 nibus
686 3009 851 3063 quum
870 3003 1087 3062 pateant
1103 3034 1118 3060 ,
1146 3011 1315 3064 pauca
1338 3003 1544 3046 tantum

514 3089 577 3123 ex
612 3071 677 3122 iis
714 3069 1062 3124 delibabimus
1080 3112 1095 3136 ‚
1131 3073 1199 3126 ad
1236 3071 1544 3126 illustratio·

514 3167 640 3202 nem
672 3148 905 3201 Cornelii
950 3151 1115 3204 nostri
1156 3151 1415 3205 facientia.
1452 3153 1540 3206 Sic

514 3247 641 3299 ergo
656 3228 757 3280 Dio
770 3227 837 3280 de
850 3230 1109 3301 capitibus
1120 3233 1541 3303 proscriptorum

516 3327 639 3382 pag.
668 3313 769 3366 328
798 3309 882 3365 ed.
908 3313 1045 3364 Hon.
1074 3314 1243 3368 πολλοὶ
1267 3316 1349 3386 μὶν
1370 3314 1464 3385 γὰρ
1490 3318 1538 3368 ἐν

517 3395 628 3453 ταῖς
656 3393 855 3456 οἰκίαις,
900 3396 947 3448 ἓν
973 3415 1030 3447 τι
1058 3397 1170 3456 ταῖς
1202 3397 1429 3465 ἀγοραῖς,
1457 3395 1542 3448 καὶ

515 3473 633 3544 πρὸς
647 3477 749 3534 τοῖς
761 3474 899 3544 ἱεροῖς
908 3469 1164 3545 σποράδην
1181 3475 1544 3539 ἀπικτίννοντο,

460 3585 465 3590 -
517 3551 603 3605 καὶ
629 3553 685 3604 αἴ
707 3573 763 3604 τε
789 3553 995 3622 nonai
1022 3556 1183 3607 αὐτῶν
1207 3553 1291 3608 ἐπὶ
1322 3555 1378 3607 τὸ
1403 3556 1547 3624 βῆμα

518 3631 650 3692 εὐθὺς
674 3633 947 3688 ἀνετίθεντο
962 3656 974 3668 ·
990 3635 1127 3685 multi
1142 3636 1337 3700 quidem
1354 3635 1405 3683 in
1425 3635 1546 3684 aedi-

518 3713 604 3761 bus
628 3725 677 3762 ec
694 3715 869 3778 plateis
889 3725 936 3763 et
954 3715 1003 3763 in
1022 3715 1209 3782 templis
1230 3715 1437 3780 sparsim
1462 3732 1547 3763 oc·-

520 3793 819 3852 cidebantur,
854 3806 1002 3858 atque
1034 3811 1197 3843 eorum
1226 3795 1389 3859 capita
1420 3794 1553 3843 illico

520 3869 569 3921 in
585 3873 769 3922 Rostris
784 3874 1196 3940 proponebantur.
1209 3869 1345 3923 Hinc
1365 3871 1555 3924 intelli-

521 3967 644 4020 gere
678 3949 831 4018 licet,
858 3970 954 4004 cur
988 3952 1211 4006 severus
1244 3951 1429 4004 dixerit
1462 3971 1553 4004 ora

512 4049 662 4095 poene
678 4034 913 4100 spimmia
939 4031 1043 4084 illic
1072 4043 1347 4103 conspecta
1355 4068 1372 4095 ,
1384 4050 1551 4103 quum

522 4125 551 4158 e
576 4109 792 4179 vestigio
826 4109 893 4164 ml
934 4130 1057 4164 eum
1094 4111 1268 4164 locum
1296 4129 1549 4182 raperen-

1621 2130 1726 2169 tur.
1739 2115 1866 2170 Hoc
1881 2128 1960 2169 est
1973 2115 2238 2169 adnotatio
2252 2115 2472 2176 Gai-alti,
2485 2104 2652 2186 qnam

1623 2195 2024 2250 introductionis
2053 2195 2172 2248 loco
2197 2197 2387 2247 nostris
2417 2195 2652 2266 praemit·

1623 2288 1732 2330 tere
1756 2276 1972 2348 placuit.

1697 2374 1745 2409 2.
1756 2363 1816 2407 In
1830 2358 2012 2407 Rostris
2019 2357 2228 2423 jacuere
2245 2358 2362 2415 suis,
2383 2373 2500 2426 que
2518 2352 2653 2406 olim

1625 2434 1990 2506 frequentibus
2026 2433 2373 2487 concionibus
2415 2434 2654 2486 celebra-

1623 2527 1838 2579 verant,
1868 2526 1920 2566 et
1941 2514 2093 2586 quasi
2119 2531 2214 2565 sua
2232 2511 2482 2566 fecerant.
2501 2512 2656 2566 Simi-

1624 2596 1744 2648 liter
1769 2595 1978 2657 Florus‚
2007 2593 2141 2646 Hist.
2177 2595 2329 2645 Rom.
2359 2591 2460 2657 IV,
2487 2597 2551 2661 6,
2581 2597 2612 2649 5
2636 2609 2653 2643 :

1629 2701 1654 2723 ι
1675 2677 1850 2728 Romae
1877 2675 2050 2746 capita
2077 2690 2327 2726 cesorum
2353 2689 2658 2744 proponere

1627 2757 1686 2809 in
1702 2755 1902 2808 Rostris
1916 2757 2026 2826 jam
2043 2754 2290 2806 usitatum
2311 2763 2450 2804 erat:
2469 2771 2657 2805 verum

1630 2836 1705 2888 sic
1731 2853 1946 2907 quoque
1975 2833 2158 2887 civitas
2191 2833 2450 2904 lacrymas
2475 2845 2662 2887 tenere

1630 2935 1745 2969 non
1768 2915 1965 2987 potuit,
1991 2933 2160 2986 quum
2187 2913 2411 2966 recisum
2439 2913 2660 2966 Cicero-

1631 2996 1712 3048 nis
1741 3007 1900 3067 caput
1925 2994 1981 3044 in
2009 2997 2106 3045 illis
2132 2995 2230 3044 suis
2247 2996 2428 3044 Rostris
2447 2991 2659 3046 vida-e-

1631 3088 1720 3128 tur
1731 3077 2072 3128 ..--Abstul2·e
2089 3093 2256 3126 omnes
2273 3071 2516 3125 Gorallus
2532 3091 2661 3126 cuin

1631 3156 1846 3209 Schotto
1871 3153 2123 3226 explicat:
2165 3153 2403 3205 omnium
2425 3151 2663 3224 reliquo-

1627 3253 1748 3288 rum
1782 3253 1880 3306 pro
1913 3233 2112 3290 Rostris
2147 3233 2401 3304 imagines
2433 3251 2542 3286 una
2567 3231 2662 3284 Ci-

1629 3316 1832 3369 ceronis
1872 3315 2170 3370 obscuravit
2184 3355 2199 3379 ‚
2238 3311 2666 3386 praestrinxitque

1629 3394 1840 3448 oculos:
1867 3395 2027 3448 refert
2040 3395 2198 3466 igitur
2209 3413 2376 3444 omnes
2391 3390 2459 3445 ad
2474 3394 2662 3461 imago.

1631 3472 1732 3526 Sed
1753 3474 1938 3527 melius
1956 3477 2152 3526 abstulit
2167 3473 2460 3545 explicatur
2474 3469 2667 3525 avertit

1633 3553 1688 3604 in
1732 3571 1789 3606 se
1831 3573 2014 3607 omnes
2029 3595 2046 3620 ,
2072 3553 2156 3607 vel
2197 3551 2377 3624 potius
2421 3550 2666 3604 omnium

1631 3633 1980 3703 spectantium
2020 3633 2202 3687 oculos
2241 3633 2578 3703 animosque,
2605 3643 2670 3684 ut

1633 3712 2004 3785 interpretatur
2049 3712 2407 3788 Schultingius
2451 3711 2520 3763 ad
2570 3711 2668 3764 Se-

1641 3811 1781 3846 neeae
1819 3793 2028 3846 Suasor.
2065 3805 2118 3845 et
2155 3791 2274 3846 Nic.
2307 3790 2555 3842 Heinsius
2596 3789 2668 3842 ad

1640 3870 1802 3925 Ovid.
1849 3871 1978 3925 Her.
2023 3872 2146 3936 XV,
2193 3877 2309 3934 140.
2364 3869 2671 3923 Rectissime

1641 3951 1708 4006 cl.
1731 3952 2034 4007 Schmidius
2065 3953 2306 4006 versione
2334 3951 2664 4024 germanica:

1641 4035 1782 4085 Ziela
1805 4037 1932 4085 aller
1957 4035 2095 4084 Blick
2119 4035 2223 4103 auf
2233 4035 2336 4084 se'ch
2349 4053 2372 4093 ,·
2391 4032 2672 4101 aufondre

1639 4117 1793 4164 merke
1805 4133 1920 4165 man
1935 4116 2160 4166 ηἰσΙιτ.-
2175 4112 2389 4165 Plenius
2408 4108 2674 4182 eloquitur
