2975 4684
623 451 630 457 .
711 387 1171 456 EPITOME
1230 388 1645 457 ILIADOS
1707 391 2128 464 HOMERI.

2344 399 2480 487 545

458 511 522 576 Ο
561 533 746 578 meus
779 508 1012 596 ardor,
1045 509 1172 593 ait,
1208 509 1324 578 sed
1351 525 1548 578 castae
1578 509 1865 582 Palladis
1896 516 2017 585 ira.

455 621 619 688 Mox
659 617 846 689 illum
881 621 1124 689 nostris
1151 620 1583 690 succumbere
1625 624 1911 717 turpiter
1945 628 2143 696 armis

456 727 834 823 AdspicieS,
880 728 1226 823 aderitque
1261 753 1412 798 meo
1448 730 1777 824 Cytherea
1820 731 2053 805 labori.
2074 767 2109 802 »
2400 765 2475 804 335

551 841 710 906 Post
748 837 890 907 haec
922 836 1232 934 amplexu
1270 863 1390 934 per
1419 854 1655 908 mutua
1694 865 1976 937 corpora
2002 847 2267 939 juncto-

455 946 774 1015 Incubuit
809 948 1128 1016 membris
1159 949 1569 1042 Cygneidos3
1603 949 1717 1020 illa
1756 951 1977 1024 soluto

454 1058 733 1151 Accepit
768 1057 1067 1128 flammas
1095 1059 1347 1152 gremio
1375 1060 1756 1154 Trojaeque‚
1785 1087 2089 1159 suasque.

450 1168 714 1236 Interea
754 1182 898 1236 toto
928 1165 1273 1238 Menelaus
1309 1168 1379 1237 in
1407 1171 1675 1264 agmine
1700 1174 1952 1242 Troum

451 1279 714 1368 Quaerit
749 1275 1231 1366 Alexandrum,
1265 1281 1612 1372 victorque
1648 1282 1785 1350 huc
1810 1283 2026 1354 fertur
2062 1301 2128 1354 et
2156 1287 2331 1360 illuc.
2410 1319 2484 1362 ³40

454 1389 676 1477 Quem
719 1389 924 1458 frater
957 1392 1167 1458 socias
1203 1414 1447 1459 acuens
1492 1391 1561 1458 in
1602 1389 1775 1461 bella
1812 1409 2112 1465 catervas

451 1496 772 1590 Adjuvat‚
815 1513 883 1568 et
917 1499 1073 1567 forti
1107 1498 1332 1592 pulsos
1366 1499 1665 1594 Phrygas
1696 1504 1997 1599 increpat
2034 1531 2185 1593 ore,

457 1606 854 1701 servarique
879 1607 1072 1700 jubet
1106 1604 1315 1702 leges,
1351 1606 1807 1704 Helenamque
1840 1617 2149 1708 reposcit.

549 1719 666 1785 IV.
695 1715 1062 1811 Quumque
1087 1718 1262 1787 inter
1279 1740 1418 1786 sese
1441 1741 1751 1810 proceres
1768 1737 2106 1792 certamen
2127 1715 2447 1798 haberent
2464 1782 2485 1815 ‚

352 1905 458 1957 Pro
494 1921 604 1975 quo
643 1904 707 1957 A.
753 1909 837 1956 Ad
881 1926 1030 1974 quam
1069 1909 1336 1960 Priamides
1354 1947 1372 1968 ,

351 2003 450 2035 non
473 2002 565 2035 meu*

425 2063 546 2116 333.
573 2065 744 2114 cauta
763 2066 984 2116 Palladis
1011 2063 1228 2116 Helmst.
1253 2063 1372 2116 cod.

347 2141 495 2212 quod
521 2141 629 2194 fere
649 2141 854 2194 melius.

424 2220 549 2272 336.
575 2227 690 2272 Post
711 2225 817 2272 ltoee
839 2224 1091 2289 amplexu.
1117 2220 1186 2272 G.
1217 2240 1245 2272 2
1271 2221 1369 2272 ha-

348 2300 437 2352 bet
460 2305 581 2351 Post
610 2304 702 2353 hoe
716 2339 733 2362 ,
774 2311 826 2353 et
861 2300 922 2350 A.
944 2321 1036 2368 per
1062 2315 1226 2352 mama
1261 2319 1372 2351 cor*-

339 2398 468 2446 pora
493 2381 660 2433 victis.
695 2381 814 2433 Non
843 2391 920 2431 est
945 2378 1168 2431 dubium
1188 2420 1203 2446 ,
1245 2379 1369 2433 scri·

345 2469 550 2528 ptorem
573 2459 658 2511 his
683 2459 922 2512 versibus
949 2459 1236 2530 respexisse
1265 2479 1364 2514 no·

346 2547 460 2588 tum
491 2539 668 2590 locum
695 2537 960 2604 Maronis,
985 2537 1333 2590 AEneidvln
1349 2577 1364 2600 ‚

345 2615 448 2678 405
483 2633 498 2668 z
552 2641 574 2664 ιι
602 2617 824 2688 Optatos
873 2615 1019 2668 dedit
1065 2617 1364 2689 amplexus,

345 2694 720 2766 placidumque
744 2696 930 2768 petivit
953 2695 1206 2767 Coniugis
1226 2696 1367 2748 insu-

346 2793 433 2828 sus
461 2775 664 2846 gremio
688 2795 782 2846 per
803 2776 1039 2828 membra
1063 2793 1302 2846 soporem
1320 2800 1361 2827 -.

415 2853 538 2922 337.
560 2857 787 2905 Incubuit
807 2854 874 2906 G.
897 2873 946 2906 2.
972 2855 1036 2906 Α.
1063 2865 1115 2906 et
1133 2855 1194 2904 L.
1217 2853 1365 2924 quod

343 2933 548 3003 pratuli
575 2933 790 3004 vulgato
831 2936 1088 2984 Incumbit.
1136 2933 1238 2984 Pro
1275 2937 1364 2998 &-

337 3013 548 3080 gne-idos
591 3011 655 3063 H.
695 3012 882 3064 vitiose
923 3011 1073 3082 ponit
1110 3015 1360 3065 Emeidos.

343 3090 573 3162 Cygneis
591 3103 768 3143 autem
789 3091 992 3144 Helena
1009 3102 1364 3162 nuncupatur,

339 3167 486 3239 quod
531 3169 639 3220 filia
691 3170 838 3223 Jovis
873 3164 929 3220 in
973 3187 1205 3240 cygnum
1245 3187 1362 3222 con-

345 3247 480 3300 versi
504 3245 850 3300 credebatur:
893 3247 1026 3300 illud
1057 3264 1251 3300 nomen
1275 3265 1364 3300 ne-

341 3327 488 3388 scio,
529 3345 596 3378 an
637 3326 769 3380 alius
809 3339 963 3399 poeta
1005 3327 1362 3396 usurpaverit,

339 3423 664 3476 quamquam
703 3429 727 3452 ιι
755 3423 954 3478 cygneo
985 3403 1128 3458 edita
1145 3404 1363 3478 Tynda-

339 3483 412 3536 ris
439 3503 542 3536 ovo
567 3509 590 3530 ι·
629 3483 824 3536 dieitur
849 3503 882 3537 a
911 3485 1060 3554 Virg.
1099 3483 1247 3556 Eleg.
1291 3485 1358 3538 sd

338 3562 544 3616 messal.
583 3581 667 3634 27,
724 3575 776 3616 et
813 3563 928 3634 ipsa
971 3562 1174 3616 Helena
1212 3563 1356 3636 apud

317 3641 496 3703 Ovid.
525 3641 650 3694 Her.
683 3641 873 3703 xvll,
911 3640 1006 3694 55:
1047 3665 1069 3688 ·
1094 3642 1199 3693 Dat
1227 3639 1360 3694 mihi

339 3719 481 3774 Leda
519 3720 732 3786 Iovem,
767 3737 944 3792 cygno
981 3719 1230 3790 decepta,
1265 3737 1364 3792 pa-

337 3809 542 3851 rentem
569 3825 612 3852 ν».

411 3878 531 3930 338.
561 3883 809 3930 Mammas
835 3880 1095 3946 ijoeque
1126 3897 1358 3945 suasque.

339 3959 509 4009 Acute
530 3955 598 4010 de
616 3957 804 4012 Paride
819 3997 834 4024 ,
853 3957 1004 4028 cujus
1023 3974 1174 4008 amor
1191 3957 1244 4008 in
1264 3957 1364 4009 He·

336 4035 512 4086 lenam
548 4036 762 4090 exitium
785 4038 960 4108 Trojae
997 4035 1206 4088 futurus
1233 4047 1360 4088 erat.

339 4111 566 4166 Videtur
594 4126 644 4168 et
666 4117 772 4169 hoc
793 4115 996 4170 dictum
1019 4133 1084 4167 eo
1110 4116 1228 4167 loco
1255 4115 1362 4186 epi-

547 4209 682 4274 III.

1463 1910 1608 1962 stolae
1645 1910 1849 1966 Paridis
1892 1914 2034 1986 apud
2066 1916 2321 1971 Ovidium
2356 1921 2487 1988 niti,

1463 1985 1683 2042 Her-oid.
1716 1991 1881 2056 XVI,
1924 1994 1990 2056 45
2032 2011 2144 2064 seq.
2190 2015 2297 2067 quo
2338 1999 2485 2052 Paris

1460 2068 1725 2120 somnium
1779 2070 1959 2122 matris
2012 2091 2147 2135 suae,
2203 2094 2319 2146 quae
2362 2091 2483 2131 ante

1459 2142 1605 2198 diem
1650 2159 1831 2217 partus
1876 2149 1985 2202 visa
2024 2163 2138 2204 erat
2181 2153 2351 2207 facem
2399 2175 2487 2209 ar-

1458 2221 1671 2278 dentem
1713 2245 1927 2296 parere,
1965 2229 2033 2281 de
2079 2231 2269 2285 ardore
2312 2236 2475 2288 animi

1456 2301 1539 2352 sui
1582 2302 1758 2379 Trojoe
1803 2307 2020 2361 exitioso
2062 2309 2435 2382 interpretatur
2464 2334 2478 2368 :

1459 2405 1482 2426 ι
1504 2381 1755 2434 Arsuram
1775 2382 1982 2439 Paridis
2006 2399 2151 2440 vates
2178 2390 2319 2442 canit
2343 2393 2478 2446 Ilion

1455 2457 1592 2528 igni3
1621 2458 1871 2524 Pectoris,
1892 2479 1951 2516 ut
1968 2483 2113 2518 nunc
2132 2480 2239 2531 est,
2265 2470 2350 2522 fax
2378 2471 2479 2524 fuit

1453 2536 1545 2589 illa
1576 2539 1683 2590 mei
1704 2565 1749 2590 ι..

1526 2617 1648 2687 339.
1689 2625 1750 2670 In
1786 2625 1985 2689 agmine
2024 2628 2217 2676 Troum.
2255 2625 2473 2683 Helmst.

1455 2698 1521 2746 ab
1554 2700 1767 2765 agmine.

1528 2773 1645 2837 341.
1673 2781 1871 2836 Frater,
1912 2779 2291 2850 Agamemnon.
2314 2815 2385 2824 —-
2404 2793 2475 2837 A·

1453 2871 1602 2904 cuens
1641 2859 1692 2905 in
1726 2859 1908 2922 proele'a
1952 2861 2157 2909 dcxv-as
2204 2860 2267 2912 H.
2312 2863 2437 2933 legit
2454 2905 2471 2929 ,

1453 2930 1547 2983 sed
1590 2931 1659 2983 ab
1700 2933 1800 2984 alia
1848 2951 2009 2986 manu
2053 2939 2353 3008 appositum
2396 2955 2473 2995 est

1451 3014 1501 3062 in
1538 3014 1669 3062 bella
1698 3027 1936 3065 catenas.

1526 3089 1650 3154 342.
1679 3094 1885 3158 Populos
1908 3095 2129 3160 Phrygas
2157 3095 2382 3168 scriptus
2405 3101 2467 3152 A.

1449 3181 1501 3222 et
1544 3168 1778 3239 impressi
1824 3167 2045 3231 habent3
2094 3183 2148 3222 et
2187 3173 2431 3228 Bau-thius
2453 3217 2467 3242 ,

1449 3245 1583 3300 Adv.
1608 3265 1725 3320 pag.
1752 3264 1888 3317 ²770
1904 3285 1921 3310 ,
1952 3247 2054 3301 hoc
2076 3249 2339 3322 eleganter
2360 3254 2467 3308 dici

1451 3323 1695 3378 adfirmat
1711 3367 1727 3392 ,
1752 3324 1843 3378 sed
1880 3327 2164 3380 exercitum
2205 3332 2288 3384 vel
2326 3334 2467 3387 mili-

1449 3417 1555 3457 tem
1581 3405 1755 3457 solum
1774 3405 2019 3476 intelligi:
2046 3407 2104 3458 in
2125 3426 2232 3479 quo
2262 3410 2352 3464 ille
2372 3410 2467 3464 nd-

1449 3482 1671 3537 modum
1698 3483 1859 3538 falsus
1882 3497 1991 3550 est;
2020 3505 2144 3538 nam
2168 3487 2281 3541 sine
2302 3489 2468 3543 dubio

1447 3563 1633 3616 vitiosa
1654 3562 1769 3614 haec
1788 3563 1941 3614 lectio
1963 3577 2063 3628 est,
2086 3565 2471 3639 legendumque

1451 3643 1759 3695 auctoritate
1779 3639 1978 3695 codicis
2002 3642 2067 3693 H.
2091 3653 2143 3694 et
2166 3644 2230 3696 G.
2256 3665 2283 3696 α
2300 3651 2471 3714 pulsos

1451 3725 1687 3790 Phrygas.

1525 3801 1647 3864 343.
1676 3801 2113 3868 δοηανίᾳιισῙαόσε
2132 3821 2149 3850 .·
2169 3801 2243 3854 sic
2266 3803 2329 3856 Η.
2348 3805 2417 3858 G.
2438 3827 2465 3858 a

1452 3892 1502 3932 et
1537 3882 1601 3931 A.
1643 3896 1933 3944 servareque
1965 3875 2110 3946 jubet
2147 3880 2206 3932 L.
2253 3882 2469 3953 reliqum

1451 3957 1573 4011 edd.
1594 3958 1791 4010 habent
1822 3961 1887 4007 Ec
1911 3976 2103 4008 servare
2124 3962 2291 4027 jubet,
2328 3963 2474 4033 quod

1457 4039 1634 4089 minus
1654 4032 1996 4088 commodum
2017 4047 2112 4088 est.

1532 4117 1653 4179 344.
1697 4119 1945 4167 Certamen
1982 4119 2230 4170 haberent.
2270 4119 2477 4174 phrasis

2054 4203 2141 4276 35
