2975 4684
532 383 619 428 aa
1038 355 1174 424 DE
1236 354 1661 424 LUCILIO
1719 355 2168 426 JUNIORE

527 483 846 576 significat
870 485 988 572 (r).
1020 486 1167 550 Hoc
1216 505 1423 575 genus
1464 484 2014 574 philosophorum
2058 484 2352 574 inprimis
2401 505 2670 574 operam

528 591 784 657 dedisse
848 607 1103 656 constat
1148 593 1391 656 caussis
1436 613 1658 656 rerum
1699 591 2088 656 naturalium
2131 589 2514 680 indagandis
2535 637 2556 672 ,
2591 606 2674 654 ut

506 681 721 764 'vanas
752 698 1099 764 hominum
1130 699 1584 787 persuasiones
1617 697 2244 788 superstitionesque
2277 697 2616 762 vincerent
2650 719 2667 762 ε

526 821 603 882 ut
637 805 865 872 fecisse
896 805 1277 874 Lucretium
1308 804 1487 870 libris
1523 804 1606 870 de
1637 807 1886 870 Rerum
1917 805 2163 872 Natura
2190 803 2488 870 videmus
2504 851 2524 880 ‚
2547 801 2674 868 ho·

526 913 773 978 minem
800 913 940 984 sine
968 912 1173 978 dubio
1201 913 1618 1002 Epicureum.
1647 913 1999 978 Enimvero
2029 912 2311 1000 scriptor
2333 911 2552 978 AEtuae
2578 911 2674 980 sic

527 1018 813 1084 Lucretii
836 1019 1107 1108 vestigia
1138 1020 1452 1109 sequitur,
1477 1020 1570 1086 sic
1601 1020 1670 1085 in
1701 1041 1956 1088 caussas
1979 1017 2222 1086 AEtnaei
2254 1015 2542 1082 incendii
2571 1017 2676 1082 in·-

527 1125 764 1214 quirit,
813 1125 906 1190 sic
960 1125 1207 1212 fabulas
1258 1127 1494 1194 multas
1549 1143 1614 1192 et
1658 1127 1885 1192 inanes
1933 1125 2284 1190 hominum
2325 1123 2676 1213 opiniones

526 1231 768 1296 refutat
787 1280 808 1315 ,
852 1248 929 1297 ut
956 1233 1235 1298 subinde
1260 1234 1566 1323 Epicurei
1591 1250 1660 1300 et
1686 1233 1970 1300 Lucretii
2005 1253 2350 1321 personam
2381 1229 2676 1296 induisse

528 1336 846 1420 videatur,
888 1361 1289 1427 quamquam
1332 1340 1472 1406 aliis
1517 1340 1738 1408 multis
1785 1340 1856 1404 in
1901 1339 2098 1404 rebus
2117 1387 2139 1421 ,
2178 1353 2258 1404 ut
2298 1337 2366 1401 iu
2413 1358 2677 1402 summo

532 1443 753 1534 aliquo
788 1447 1095 1530 numine,
1122 1448 1377 1530 AEtnae,
1409 1464 1742 1537 tamquam
1766 1469 2015 1538 magnas
2043 1446 2359 1512 machinas
2378 1492 2398 1527 ,
2443 1443 2676 1510 mode·-

533 1565 745 1614 ratore
768 1552 1183 1641 agnoscendo
1198 1601 1221 1637 ,
1258 1555 1516 1620 Senecae
1547 1554 1796 1644 placitis
1823 1554 2026 1643 magis
2049 1551 2352 1618 adhaeret.
2450 1539 2457 1544 ⁵

620 1656 859 1722 Poema
886 1657 1153 1728 AEtnam
1184 1676 1478 1726 montem
1495 1710 1515 1745 ‚
1555 1661 2022 1750 regionemque
2057 1657 2196 1739 ejus
2217 1706 2238 1740 ‚
2284 1673 2578 1720 nanu-am
2611 1671 2680 1720 et

535 1783 789 1828 caussas
818 1765 985 1854 ignis
1020 1781 1153 1834 tam
1188 1783 1485 1832 accurate
1513 1766 1821 1832 describit
1837 1814 1856 1849 ,
1885 1781 1962 1829 ut
1977 1779 2304 1853 appareat,
2341 1777 2678 1828 auctorem

534 1867 652 1936 diu
687 1871 755 1935 in
787 1871 999 1938 Sicilia
1028 1890 1510 1940 commoratum
1545 1895 1686 1938 esse
1705 1921 1726 1956 ‚
1763 1873 2048 1961 satisque
2083 1871 2199 1936 otii
2235 1869 2570 1952 habuisse,
2601 1883 2682 1932 ut

496 1965 503 1974 ’
532 1978 965 2044 eructationes
994 1981 1237 2044 montis
1264 1981 1483 2068 plures
1521 1995 1588 2044 et
1613 1977 1940 2060 flammas,
1975 1993 2044 2042 et
2069 1975 2302 2042 modos
2333 1991 2402 2040 et
2431 1973 2682 2038 vicissi-

536 2080 795 2147 tudines
825 2085 1111 2148 incendii
1144 2084 1489 2174 diligenter
1519 2085 1863 2150 observare
1899 2097 2140 2172 posset.
2167 2083 2384 2166 Quam
2415 2081 2504 2144 ob
2541 2101 2682 2143 rem

538 2187 685 2273 quis
720 2189 969 2254 Lucilio
1006 2191 1039 2254 J
1046 2189 1277 2254 uniore
1316 2190 1527 2278 aptior
1569 2207 1636 2256 et
1672 2190 2052 2282 instructior
2083 2188 2168 2254 ad
2207 2209 2464 2254 carmen
2505 2185 2684 2251 istud

539 2291 961 2358 scribendum
1014 2295 1421 2383 reperiatur?
1464 2297 1581 2384 qui
1649 2311 1926 2361 testante
1985 2296 2225 2360 Seneca
2282 2293 2684 2384 provinciam

538 2398 767 2464 Siciliae
804 2399 1199 2464 Procurator
1242 2401 1775 2482 administrabat,
1827 2418 2100 2488 eamque
2151 2399 2456 2465 laudabat
2499 2421 2685 2464 sum-

541 2527 807 2594 mopere
830 2554 849 2587 ,
906 2505 1089 2594 quod
1138 2523 1205 2570 et
1252 2529 1592 2572 summum
1639 2507 1849 2575 otium
1895 2507 2214 2596 praeberet
2263 2507 2382 2571 sibi
2405 2554 2426 2588 ,
2481 2521 2547 2570 et
2585 2520 2688 2570 tot

542 2611 739 2676 rebus
782 2613 1134 2700 provinciae
1180 2613 1584 2678 mirabilibus
1627 2613 1868 2702 largam
1911 2613 2244 2678 materiam
2297 2611 2496 2678 studii
2542 2612 2685 2694 sui,
2763 2653 2771 2658 -

541 2720 607 2784 in
636 2742 856 2784 rerum
876 2720 1273 2784 naturalium
1296 2721 1696 2785 scrutatione
1717 2719 2060 2786 exercendi
2073 2719 2192 2809 (2),
2221 2717 2684 2808 suppeditaret.

543 2825 847 2892 Studium
880 2827 1013 2892 hoc
1044 2825 1269 2892 Lucilii
1296 2826 1538 2890 crebris
1566 2825 1770 2892 liter-is
1795 2827 2110 2892 excitabat
2142 2827 2282 2915 ipse
2305 2825 2547 2890 Seneca
2571 2823 2684 2912 (3).

614 3073 697 3140 (ι)
726 3069 871 3124 vide
886 3069 1128 3142 inprimis
1147 3067 1421 3141 epistolam
1442 3086 1597 3123 xxm.
1617 3069 1720 3125 Sed
1751 3069 1941 3122 favisse
1959 3069 2190 3142 Epicuro
2208 3069 2278 3122 ita
2298 3069 2564 3122 Lucilium
2581 3067 2689 3121 exi-

545 3161 726 3224 stimo,
740 3171 799 3212 ut
814 3157 1069 3214 Senecam
1090 3159 1205 3230 ejus
1230 3157 1484 3222 amicum,
1500 3158 1596 3230 qui
1611 3159 1780 3212 multa
1795 3157 2011 3230 Epicuri
2029 3157 2476 3230 apophthegmata
2495 3156 2691 3228 passim

542 3246 757 3312 laudat,
786 3247 909 3300 licet
942 3263 1157 3300 omnem
1192 3246 1305 3317 ejus
1340 3243 1678 3318 disciplinam
1715 3263 1827 3298 non
1862 3258 2134 3319 sequatur.
2173 3246 2385 3318 Lipsius
2425 3243 2496 3298 ad
2532 3245 2688 3298 verba

546 3336 699 3392 dictas
746 3335 977 3410 epistola
998 3374 1017 3402 ,
1052 3361 1077 3382 ι
1096 3335 1315 3389 Possum
1353 3353 1536 3388 vocem
1579 3335 1676 3390 tibi
1713 3335 1934 3408 Epicuri
1969 3335 2052 3390 tui
2086 3334 2308 3388 reddere
2327 3360 2384 3399 n,
2403 3331 2689 3412 adscribit:

548 3454 571 3474 ι.
592 3425 735 3499 Ergo
770 3425 828 3478 in
871 3425 937 3478 iis
974 3425 1157 3478 castris
1197 3424 1471 3481 Lucilius?
1492 3437 1752 3498 apparet:
1781 3445 1880 3480 nec
1917 3425 2022 3480 alia
2059 3444 2242 3480 caussa
2281 3424 2502 3479 fortasse
2539 3421 2693 3475 toties

548 3515 709 3588 hujus
736 3513 877 3568 dicta
910 3515 1144 3568 inculcat
1166 3541 1212 3566 a.

620 3607 701 3673 (2)
734 3603 957 3667 Seneca,
984 3602 1175 3656 Natur.
1204 3603 1315 3668 Qu.
1346 3601 1473 3655 libri
1501 3601 1580 3654 lv
1608 3601 1789 3656 initio:
1820 3629 1846 3648 a
1865 3602 2099 3657 Delectat
2130 3613 2213 3667 te,
2241 3597 2694 3673 quemadmodum

550 3693 735 3748 scribis
748 3730 765 3756 ,
785 3691 959 3745 Lucili
979 3691 1218 3745 virorum
1240 3690 1439 3764 optime
1456 3727 1474 3755 ,
1493 3689 1669 3745 Sicilia
1682 3730 1697 3755 ,
1720 3703 1774 3745 et
1793 3690 2034 3745 officium
2055 3689 2438 3764 procurationis
2457 3689 2640 3744 otiose
2655 3713 2692 3738 n.

550 3783 621 3834 Et
660 3781 833 3853 eapite
879 3797 902 3832 1
950 3781 1063 3852 ejus
1104 3779 1256 3832 libri:
1296 3806 1321 3826 α
1341 3781 1528 3852 Itaque
1567 3791 1627 3833 ut
1669 3792 1723 3834 te
1759 3791 1869 3833 tota
1905 3791 2079 3834 mente
2119 3778 2380 3834 abducam
2398 3815 2416 3843 ,
2454 3776 2696 3849 quamvis

550 3870 719 3948 multa
756 3869 950 3924 habeat
983 3869 1159 3924 Sicilia
1192 3870 1249 3922 in
1290 3889 1347 3923 se
1381 3869 1628 3943 circaque
1666 3889 1722 3924 se
1755 3869 2050 3934 mirabilia;
2091 3887 2275 3924 omnes
2315 3865 2528 3920 iuterim
2571 3884 2693 3938 pro-

550 3959 738 4013 vinciae
768 3971 873 4012 tuse
909 3959 1225 4030 quaestiones
1260 3959 1572 4031 protei-ibe,
1604 3970 1707 4012 etc.
1727 3985 1753 4004 a

622 4047 705 4118 (3)
742 4048 809 4100 In
837 4047 953 4120 ipso
987 4057 1229 4119 poemate
1264 4057 1451 4101 auctor
1484 4045 1709 4101 subinde
1757 4046 1832 4100 ita
1865 4045 1934 4100 de
1955 4048 2116 4100 AEtua
2151 4043 2388 4118 loquitur
2407 4083 2424 4110 ,
2461 4054 2524 4096 ut
2562 4051 2696 4093 tam-

551 4155 710 4208 quam
739 4135 1055 4191 miraculum
1082 4148 1287 4190 naturae
1316 4145 1437 4190 aute
1461 4134 1621 4208 pedes
1657 4134 1790 4190 etin
1817 4145 2106 4207 conspectu
2131 4131 2360 4204 positum
2383 4129 2496 4186 suis
2521 4126 2693 4183 homi·
