2975 4684
728 359 992 428 EDIT.
1044 360 1172 428 ET
1223 357 1692 430 INTERPR.
1747 355 2077 426 AETNAE.
2373 357 2465 432 33

339 507 482 556 tum
511 487 726 554 Severi
756 486 840 551 de
871 501 1082 550 morte
1107 487 1468 567 Ciceronis,
1494 501 1573 550 ut
1600 507 1831 550 eorum
1862 483 2177 551 editiones
2205 503 2269 552 et
2297 511 2471 554 com-

343 609 732 661 mentatores
793 615 1187 658 enarremus.
1245 591 1509 659 AEtnam
1566 591 1849 680 antiquis
1909 592 2311 680 temporibus
2363 599 2470 663 vix

341 721 668 776 seorsum,
693 697 808 763 sed
832 699 1004 762 inter
1029 699 1338 788 opuscula
1368 715 1432 763 et
1459 698 1774 763 Catalecta
1797 696 2047 787 Virgilii
2072 697 2309 766 editam
2332 725 2470 770 esse

341 821 614 871 constat.
639 805 792 868 Haec
807 803 938 884 jam
963 803 1238 892 principi
1255 803 1503 894 Virgilii
1524 801 1796 868 editioni
1816 823 2257 892 accesserunt,
2276 834 2472 900 quam

341 913 668 1002 duplicem
711 913 809 977 Jo.
850 910 1178 992 Andreas,
1203 911 1561 999 Episcopus
1596 909 1943 974 Aleriensis
1964 957 1982 990 ‚
2022 911 2247 979 Romoe
2290 942 2466 990 anno

349 1020 515 1106 1467
538 1020 640 1083 vel
675 1018 840 1103 1469
865 1016 1232 1081 adornavit..
1251 1017 1498 1080 Harum
1524 1017 1591 1078 in
1620 1017 1815 1080 altera
1835 1030 1900 1078 et
1923 1021 2279 1102 posteriore
2299 1045 2473 1096 certe

341 1123 540 1190 AEtna
561 1170 580 1205 ,
609 1122 774 1187 Ciris
805 1137 872 1186 et
908 1122 1221 1186 Catalecta
1256 1119 1644 1210 prodierunt
1661 1165 1679 1202 ,
1712 1144 1919 1209 quum
1962 1123 2169 1213 prima
2216 1145 2473 1198 tantum

343 1231 563 1312 Diras,
591 1230 864 1317 Copam,
891 1226 1181 1316 Priapeia
1207 1243 1274 1291 et
1301 1226 1615 1291 nonnulla
1646 1228 1766 1293 alia
1792 1233 2483 1328 exhiberet.Vid.Hey-

343 1338 532 1420 nius,
559 1352 742 1400 tomo
783 1337 812 1400 Ι
853 1335 1030 1424 Virg.
1082 1357 1225 1424 pag.
1262 1335 1379 1417 46,
1412 1349 1478 1398 et
1531 1335 1598 1397 in
1636 1334 2005 1420 Addendis,
2046 1357 2226 1406 tomo
2259 1345 2371 1427 IV,
2405 1368 2473 1435 p.

347 1442 494 1530 198.
526 1443 816 1531 Sequuta
841 1456 940 1504 est
957 1440 1202 1504 Veneta
1238 1445 1433 1527 1473,
1464 1440 1573 1504 fol.
1606 1462 1721 1528 per
1750 1443 2035 1509 Barthol.
2067 1448 2474 1516 Cremonen-

343 1573 478 1614 sem
495 1599 514 1632 ‚
539 1573 682 1637 quae
705 1547 974 1635 repetita
997 1560 1096 1612 est
1115 1547 1338 1610 Romae
1374 1545 1537 1632 1473
1561 1595 1579 1626 ,
1601 1547 1712 1610 fol.
1742 1548 2095 1615 Mediolani
2130 1557 2295 1642 1474
2314 1603 2333 1638 ,
2358 1558 2473 1624 fol.

343 1657 716 1742 iterumque
749 1654 1040 1719 Venetiis
1086 1675 1204 1742 per
1253 1652 1395 1717 Nic.
1428 1655 1665 1718 Jenson
1689 1701 1708 1736 ,
1751 1655 1913 1743 1475
1935 1706 1953 1735 ,
1990 1658 2102 1722 fol.
2136 1661 2478 1728 Accedunt

343 1758 662 1826 editiones
679 1759 929 1850 Virgilii
951 1757 1356 1824 Ascensianae
1383 1779 1534 1822 cum
1564 1760 1894 1848 opusculis
1925 1761 2280 1847 adjunctis,
2310 1767 2484 1832 Pari-

343 1867 454 1932 siis
507 1864 672 1931 1500
717 1866 830 1930 fol.
884 1863 1060 1953 apud
1104 1865 1202 1928 10.
1247 1863 1440 1945 Petit,
1486 1863 1689 1945 1505,
1730 1866 1841 1929 fol.
1896 1867 2082 1955 1507,
2114 1869 2226 1934 fol.
2279 1871 2477 1956 1515,

341 1974 512 2040 ixa-8.
543 1973 872 2063 Opuscula
902 1973 1004 2036 vel
1031 1970 1346 2036 Catalecta
1373 1971 1658 2060 Virgilii,
1706 1972 2055 2053 majoribus
2090 1978 2227 2056 ejus
2261 1980 2480 2068 operi-

339 2079 468 2146 bus
503 2080 808 2162 adjuncta
827 2127 846 2159 ,
890 2100 1040 2142 cum
1088 2076 1603 2142 enarrationibus
1654 2080 1921 2144 Domitii
1966 2081 2288 2148 Calderini
2330 2109 2483 2174 pro-

341 2186 645 2268 dierunt,
681 2185 822 2251 sine
872 2182 1185 2248 adnotato
1231 2180 1675 2270 impressionis
1712 2184 1891 2267 loce,
1943 2187 2107 2264 1483
2134 2238 2151 2271 ,
2202 2189 2311 2256 fol,
2352 2195 2477 2257 ite·

340 2314 626 2379 rumque
650 2290 937 2356 Venetiis
965 2311 1082 2378 per
1115 2287 1470 2378 Georgium
1505 2289 1974 2356 Arrivabenum
2006 2294 2438 2363 Mantuanum
2462 2349 2485 2386 ,

348 2399 554 2486 1489,
591 2399 704 2462 fol.
741 2413 808 2461 et
854 2418 972 2485 per
1014 2394 1296 2460 Barthol.
1328 2393 1410 2458 de
1443 2395 1684 2458 Zannis
1711 2443 1730 2476 ‚
1787 2395 1990 2480 1508,
2031 2400 2141 2466 fol.
2177 2401 2346 2467 Cum
2384 2407 2479 2470 fa-

339 2505 574 2572 miliari
609 2503 1012 2593 expositione
1033 2550 1054 2583 ,
1101 2499 1318 2564 nescio
1353 2501 1537 2580 cujus
1558 2549 1575 2584 ,
1612 2504 1923 2589 opuscula
1944 2505 2195 2596 Virgilii
2220 2510 2478 2596 prodita

339 2611 652 2677 dicuntur
702 2609 1104 2701 Argentinae‚
1149 2631 1266 2696 per
1326 2609 1424 2673 Io,
1481 2608 1873 2674 Knoblauch
1916 2611 2227 2701 impressa
2273 2617 2475 2706 1509,

337 2719 526 2799 in-43
559 2719 714 2781 item
746 2716 1001 2794 Poreae,
1039 2711 1241 2794 1510,
1275 2713 1465 2796 iri-43
1499 2736 1649 2778 cum
1674 2713 1851 2779 Badii
1869 2719 2159 2782 Ascensii
2190 2739 2255 2785 et
2280 2723 2472 2800 Dom.

339 2823 667 2888 Calderini
707 2821 1106 2909 expositione
1147 2817 1485 2907 Lugduni,
1522 2819 1711 2907 1517,
1756 2819 1867 2886 fol.
1908 2823 2109 2888 Aldus
2137 2826 2473 2898 Manutius

335 2927 603 2993 AEtnam
649 2929 820 2991 inter
859 2925 1385 3014 OpusculaVirg.
1424 2923 1627 2990 edidit
1666 2924 1857 3013 1517.
1890 2929 2045 2992 Aliae
2082 2932 2301 2997 multae
2332 2935 2473 3002 edi·

337 3036 552 3100 tiones
600 3027 1064 3121 praetereundae
1108 3042 1293 3110 sunt,
1331 3044 1406 3093 ut
1443 3029 1910 3094 Pulmanniana
1950 3031 2199 3124 Virgilii
2229 3037 2431 3106 editio
2450 3090 2469 3125 ,

337 3141 670 3226 Antwerp.
713 3135 871 3202 1561
895 3183 912 3217 ,
964 3134 1111 3198 111-8
1132 3182 1151 3215 ,
1201 3155 1350 3198 011111
1404 3133 1543 3197 aliis
1592 3156 1749 3221 quas
1798 3136 1921 3224 ipsi
1972 3138 2135 3204 infra
2186 3163 2225 3206 a
2278 3146 2469 3212 nobis

335 3259 678 3332 usurpatas
713 3241 1148 3306 nominamus.
1183 3239 1424 3303 Praeter
1451 3238 1833 3327 Virgilianas
1876 3241 2193 3310 editiones
2231 3249 2471 3340 legitur

335 3350 564 3432 AEtna,
606 3347 729 3412 sub
765 3345 1046 3411 Cornelii
1083 3345 1300 3409 Severi
1327 3342 1595 3408 nomine
1615 3393 1633 3427 ,
1665 3345 1736 3408 in
1766 3345 2065 3438 Scaligeri
2092 3353 2469 3442 Appendice

333 3457 562 3545 Virgil.
585 3477 729 3544 pag.
760 3453 865 3536 31,
888 3475 1040 3550 cum
1071 3450 1372 3540 Scaligeri
1405 3465 1470 3514 et
1504 3447 1969 3542 Lindenbrogii
2002 3455 2070 3518 in
2108 3479 2251 3522 eam
2282 3466 2465 3528 msti-

331 3560 706 3654 gationibus
723 3576 789 3623 et
805 3557 1286 3623 commentariis
1301 3584 1318 3640 ;
1341 3579 1599 3621 necnon
1614 3557 1683 3620 in
1702 3557 1935 3624 Pithoei
1955 3561 2240 3629 Poemat.
2260 3584 2461 3636 veter.

333 3693 479 3762 pag.
507 3690 630 3754 192
655 3716 672 3748 ,
709 3665 864 3731 edit.
887 3665 1093 3755 Lugd.
1131 3665 1328 3751 15963
1359 3665 1517 3727 item
1548 3664 1719 3728 inter
1740 3667 1951 3755 Opera
1982 3687 2049 3734 et
2080 3672 2463 3762 Fragmenta

330 3791 628 3841 veterum
677 3771 1023 3837 Poetarum
1067 3770 1446 3836 Latinorum
1492 3793 1529 3833 a
1574 3769 1894 3836 Maium-io
1939 3774 2107 3839 edita
2127 3825 2143 3853 ,
2194 3781 2319 3844 vol.
2354 3781 2461 3865 11,

333 3903 477 3970 pag.
527 3877 714 3942 1583.
785 3876 1086 3966 Scaligeri
1137 3891 1202 3940 et
1250 3873 1716 3964 Lindenbrogii
1770 3895 1958 3943 notas
2015 3879 2082 3944 in
2144 3883 2463 3953 Catalecta

333 3985 597 4074 repetiit
627 3983 952 4047 luculenta
985 3981 1183 4048 editio
1204 3980 1451 4070 Virgilii
1477 3983 1897 4066 Masviciana,
1930 3986 2239 4054 Leovard.
2273 4015 2466 4081 1717,

585 4092 728 4158 III.
2140 4091 2183 4165 3
