2975 4684
482 372 646 445 272·
1233 346 1772 417 Excnnsns
1836 346 1867 413 1

474 470 878 559 amplissimae
899 518 916 551 ‚
947 464 1062 533 sed
1095 470 1288 533 etiam
1315 469 1603 533 minimae
1631 466 1809 531 laudi
1838 467 2121 530 lauream
2150 466 2542 531 concessisse
2561 497 2610 530 n.

477 571 658 635 Idem
680 619 698 651 ,
723 571 835 634 lib.
867 570 1010 645 XV,
1034 571 1239 658 Epist.
1267 569 1310 633 6
1329 618 1346 651 ,
1382 568 1419 633 3
1447 620 1464 651 ,
1496 600 1523 625 α
1544 572 1759 652 Quem
1796 590 1918 657 ego
1942 590 2211 631 currum
2231 617 2250 652 ,
2272 585 2386 633 aut
2406 592 2605 657 quam

473 674 760 737 lauream
787 694 939 734 cum
969 684 1084 733 tua
1113 670 1485 735 laudatione
1518 669 1881 734 conferrem
1904 701 1951 733 ιι.
1974 668 2203 733 Monet
2224 670 2417 733 etiam
2434 672 2615 736 Grae-

478 776 622 839 vius
659 773 740 837 ad
778 790 940 837 orat.
992 772 1124 838 Cic.
1177 774 1246 836 in
1289 772 1415 837 Pis.
1452 774 1496 837 l.
1550 794 1606 836 c.
1656 772 1913 835 laudem
1948 773 2081 835 fere
2124 770 2341 835 Tullio
2388 788 2617 835 notare

481 886 548 939 τὰ
579 886 817 938 ἐπαινιτὰ.
861 885 906 936 ἐν
945 886 1044 944 τοῖς
1080 884 1348 945 πολιτικοῖς
1383 884 1667 956 πράγματα.
1704 882 1790 935 καὶ
1822 874 2197 953 σπουὸἧματα,
2240 890 2306 938 et
2340 872 2617 939 honesta

478 980 830 1045 hominum
867 978 950 1043 de
983 980 1061 1043 iis
1091 978 1353 1060 judicia.
1391 978 1481 1043 Ut
1504 979 1573 1042 in
1607 980 1808 1042 Bruto
1838 1000 1853 1043 ε
1885 1008 1911 1034 α
1935 980 2019 1041 At
2036 1001 2192 1043 vero
2224 996 2401 1043 extra
2436 980 2618 1044 Groe·

480 1082 646 1147 ciam
690 1103 922 1169 magna
953 1079 1216 1143 dicendi
1250 1079 1466 1145 studia
1499 1081 1801 1161 fuerunt,
1840 1079 2231 1168 maximique
2254 1080 2411 1146 huic
2439 1081 2615 1146 laudi

482 1186 689 1249 habiti
718 1185 1008 1248 honores
1047 1182 1294 1246 illustre
1345 1204 1590 1247 nomen
1626 1198 1961 1247 oratorum
1989 1181 2417 1247 reddiderunt
2434 1213 2484 1247 ιι.
2534 1184 2619 1247 Et

481 1312 602 1376 pro
625 1286 889 1351 Plancio
921 1310 936 1351 τ
970 1286 1192 1373 Itaque
1226 1287 1285 1347 si
1321 1307 1519 1374 quam
1540 1284 1739 1347 habeo
1772 1282 2048 1349 laudem.
2090 1283 2319 1371 Neque
2347 1285 2619 1349 reticere

482 1410 751 1475 possum
779 1386 1095 1450 rationem
1127 1386 1161 1449 J
1167 1432 1182 1449 .
1207 1384 1300 1450 Μ.
1333 1384 1722 1474 Heusingeri
1741 1431 1760 1466 ,
1792 1385 1879 1449 ob
1914 1407 2109 1473 qnam
2136 1384 2203 1448 in
2230 1408 2425 1451 versu
2448 1386 2619 1451 Cice-

480 1488 756 1553 roniano
789 1486 1196 1578 probabilius
1225 1486 1444 1569 laudi,
1501 1510 1698 1575 quam
1744 1486 1989 1573 linguae
2029 1486 2155 1575 legi
2200 1502 2387 1575 putet
2420 1510 2615 1553 :nam

482 1592 746 1673 laurea,
803 1589 1060 1677 inquit,
1112 1589 1402 1677 primum
1457 1590 1678 1652 minus
1715 1604 1890 1652 recte
1940 1589 2297 1675 opponitur
2336 1589 2615 1676 linguoe,

485 1714 681 1781 quam
703 1691 932 1773 laudi,
966 1689 1035 1753 id
1064 1706 1162 1755 est
1189 1735 1209 1773 ‚
1250 1688 1613 1775 honorifico
1654 1690 1929 1754 Senatus
1954 1690 2310 1779 populique
2340 1692 2619 1755 Romani

480 1794 728 1875 judicio
753 1817 771 1874 ;
801 1792 1039 1857 deinde
1087 1793 1317 1857 Cicero
1353 1792 1746 1881 syllabarum
1777 1792 2212 1857 antanaclasin
2244 1792 2620 1859 adhibuisse

484 1897 742 1961 videtur
757 1942 776 1977 ,
812 1912 888 1959 ut
919 1895 986 1958 in
1024 1894 1135 1958 illo
1151 1944 1168 1978 ,
1229 1894 1290 1960 0
1309 1891 1731 1981 fortunatam
1782 1906 2007 1957 natam
2042 1916 2139 1957 me
2190 1880 2454 1959 Consule
2491 1890 2619 1959 Ro-

485 2022 659 2063 mam
687 2022 709 2061 .·
737 2013 1007 2087 propter
1057 2018 1252 2083 quem
1291 2018 1478 2083 teque
1525 1994 1787 2059 irrisum
1823 2016 1964 2059 esse
2004 1994 2302 2059 Tullium
2346 1996 2616 2078 Quinti·

487 2102 730 2181 Uanus»,
765 2100 876 2163 lib.
903 2098 1000 2162 IX
1020 2145 1039 2180 ‚
1065 2122 1121 2162 c.
1146 2100 1188 2175 4
1208 2147 1226 2179 ,
1253 2114 1318 2163 et
1336 2096 1684 2179 Iuvenalis,
1706 2097 1803 2177 X,
1832 2118 1952 2162 122
1971 2143 1990 2177 ‚
2010 2097 2316 2163 ostendit.
2338 2098 2616 2163 Alteram

489 2219 705 2265 tamen
745 2200 1092 2264 lectionem
1135 2200 1361 2263 &turea
1397 2200 1636 2287 linguoe
1665 2200 1795 2279 jam
1833 2199 2189 2287 antiquitus
2221 2223 2349 2265 usu
2390 2217 2457 2265 et
2484 2223 2621 2265 ser-

485 2326 682 2367 mone
715 2317 1064 2389 receptam,
1084 2301 1515 2389 Ciceronique
1533 2301 1941 2389 suppositam
1966 2324 2103 2367 esse
2126 2351 2144 2383 ,
2180 2302 2481 2367 nonnulli
2497 2304 2623 2368 Ve-

489 2422 704 2468 terum
750 2404 877 2467 loci
911 2402 1212 2490 probant.
1258 2403 1591 2490 Sequutus
1624 2418 1723 2466 est
1753 2422 1895 2467 eam
1930 2419 2157 2467 auctor
2188 2405 2517 2469 invectivae
2546 2404 2619 2468 in

487 2508 868 2571 Ciceronem
888 2552 905 2585 ,
932 2526 1076 2590 quoe
1095 2504 1395 2568 Sallustio
1413 2502 1751 2584 tribuitur,
1770 2518 1837 2568 et
1855 2503 2301 2585 Quintilianus
2316 2553 2334 2585 ,
2353 2503 2467 2569 lib.
2483 2504 2581 2568 XI
2598 2549 2617 2583 ‚

487 2632 626 2697 cap.
669 2632 695 2671 1
722 2632 739 2689 ;
764 2605 1194 2694 inprimisque
1215 2603 1627 2685 PlutarchuS,
1669 2604 1831 2691 quid
1850 2604 2149 2670 Ciceroni
2167 2621 2437 2697 propter
2462 2628 2617 2670 eum

484 2732 746 2775 versum
779 2708 963 2772 *vitio
1021 2706 1244 2772 datum
1293 2707 1407 2789 sit,
1459 2704 1740 2769 declarat
1792 2706 1861 2769 in
1900 2708 2047 2771 Vita
2085 2708 2287 2771 Cicer.
2329 2706 2455 2771 vol.
2492 2708 2617 2787 lv,

487 2836 632 2903 pag.
654 2812 784 2897 849
803 2858 822 2893 ‚
851 2809 1006 2873 edit.
1027 2809 1241 2874 Reisk.
1273 2820 1305 2876 ‘el
1339 2814 1399 2871 δὲ
1433 2819 1704 2888 Κικέρωνος
1734 2816 1782 2868 ἓν
1821 2820 1923 2879 τοῖς
1956 2818 2114 2889 λόγοις
2152 2820 2365 2893 ἀμετρία.
2400 2822 2486 2880 τῆς
2522 2838 2618 2873 πε·

488 2926 851 2997 ριαυτολογίας,
891 2920 1132 2992 ἀκρασίαν
1171 2919 1284 2975 τινὰ
1319 2920 1584 2991 κατηγόρει
1625 2918 1746 2989 πρὸς
1786 2912 1967 2983 δόξαν,
1999 2921 2212 2985 βοῶντος
2236 2958 2252 2985 ,
2278 2923 2343 2981 ὣς
2384 2918 2451 2971 τὰ
2486 2920 2619 2972 ὅπλα

487 3014 594 3073 ἔδει
641 3024 706 3087 τῇ
757 3012 973 3085 τηῧίννῳ
1019 3015 1103 3067 καὶ
1153 3019 1212 3083 τῇ
1257 3013 1456 3085 γλώττῃ
1510 3012 1597 3067 τὴν
1648 3008 1937 3082 θριαμὸικῆν
1982 3012 2195 3067 ὑπείκειν
2247 3007 2457 3083 δάφνην.
2502 3002 2619 3066 Vi-

489 3098 651 3163 deor
699 3094 858 3159 mihi
911 3118 988 3158 ex
1033 3094 1163 3159 hoc
1205 3094 1354 3159 loco
1402 3094 1735 3161 Plutarchi
1771 3093 2166 3184 perspicere,
2214 3092 2512 3156 inimicos
2554 3106 2623 3154 et

489 3200 952 3275 obtrectatores
981 3196 1312 3261 Ciceronis
1329 3242 1347 3277 ,
1384 3211 1462 3260 ut
1490 3196 1799 3263 invidiam
1824 3196 1883 3261 ei
1906 3211 2276 3277 moverent,
2310 3194 2393 3259 de
2420 3191 2620 3257 indu-

491 3301 644 3365 stria
693 3298 974 3384 linguam
1028 3298 1092 3361 in
1143 3297 1282 3377 ejus
1331 3297 1507 3363 dicto
1550 3322 1673 3389 pro
1722 3298 1915 3363 laude
1956 3298 2270 3388 posuisse.
2305 3298 2411 3362 Sic
2442 3295 2617 3362 enim

491 3399 866 3468 calumniari
922 3398 1308 3463 videbantur
1325 3450 1342 3475 ‚
1382 3402 1565 3488 quasi
1619 3402 1845 3467 Cicero
1898 3400 2015 3464 soli
2061 3400 2447 3489 eloquentiae
2486 3420 2618 3462 suae
2676 3412 2701 3437 ²

493 3504 762 3595 gloriam
793 3522 924 3589 proe
947 3500 1172 3564 bellica
1203 3500 1440 3565 virtute
1469 3502 1892 3583 vindicasset,
1929 3524 2139 3589 quum
2166 3502 2303 3590 ipse
2334 3522 2472 3564 non
2491 3500 2618 3563 lin-

491 3628 684 3697 guam
717 3604 820 3666 vel
851 3602 1284 3689 eloquentiam
1317 3604 1521 3667 solam
1554 3604 1966 3693 opposuisset
1996 3604 2229 3667 laureae
2250 3650 2269 3684 ,
2314 3601 2428 3666 sed
2470 3600 2618 3664 lau-

490 3711 669 3787 dem,
723 3705 791 3770 id
828 3720 959 3783 est,
1011 3704 1281 3792 gloriam
1317 3727 1354 3768 e
1403 3706 1595 3769 rebus
1634 3705 1933 3770 civilibus
1963 3705 2131 3769 bene
2161 3702 2619 3769 administratis

491 3810 824 3901 quaesitam
848 3856 865 3889 ‚
899 3806 1006 3870 cui
1039 3805 1406 3893 eloquentia
1451 3806 1667 3869 servit.
1703 3806 1830 3871 Sed
1860 3822 2074 3870 tamen
2111 3804 2248 3869 hoec
2277 3802 2433 3869 dicti
2472 3825 2619 3866 mu-

490 3914 651 3979 tatio
694 3912 784 3977 ita
829 3910 1026 3999 vulgo
1077 3909 1408 3996 praevaluit
1427 3958 1444 3991 ,
1482 3926 1560 3973 ut
1600 3910 1942 3998 scriptores
1978 3909 2168 3974 etiam
2194 3957 2212 3989 ,
2252 3910 2365 3996 qui
2410 3907 2622 3971 obiter

491 4016 851 4103 attingunt,
889 4034 1028 4074 eam
1059 4010 1242 4099 sequi
1274 4008 1637 4076 videantur.
1670 4011 1776 4075 Sic
1808 4012 1983 4075 enim
2014 4012 2259 4076 Plinius
2282 4008 2450 4074 libro
2472 4008 2619 4089 Vn,

492 4138 630 4204 cap.
647 4112 755 4194 30,
773 4110 855 4175 de
873 4112 1186 4180 Cicerone
1203 4112 1497 4200 loquitur
1515 4136 1530 4178 :
1548 4142 1573 4169 σι
1588 4113 1792 4196 Salve,
1804 4114 2056 4202 primus
2071 4114 2367 4177 omnium
2387 4132 2620 4200 parens
