2975 4684
1033 331 1521 401 AUCTORE
1572 331 1903 402 AETNAE.
2432 363 2525 438 29

377 461 570 550 pibus
591 462 884 525 vicinum
915 463 1014 527 Jo-
1045 461 1450 530 Britannicus
1475 463 1547 525 in
1580 464 2050 528 commentario
2084 466 2210 530 late
2245 465 2521 534 demon-

393 566 617 632 stravit
637 587 781 631 esse
797 565 1064 632 AEtnam
1079 617 1097 651 ,
1122 583 1413 633 montem
1441 568 1689 652 Siciliae,
1711 570 1825 657 qui
1838 569 2133 636 Vulcano
2163 595 2342 639 sacer
2364 576 2522 659 fuit,

393 690 461 738 et
491 671 729 739 domus
755 663 1029 738 Vulcani
1055 673 1266 739 dictus
1303 690 1422 739 est.
1457 675 1679 764 Pergit
1697 675 2021 740 Iuvenalis
2048 675 2217 743 dicta
2250 679 2355 744 illa
2387 680 2525 746 duo

389 795 688 868 poemata
737 781 1008 870 propius
1045 797 1272 846 notare
1293 831 1314 865 ,
1366 796 1434 846 et
1465 780 1625 846 dicit
1656 782 1726 846 in
1748 783 2122 849 .Frontonis
2167 785 2365 850 horto
2413 787 2520 852 vel

393 883 594 950 domo
614 936 634 971 ‚
669 886 738 950 in
773 909 905 975 qua
927 887 1286 952 recitabant
1320 903 1561 977 poetae,
1612 903 1942 952 narratum
1967 888 2215 974 audiri,

683 1089 874 1106 ......
883 1050 1016 1124 quid
1035 1064 1195 1125 agant
1214 1051 1360 1107 venti
1372 1093 1389 1119 ‚
1417 1069 1551 1124 quas
1570 1029 1817 1138 torqueat
1843 1053 2059 1106 umbras

671 1143 904 1194 AEacus:
930 1141 1076 1196 unde
1106 1140 1242 1195 alius
1266 1140 1471 1196 furtivo
1489 1139 1714 1195 devehat
1735 1158 1927 1194 aurum

669 1228 953 1284 pelliculae.

389 1397 606 1463 Verba
647 1399 809 1489 quid
850 1414 1057 1490 agant
1087 1402 1268 1466 venti
1307 1400 1581 1466 omnino
1615 1399 1924 1465 videntur
1941 1399 2209 1465 AEtnam
2245 1400 2521 1490 amplius

389 1504 643 1594 signare
663 1555 682 1589 ,
716 1523 784 1570 et
813 1505 896 1572 de
934 1508 1148 1572 ventis
1172 1507 1505 1574 AEtnaeum
1546 1505 1927 1571 incendium
1958 1489 2384 1571 excitantibus
2412 1509 2520 1572 in·

389 1609 734 1701 telligenda
767 1635 926 1678 esse.
951 1612 1068 1678 His
1088 1637 1294 1702 quum
1319 1613 1540 1678 statim
1569 1611 2000 1700 subjungatur
2032 1633 2193 1700 quas
2228 1626 2519 1701 torqueat

390 1716 644 1782 umbras
655 1719 930 1801 Aeacus,
967 1741 1104 1782 non
1130 1705 1388 1785 videtur
1413 1717 1543 1782 hoc
1568 1716 1651 1782 ad
1681 1732 1911 1782 ventos
1942 1733 2093 1782 ante
2120 1736 2517 1784 memoratos

388 1821 524 1885 ullo
557 1822 757 1888 modo
788 1823 1114 1914 pertinere
1132 1872 1151 1908 ,
1183 1823 1310 1889 nisi
1336 1822 1601 1888 mutatis
1627 1823 1927 1912 *paullum
1946 1821 2157 1887 verbis
2183 1824 2473 1912 legamus
2496 1848 2517 1890 ε

385 1949 546 2018 quas
585 1939 879 2019 torqueat
913 1931 1152 2011 undas,
1185 1930 1290 1994 vel
1326 1951 1484 2018 quos
1528 1941 1819 2017 torqueat
1842 1941 2036 1994 oestus·
2060 1913 2317 1994 'AEolua
2354 1929 2523 1994 Nam

385 2031 655 2099 AEolum
682 2035 791 2100 hic
811 2037 1135 2101 nominari
1163 2056 1424 2102 necesse
1450 2050 1571 2116 est,
1595 2032 1777 2123 quod
1805 2049 1957 2099 ante
1985 2033 2067 2098 de
2083 2034 2315 2099 AEoliis
2342 2037 2524 2125 rupi·

386 2137 513 2204 bus
535 2163 750 2206 sermo
770 2145 1044 2208 erat.1ta
1066 2163 1224 2206 vero
1239 2141 1472 2208 clarius
1489 2140 1754 2229 respicit
1764 2139 2033 2205 AEtnam
2048 2140 2299 2225 Lucilii,
2319 2142 2517 2230 quiin

385 2246 723 2336 praecipuis
754 2249 993 2312 caussis
1023 2246 1260 2313 AEtnaei
1282 2245 1573 2312 incendii
1603 2260 1833 2310 ventos
1861 2245 2317 2311 subterraneos
2334 2294 2353 2329 ,
2375 2271 2523 2339 par-

388 2350 505 2414 tim
543 2353 735 2416 etiam
768 2352 978 2417 undas
1025 2351 1220 2426 maris
1257 2368 1440 2417 antra
1476 2349 1692 2416 AEtnae
1733 2350 2089 2416 subeuntes
2110 2399 2130 2434 ,
2166 2353 2357 2440 ponit
2379 2400 2398 2435 ,
2452 2369 2520 2419 et

385 2455 454 2519 in
474 2457 794 2548 principio
816 2460 1116 2526 carminis
1144 2459 1362 2524 verbis
1391 2459 1529 2522 fere
1560 2479 1598 2521 a
1622 2457 1931 2523 Iuvenale
1956 2456 2247 2546 repetitis
2268 2458 2515 2524 utitur:

673 2667 688 2679 .
710 2664 724 2678 .
744 2647 888 2700 ‚que
919 2640 1027 2682 tam
1063 2631 1221 2681 fortes
1252 2627 1473 2682 volvant
1497 2625 1743 2679 incendia
1774 2642 1970 2679 caussa
1986 2665 2005 2692 ‚

666 2715 824 2783 Quod
847 2717 1040 2770 fremat
1063 2715 1342 2788 imperium
1362 2755 1380 2784 ,
1411 2714 1541 2789 quid
1566 2733 1757 2768 raucos
1787 2726 2033 2787 torqueat
2055 2725 2229 2769 aestus.

385 2887 668 2970 Quando
723 2890 962 2958 deinde
1011 2891 1272 2972 subjicit
1304 2893 1338 2956 J
1340 2889 1627 2956 uvenalis
1646 2935 1664 2970 ‚
1710 2887 1877 2954 unde
1912 2885 2359 2975 abiasar-tiva·
2402 2887 2513 2952 de-

383 2994 568 3058 vehat
597 3017 830 3060 aurum
844 2995 1168 3086 pellicula·
1185 3045 1207 3077 ‚
1241 2993 1412 3062 redit
1444 2995 1521 3058 iis
1553 2993 1765 3059 verbis
1796 2991 1881 3056 ad
1914 2992 2189 3057 alterum
2218 3008 2476 3081 poetam
2492 3042 2513 3076 ,

383 3119 580 3186 quem
611 3115 762 3167 ante
799 3102 1046 3170 dixerat
1085 3100 1298 3168 lucum
1318 3101 1553 3166 Martis
1587 3098 2032 3188 descripsisse:
2059 3115 2135 3162 ut
2166 3097 2331 3166 adeo
2362 3100 2514 3166 satis

381 3205 628 3278 clarum
663 3209 748 3273 sit
771 3256 791 3292 ,
829 3224 974 3275 toto
1010 3210 1138 3274 hoc
1171 3209 1322 3274 loco
1368 3206 1742 3273 Juvenalem
1780 3203 1914 3269 duo
1951 3219 2175 3292 poetas
2206 3199 2473 3295 tangere'
2492 3247 2534 3288 ,-

381 3337 668 3405 quorum
705 3316 866 3380 alter
891 3316 1142 3382 velleris
1171 3315 1352 3379 aurei
1385 3313 1777 3378 ablationem
1790 3358 1821 3391 .‚
1857 3312 2019 3377 alter
2048 3309 2261 3376 AEtnae
2290 3312 2515 3376 incen-

377 3423 488 3488 dia
515 3423 940 3514 descripserit.

471 3530 1046 3615 Quemadmodum
1089 3528 1372 3594 Lucilius
1424 3528 1493 3592 in
1525 3526 1723 3592 AEtna
1759 3523 2188 3591 describendo
2222 3523 2511 3613 philoso-

374 3635 492 3724 phi
513 3637 752 3724 pariter
769 3659 844 3700 ac
864 3649 1072 3724 poetae
1093 3632 1310 3699 officio
1335 3633 1602 3697 functus
1631 3645 1729 3696 est
1743 3678 1762 3713 ,
1793 3630 1881 3694 ita
1896 3629 2027 3694 hoc
2047 3645 2506 3717 argumentum

377 3743 571 3807 etiam
601 3764 894 3807 seorsum
929 3763 1133 3829 quum
1165 3739 1541 3830 philosophi
1570 3752 1929 3803 tractarunt
1944 3783 1965 3820 ,
1998 3734 2239 3800 caussis
2269 3733 2505 3825 AEtnoei

376 3846 661 3913 incendii
690 3867 730 3912 e
765 3861 994 3910 natura
1039 3842 1596 3925 demonstrandis,
1645 3859 1787 3907 tum
1834 3855 2039 3930 poetae
2080 3837 2261 3903 haud
2314 3839 2504 3932 pauci

377 3954 728 4018 verborum
753 3954 1008 4041 pictura
1031 3967 1228 4038 atque
1257 3949 1495 4016 fabulis
1522 3962 1937 4014 exornarunt.
1970 3943 2507 4012 TestimoniaVe-

380 4075 630 4140 terum,
675 4059 792 4146 qui
825 4056 1062 4124 AEtnae-
1087 4057 1268 4146 ignes
1311 4075 1678 4143 eorumque
1724 4071 1979 4126 mussas
2021 4067 2463 4152 exposuerunt
2486 4099 2505 4133 ,
