2975 4684
519 370 657 442 288
1005 332 1010 339 ’
1227 364 1765 436 Excnnsus
1830 364 1935 433 lv

519 492 838 581 pellantur
871 486 1194 575 elephanti
1209 534 1228 567 ,
1256 486 1480 576 gallice
1512 501 1681 551 tow-s
1698 508 1728 564 ,·
1752 485 2070 549 ordinarii
2096 486 2433 549 transversi
2460 500 2613 547 sunt
2627 532 2647 565 ,

517 594 630 681 qui
665 610 960 657 cursores
983 588 1082 653 vel
1109 588 1450 677 sagittarii,
1477 588 1699 677 gallice
1707 586 1879 674 foas
1896 612 1923 668 ;
1958 588 2127 675 vagi
2150 585 2431 674 denique
2460 586 2645 673 equi-

515 712 636 759 tes.
665 695 858 758 Forte
883 692 1074 756 etiam
1103 689 1242 755 bini
1269 689 1587 778 cujusque
1607 688 1889 777 generis,
1920 689 2091 753 sicut
2108 687 2339 771 hodie,
2367 688 2647 751 latrones

517 797 816 874 fuerunt,
856 794 1165 882 quoniam
1195 791 1464 857 Ovidius
1481 838 1501 872 ,
1530 792 1677 855 loco
1720 790 2019 879 superius
2068 791 2269 855 citato
2285 838 2303 870 ‚
2348 788 2645 854 bellatori

527 918 722 961 suum
753 916 1110 983 comparem
1142 892 1405 957 tribuit:

800 1018 1132 1089 Bellatorque
1153 1036 1250 1070 suo
1269 1036 1501 1089 prensus
1524 1018 1639 1105 sine
1664 1035 1911 1091 compare
1935 1017 2113 1071 bellat.

522 1140 799 1206 Videtur
825 1138 1090 1230 quidem
1118 1142 1186 1204 in
1213 1140 1336 1205 hac
1362 1137 1679 1205 divisione
1705 1142 2029 1205 latronum
2058 1139 2217 1205 illud
2241 1163 2445 1229 genus
2463 1139 2653 1203 vilius

521 1242 864 1308 desiderari
883 1292 901 1325 ,
943 1242 1122 1332 quod
1171 1243 1238 1305 in
1297 1241 1642 1306 Scacchico
1688 1241 1847 1306 ludo
1892 1241 2143 1331 pedites
2182 1242 2284 1306 vel
2328 1241 2654 1331 gregarios

524 1368 829 1412 vocamus
845 1394 864 1427 ‚
887 1361 954 1408 et
979 1362 1324 1433 propterea
1350 1346 1621 1408 fortasse
1646 1345 1785 1427 alii,
1811 1346 2049 1433 quibus
2083 1366 2206 1409 nec
2234 1366 2357 1433 ego
2383 1365 2655 1432 prorsus

527 1445 831 1536 refragari
866 1445 1057 1509 velim
1074 1494 1092 1527 ‚
1135 1446 1362 1510 malint
1409 1468 1528 1535 per
1572 1446 1925 1510 ordinarios
1974 1447 2251 1512 calculos
2303 1446 2657 1536 intelligere

526 1548 784 1613 viliores
817 1563 1074 1612 nostros
1091 1596 1109 1629 ‚
1136 1548 1237 1612 vel
1268 1545 1550 1635 pedites,
1582 1550 1696 1637 qui
1741 1566 1916 1613 recta
1948 1550 2050 1614 via
2093 1565 2160 1614 et
2204 1549 2379 1617 lente
2424 1570 2659 1638 proce-

527 1648 724 1732 dunt,
749 1652 868 1738 pe'r
901 1672 1103 1737 vagos
1125 1672 1281 1714 vero
1313 1672 1540 1713 omnes
1572 1650 1859 1739 reliquos
1879 1698 1898 1733 ,
1927 1648 2107 1738 quod
2141 1650 2214 1714 hi
2248 1652 2419 1714 ultro
2456 1650 2657 1713 citro-

529 1774 660 1839 que
683 1767 1048 1833 moventur,
1079 1773 1202 1815 nec
1227 1766 1438 1815 certos
1469 1750 1716 1816 itineris
1741 1753 1842 1817 sui
1871 1750 2029 1816 fines
2063 1768 2128 1816 et
2157 1768 2359 1816 metas
2390 1751 2657 1815 habent.

530 1852 657 1918 Sed
703 1870 919 1917 tamen
969 1853 1174 1917 multo
1225 1852 1622 1941 probabilius
1665 1875 1805 1918 esse
1839 1852 2061 1934 judico
2080 1902 2099 1935 ,
2130 1850 2310 1942 quod
2358 1854 2659 1941 superius

531 1953 662 2019 dixi
679 2004 697 2037 ‚
726 1972 856 2020 tres
887 1955 1400 2019 latrunculorum
1433 1952 1694 2018 ordines
1722 1954 1805 2019 ab
1836 1953 2089 2019 Isidoro
2120 1952 2389 2019 indicari
2410 2004 2429 2038 ,
2454 1968 2550 2035 et,
2574 1976 2661 2017 ne

527 2058 672 2146 quis
709 2072 1018 2145 quartum
1058 2078 1263 2147 genus
1281 2104 1298 2138 ‚
1330 2052 1509 2143 quod
1554 2055 1801 2144 pedites
1844 2079 2177 2139 vocamus,
2208 2055 2290 2121 ab
2338 2078 2418 2119 eo
2467 2054 2660 2143 plane

527 2160 899 2248 ignoratum
940 2172 1056 2221 aut
1103 2158 1434 2221 exclusum
1487 2174 1705 2245 putet,
1748 2157 2109 2223 notandum
2160 2173 2291 2240 est,
2332 2155 2659 2222 Isidorum

529 2282 760 2325 eorum
799 2276 1052 2324 tantum
1087 2280 1320 2348 genera
1351 2280 1775 2340 memorasse,
1804 2260 1917 2347 qui
1951 2259 2223 2323 maxime
2254 2258 2569 2323 bellarent
2594 2274 2663 2323 et

526 2362 806 2424 latrones
838 2374 1246 2437 vocarentur,
1281 2375 1545 2423 coeteros
1570 2382 1725 2425 vero
1742 2408 1761 2442 ,
1792 2383 1956 2448 quos
1991 2361 2314 2449 gregarios
2346 2360 2622 2425 dicimus
2640 2410 2660 2441 ,

528 2478 594 2526 et
617 2483 902 2549 quorum
926 2461 1142 2524 minor
1166 2460 1260 2523 vis
1287 2476 1406 2539 est,
1426 2483 1460 2524 a
1485 2460 1831 2525 Veteribus
1853 2462 2161 2551 singulari
2189 2463 2455 2527 nomine
2480 2486 2665 2526 man-

526 2562 677 2625 dras
713 2584 850 2625 esse
880 2560 1248 2649 appellatos.
1283 2560 1542 2624 Etenim
1575 2560 1812 2625 diserte
1834 2563 2100 2628 Veteres
2132 2563 2439 2627 mandras
2483 2587 2519 2627 a
2562 2565 2661 2629 la-

529 2661 828 2727 tronibus
877 2658 1318 2748 distinguunt,
1359 2662 1583 2750 eisque
1616 2685 1751 2727 non
1792 2680 1923 2727 tam
1964 2687 2286 2754 pugnam,
2324 2688 2518 2754 quam
2551 2688 2659 2730 re-

524 2760 854 2849 liquorum
902 2749 1266 2825 custodiam
1331 2779 1396 2826 et
1451 2764 1885 2830 munitionem
1932 2767 2253 2831 tribuunt.
2314 2767 2616 2832 Martialis
2640 2816 2661 2848 ‚

525 2862 636 2927 lib.
655 2862 778 2926 V11
798 2910 817 2943 ,
847 2885 928 2951 72
946 2911 964 2941 ‚
991 2886 1068 2950 7.

888 2978 973 3031 Sic
993 2978 1175 3031 vincas
1194 2980 1531 3051 Noviumque
1550 2980 1901 3055 Publiumque

877 3059 1113 3115 Mandris
1135 3072 1188 3114 et
1211 3062 1377 3116 vitreo
1394 3063 1601 3117 latrone
1621 3065 1826 3119 clausos
1851 3084 1868 3132 ς

529 3180 593 3228 et
613 3165 851 3228 Noster
867 3188 1056 3231 versu
1086 3188 1237 3253 191:
1273 3166 1357 3232 Ut
1378 3170 1539 3231 citus
1573 3180 1637 3231 et
1645 3166 1877 3254 fracta
1893 3183 2278 3258 prorumpat
2304 3175 2370 3234 in
2400 3176 2659 3260 agmina

527 3264 821 3328 mandra.
875 3264 1144 3353 Proprie
1190 3267 1339 3331 alias
1388 3268 1682 3333 mandroe
1731 3268 2041 3335 dicuntur
2079 3272 2411 3354 jumenta,
2456 3274 2658 3355 carri,

527 3366 808 3454 plaustra
839 3388 991 3429 cum
1024 3368 1262 3456 aurigis
1297 3385 1364 3432 et
1395 3353 1854 3458 equisonibus‚
1886 3394 2030 3460 quae
2077 3373 2141 3436 in
2191 3396 2399 3437 unum
2440 3390 2661 3438 coacta

527 3468 660 3533 vias
684 3468 771 3531 ita
799 3485 1124 3556 occupant
1155 3486 1221 3533 et
1255 3469 1601 3555 claudunt,
1635 3488 1710 3536 ut
1739 3474 1995 3537 transiri
2034 3492 2329 3563 nequeat.
2362 3476 2467 3540 Sic
2484 3474 2660 3540 Mar·-

530 3568 731 3649 tialis‚
759 3566 840 3649 V,
871 3590 984 3651 22,
1015 3590 1092 3656 7:

811 3676 1020 3769 Vixque
1037 3695 1194 3750 datur
1211 3697 1395 3769 longas
1415 3700 1677 3753 mulorum
1700 3720 1945 3774 rumpere
1962 3703 2235 3767 mandi-an

533 3838 597 3887 et
632 3822 932 3888 disertius
965 3824 1286 3889 Iuvenalis
1307 3874 1326 3907 ,
1361 3826 1489 3891 Sat.
1526 3829 1660 3908 111,
1694 3828 1849 3893 236:

821 3986 1258 4004 .............
1289 3950 1573 4005 rhedarum
1604 3955 1851 4008 transitus
1880 3967 2023 4009 arcto

815 4032 1070 4088 Vicorum
1095 4034 1152 4087 in
1171 4032 1308 4087 flexu
1322 4073 1341 4101 ,
1361 4046 1412 4087 et
1429 4036 1613 4092 stantis
1632 4036 1863 4091 convicia
1890 4038 2122 4092 mandra

811 4115 1050 4187 Eripiunt
1067 4134 1314 4171 somnum
1336 4118 1535 4183 Druso,
1556 4119 1841 4194 vitulisque
1862 4122 2095 4177 marinis.
