2975 4684
487 389 624 480 472
823 387 956 454 DE
1016 387 1533 456 VERSIONE
1592 387 2009 454 HOMERI
2068 387 2275 456 LAT.

486 515 746 580 duobus
781 516 938 580 locis
970 514 1400 603 deprehendi,
1435 517 1551 580 ubi
1584 517 1884 580 Pandare
1907 516 2157 580 nomini
2183 517 2461 580 alterum
2480 517 2629 579 Pin-

483 621 634 686 dari
660 643 780 709 pro
803 621 1088 686 variante
1115 623 1392 686 lectione
1423 622 1793 712 appositum
1826 620 2111 686 est.Vide
2146 645 2203 686 v.
2232 621 2365 698 436
2390 636 2457 686 et
2470 623 2625 706 449.

570 729 666 790 Ex
692 729 830 815 ipsa
863 729 1097 792 Iliados
1137 731 1376 794 Latinae
1419 747 1486 794 et
1516 746 1865 794 contractae
1900 727 2425 794 consideratione
2448 726 2629 792 haud

481 852 724 898 temere
757 835 1016 916 judicu,
1055 859 1306 900 merum
1346 859 1515 925 opus
1547 837 1831 900 hominis
1863 836 2143 900 Romani
2179 851 2247 898 et
2286 835 2629 898 Romano-

485 965 632 1006 rum
687 958 1026 1029 poetarum
1077 945 1354 1008 lectione
1397 945 1699 1008 innutriti
1734 966 1871 1007 esse
1890 992 1907 1023 ,
1960 965 2178 1030 neque
2228 965 2307 1006 ex
2340 942 2629 1031 epitome

484 1048 698 1134 aliqua
721 1047 944 1112 Graece
971 1049 1150 1139 prius
1172 1050 1338 1114 facta
1363 1050 1663 1114 ductum.
1689 1051 1901 1113 Immo
1924 1047 2253 1136 suspicor,
2288 1061 2627 1112 auctorem

487 1153 625 1230 ejus
663 1175 800 1217 non
837 1155 1053 1241 ipsum
1092 1157 1360 1220 Homeri
1393 1158 1693 1222 Graecum
1732 1177 1935 1244 opus,
1974 1153 2153 1242 quod
2188 1153 2627 1236 contraheret,

487 1274 638 1321 ante
673 1259 898 1322 oculos
936 1259 1266 1342 habuisse,
1315 1260 1428 1324 sed
1473 1261 1912 1348 antiquiorem
1962 1259 2099 1338 ejus
2146 1257 2629 1323 traductionem

489 1362 750 1427 latinam
769 1412 787 1445 ,
829 1387 1042 1452 neque
1073 1390 1214 1430 eam
1248 1369 1567 1432 sinceram
1592 1384 1659 1432 et
1681 1365 2047 1431 Homericis
2078 1365 2325 1452 ubique
2350 1386 2629 1452 respon-

490 1467 788 1551 dentem,
827 1468 938 1535 sed
968 1453 1417 1561 interpolatam
1447 1473 1785 1540 sententiis
1808 1489 1873 1536 et
1905 1471 2139 1536 fabulis
2166 1471 2443 1536 aliorum
2478 1492 2632 1558 poc-

491 1591 703 1640 tarum
725 1625 742 1658 ,
777 1593 842 1640 et
873 1579 1148 1644 maxime
1196 1580 1278 1644 ad
1301 1579 1551 1669 Virgilii
1587 1601 1853 1644 sensum
1886 1575 2411 1642 accommodatis.
2446 1577 2629 1640 Con-

491 1696 616 1744 stat
651 1680 1032 1748 innumeros
1065 1685 1200 1748 fere
1239 1703 1460 1774 poetas
1499 1685 1648 1750 belli
1697 1685 1961 1766 Trojani
1996 1684 2343 1770 scriptores
2396 1698 2633 1768 praeter

495 1787 858 1851 Homerum
893 1788 1060 1854 inter
1087 1789 1346 1854 Graecos
1385 1791 1701 1856 exstitisse
1720 1837 1739 1870 ,
1777 1791 1891 1878 qui
1925 1790 2161 1878 partim
2194 1787 2459 1854 Iliadem
2486 1789 2634 1852 imi-

496 1908 786 1956 tarentur
805 1912 894 1984 'et
931 1897 1251 1961 variarent
1268 1947 1286 1973 ‚
1323 1898 1559 1985 partim
1597 1897 1767 1962 hanc
1812 1895 2263 1960 antecedentia
2296 1911 2363 1958 et
2393 1915 2631 1958 conse-

493 2001 758 2083 quentia
785 2001 1218 2091 singularibus
1243 2003 1639 2068 carminibus
1676 2017 2107 2092 exponerent,
2140 2001 2209 2063 in
2236 1999 2477 2087 quibus
2504 2021 2634 2064 ma·

495 2104 665 2169 xime
725 2107 1016 2173 eminent
1069 2109 1306 2197 Cypria
1354 2111 1670 2190 carmina,
1738 2125 1803 2173 et
1856 2131 2047 2196 parva
2094 2107 2241 2171 Ilias
2278 2105 2470 2170 dicta.
2534 2106 2633 2170 De

497 2231 782 2296 quorum
814 2213 1176 2278 carminum
1223 2214 1570 2302 generibus
1606 2231 1673 2278 et
1704 2213 2001 2276 aetatibus
2034 2211 2453 2276 disertissime
2496 2211 2635 2300 egit

502 2315 796 2404 Heynius
816 2317 896 2383 V.
940 2321 1014 2384 C.
1043 2320 1340 2384 Excursu
1367 2321 1396 2382 l
1425 2320 1509 2385 ad
1540 2321 1694 2386 AEn.
1722 2320 1833 2385 lib.
1878 2320 1962 2384 11.
1996 2319 2093 2384 Ex
2122 2319 2199 2382 iis
2232 2317 2631 2384 carminibus

499 2424 738 2507 passim
772 2426 1131 2514 compilatis
1161 2429 1364 2492 multa
1391 2428 1663 2493 varietas
1691 2449 1915 2490 rerum
1951 2442 2018 2491 et
2050 2425 2419 2490 fabularum
2446 2439 2635 2488 enata

501 2543 597 2590 est
646 2529 820 2616 apud
855 2547 1077 2618 poetas
1128 2534 1386 2598 Graecos
1425 2551 1495 2598 et
1522 2535 1786 2598 Latinos
1806 2581 1824 2615 ,
1858 2532 1971 2619 qui
2004 2531 2351 2596 Homerica
2378 2545 2494 2594 aut
2530 2552 2634 2594 τω

501 2631 809 2713 Trojanas
845 2637 1264 2725 scripserunt.
1289 2641 1467 2704 Inter
1489 2641 1819 2704 Romanos
1842 2636 2107 2726 quidem
2130 2636 2247 2725 qui
2278 2635 2635 2724 antiquitus

501 2739 672 2804 hanc
701 2763 966 2829 operam
997 2763 1460 2833 susceperunt,
1501 2747 1762 2811 Groecos
1796 2745 2077 2831 sequuti,
2108 2765 2243 2807 non
2270 2741 2449 2806 aliud
2474 2741 2635 2824 fere,

499 2867 696 2931 quam
729 2847 995 2915 Iliadem
1029 2851 1333 2933 Homeri,
1369 2869 1484 2918 aut
1520 2869 1775 2932 caetera,
1818 2873 1961 2939 quae
1997 2849 2313 2930 diximus,
2348 2849 2637 2913 carmina

499 2950 874 3020 Graecorum
895 2973 1234 3022 verterunt
1262 2959 1458 3024 latine
1477 2983 1497 3039 ;
1518 2959 1635 3023 sed
1652 2975 1993 3049 postquam
2014 2955 2319 3046 Virgilius
2344 2977 2421 3020 ex
2438 2978 2637 3043 parva

501 3058 700 3123 Iliade
733 3078 801 3126 et
847 3063 985 3128 aliis
1029 3065 1237 3153 poetis
1286 3065 1493 3128 multa
1528 3065 1609 3128 ab
1644 3065 1933 3129 Homero
1970 3085 2103 3126 non
2136 3061 2311 3126 dicta
2341 3061 2409 3125 in
2438 3084 2637 3126 suum

399 3175 406 3184 ‘
503 3185 658 3251 epos
683 3171 1126 3252 transtulerat,
1148 3169 1396 3260 Virgilii
1440 3186 1662 3258 postea
1699 3193 1857 3234 usus
1896 3186 1961 3232 et
1994 3168 2341 3232 auctoritas
2378 3183 2633 3231 tantum

498 3269 697 3334 valuit
749 3273 923 3360 apud
976 3275 1305 3340 Romanos
1327 3324 1345 3355 ,
1393 3291 1468 3338 ut
1519 3275 1565 3338 ii
1612 3276 1803 3339 etiam
1860 3275 1973 3362 qui
2030 3271 2296 3337 Iliadem
2360 3295 2634 3336 conver-

499 3389 746 3458 terent,
798 3379 1158 3444 Homerum
1192 3407 1227 3446 e
1261 3381 1536 3470 Virgilio
1584 3403 1907 3470 exponere
1932 3429 1949 3462 ,
1989 3394 2055 3443 et
2092 3378 2326 3442 fabulis
2370 3394 2635 3442 senten-

507 3481 741 3570 tiisque
774 3483 1140 3573 Virgilianis
1195 3510 1507 3552 exornare
1562 3487 1817 3552 vellent.
1854 3487 1951 3550 Ex
1992 3508 2073 3548 eo
2120 3507 2355 3574 genere
2390 3483 2635 3547 versio-

507 3611 656 3652 nem
707 3589 942 3655 Iliados
993 3594 1345 3681 poeticam,
1379 3594 1739 3658 recentiore
1771 3609 1991 3674 aetate,
2024 3607 2139 3655 aut
2180 3590 2399 3679 paullo
2446 3607 2635 3664 ante,

507 3720 702 3783 quam
739 3699 1042 3786 Epitome
1079 3715 1298 3764 nostra
1327 3701 1753 3780 scriberetur,
1791 3699 2153 3764 confectam
2175 3746 2192 3777 ,
2244 3713 2311 3760 et
2345 3696 2427 3760 ab
2467 3695 2640 3760 anti-

507 3803 849 3889 quioribus
877 3803 1193 3868 diversam
1219 3807 1569 3888 exstitisse,
1598 3807 1731 3871 fere
1764 3814 2026 3869 necesse
2055 3817 2181 3885 est,
2210 3817 2286 3865 ut
2318 3801 2475 3864 mihi
2497 3823 2641 3889 per-

507 3909 831 3974 suadeam.
855 3911 1000 3976 Hoc
1025 3912 1299 3975 maxime
1332 3935 1368 3974 e
1393 3911 1723 3976 Periochis
1754 3910 1990 3976 Iliados
2010 3907 2278 3974 Homeri
2294 3956 2312 3990 ‚
2336 3907 2631 3972 Ausonio

504 4013 877 4104 adscriptiS,
910 4017 1177 4106 collig0,
1216 4041 1360 4105 quae
1395 4041 1533 4082 non
1571 4018 1783 4082 solum
1821 4040 1856 4081 e
1888 4016 2081 4082 latina
2118 4014 2331 4103 aliqua
2364 4014 2634 4082 Homeri

503 4121 838 4202 versione,
902 4138 976 4184 ut
1023 4145 1245 4187 versus
1284 4123 1467 4187 latini
1513 4123 1782 4211 singulis
1818 4121 2177 4210 praepositi,
2222 4136 2292 4184 et
2324 4119 2559 4206 partim
2594 4141 2631 4182 a
