2975 4684
479 371 622 452 40⁰

1156 363 1963 440 EPITHALAMIUM

573 495 785 586 Inque
817 491 1050 586 globos
1085 505 1338 562 veteres
1373 493 1683 562 coeuntia
1713 491 1955 563 vellera
1992 519 2191 588 pensa
2209 549 2229 580 ‚

573 603 1000 697 Compositas
1042 603 1228 670 tenui
1252 599 1619 696 ‘suspendis
1654 605 1938 674 stamine
1980 604 2163 675 telas,
2226 685 2239 696 ‚

570 718 757 805 Quas
793 737 1010 808 quum⁸
1041 711 1445 808 multiplici*
1481 713 1783 784 finan-unt
1812 713 1967 786 licia
1999 741 2263 813 gressu,
2556 737 2607 781 ιε

570 826 881 895 Traxeris
921 840 987 892 et
1029 822 1258 917 digitis
1293 838 1439 892 tum
1477 822 1709 894 mollia
1750 823 1865 896 fila
1902 825 2227 921 gemellis,

479 1033 578 1080 lum
612 1037 772 1080 vocat
802 1026 904 1091 lv,
947 1044 1040 1090 10,
1063 1026 1128 1088 3,·
1174 1036 1226 1076 et
1255 1025 1496 1096 Propert.

473 1109 576 1171 IV,
611 1125 667 1176 7,
691 1109 796 1168 41:
839 1105 950 1156 «Et
985 1104 1227 1176 graviora
1260 1102 1503 1176 rependit

473 1185 671 1258 iniquis
706 1203 868 1257 pensa
905 1183 1202 1255 quasillis-.
1243 1183 1502 1236 Burman-

473 1285 576 1320 nus
613 1273 684 1336 τῷ
727 1264 972 1314 textilibus
1011 1279 1123 1312 non
1169 1257 1503 1312 incommode

474 1348 610 1398 ras-511
605 1325 698 1395 'bu's
751 1338 1173 1396 substituendum
1231 1349 1384 1410 putat
1439 1357 1504 1392 ex

471 1423 668 1479 Ovidio
689 1463 704 1488 ,
742 1421 871 1474 Her.
899 1419 980 1472 lx
997 1458 1013 1484 ,
1055 1423 1122 1489 76
1144 1460 1160 1486 ‚
1199 1417 1503 1471 -Rasssibus

473 1504 696 1559 calathis
730 1499 1047 1572 imposuisse
1079 1515 1361 1552 manum».
1397 1497 1502 1552 Sed

472 1584 561 1639 cui
586 1583 728 1646 bono
747 1579 770 1631 ?
791 1609 862 1619 ——
883 1578 1136 1650 Apposite
1167 1589 1220 1630 et
1243 1576 1386 1630 clare
1403 1577 1504 1630 Ca-

470 1662 632 1718 tullus
653 1661 713 1713 in
738 1659 966 1731 Epithal.
986 1657 1254 1710 Pel.Voss.
1285 1674 1337 1726 p.
1367 1657 1497 1710 186:

477 1769 501 1790 .-
529 1743 665 1794 Ante
685 1737 846 1811 pedes
869 1748 1044 1790 autem
1065 1733 1339 1790 candentis
1365 1735 1501 1788 mol-

471 1822 544 1876 lia
561 1823 694 1874 lame
707 1819 922 1871 Vellera
947 1815 1138 1888 virgati
1165 1813 1501 1870 custodibant

471 1899 740 1954 calathisci
770 1923 816 1950 ι.
848 1899 950 1951 En.

541 1981 631 2045 43.
661 1985 822 2046 Inque
841 1981 1017 2046 globos
1047 1990 1240 2028 veteres
1271 1980 1497 2027 coeuntia

467 2063 660 2112 vellera
674 2077 858 2127 pensa.
879 2053 1255 2126 Reponendum
1274 2053 1495 2108 forsitan

469 2165 496 2184 α
517 2139 686 2210 Inque
713 2135 900 2206 globos
932 2145 1122 2186 teretes
1160 2151 1372 2186 versans
1404 2151 1496 2186 co·

471 2218 648 2272 euntia
671 2233 834 2287 pensa
853 2239 895 2267 -.
915 2212 1127 2266 Vellera
1153 2211 1294 2264 enim
1314 2211 1497 2265 incon-

467 2297 621 2352 cinne
641 2305 954 2366 repetuntur
971 2329 986 2355 ,
1017 2302 1071 2344 et
1087 2310 1292 2344 versare
1311 2303 1492 2362 aptum

465 2375 543 2429 rei
578 2374 799 2426 verbum
838 2383 932 2424 est.
973 2369 1061 2423 Sic
1095 2369 1295 2422 Nasoni
1323 2369 1489 2441 Epist.

468 2454 598 2506 xlx
616 2490 632 2515 ‚
661 2451 728 2520 37
757 2469 770 2499 ε
809 2475 835 2494 ι
852 2450 1124 2520 Tortaquc
1149 2460 1357 2501 versato
1391 2448 1489 2502 du-

467 2545 644 2587 centes
673 2528 900 2582 stamina
921 2527 1078 2580 fuso·
1101 2543 1116 2590 ;
1159 2541 1209 2580 et
1234 2527 1453 2580 Met.vl
1469 2569 1485 2594 ,

469 2632 568 2676 aa,
619 2608 792 2662 Sive
835 2607 939 2659 levi
989 2617 1208 2659 teretem
1247 2607 1488 2660 versabat

465 2649 656 2764 pollice
675 2689 901 2740 fusum·
909 2686 1122 2739 ..Bou
1140 2715 1210 2726 ——
1228 2686 1294 2738 In
1313 2700 1483 2739 teretes

459 2791 558 2844 pro
592 2782 784 2821 veteres
815 2765 1038 2820 libenter
1075 2762 1317 2819 adsentio
1348 2766 1484 2820 Bm·-

463 2868 694 2915 mamm,
735 2847 944 2917 reliqua
987 2843 1243 2899 audacius
1285 2857 1482 2900 mutata

461 2941 600 2984 sunt.
633 2927 746 3000 Ego
783 2923 1095 2996 simpliciter
1131 2942 1230 2997 pro
1267 2925 1483 2980 nomine

465 3013 654 3063 vellera
676 3007 895 3060 verbum
921 3009 1104 3057 vellere
1125 3022 1329 3075 repono
1343 3043 1359 3070 ,
1380 3004 1416 3055 i.
1434 3023 1478 3058 e.

459 3107 676 3161 carpere
711 3085 795 3140 vel
833 3083 1042 3138 trahere
1076 3099 1275 3154 pensa:
1319 3093 1412 3136 aut
1436 3084 1481 3136 si

459 3168 657 3232 mavis,
676 3161 791 3238 lege
813 3181 1028 3226 vertere,
1061 3181 1187 3216 nam
1203 3183 1368 3233 pensa
1390 3162 1476 3216 vel

456 3247 682 3301 stamina
698 3245 828 3296 lanoe
849 3247 1089 3305 coeuntia,
1101 3243 1138 3294 i.
1153 3262 1198 3296 e.
1211 3253 1473 3307 contorta,

454 3335 734 3379 vertuntur
755 3321 809 3373 in
831 3322 1016 3392 globos
1043 3334 1246 3375 teretes.

527 3405 615 3468 45.
643 3409 778 3470 Quas
799 3421 908 3452 cum
925 3403 1176 3469 multiplici
1191 3402 1215 3426 '¹
1235 3403 1478 3468 finarum

452 3487 568 3538 licia
605 3501 797 3551 gressu.
838 3479 922 3532 Ita
957 3479 1232 3549 legebatur
1267 3479 1322 3532 in
1353 3480 1469 3547 MS,

453 3563 548 3619 sed
581 3571 846 3633 corrupte.
886 3558 1156 3629 suspicior
1179 3559 1475 3627 firmarunt

451 3642 818 3716 castigandum
840 3657 981 3696 esse:
1003 3639 1078 3692 sio
1098 3640 1238 3693 enim
1261 3641 1316 3692 in
1340 3640 1472 3694 lani-

447 3726 573 3779 ficio
605 3725 895 3776 Parcarum
915 3761 931 3786 ,
963 3719 1184 3774 Achillis
1219 3719 1304 3772 fila
1340 3739 1470 3774 nen-

447 3807 584 3858 tium
604 3841 619 3867 ,
644 3801 909 3862 Catullus,
939 3805 1114 3853 carm.
1139 3799 1304 3862 LXV,
1333 3800 1465 3854 315:

449 3885 718 3938 «Dextera
738 3894 852 3934 tum
869 3879 1057 3934 leviter
1079 3871 1346 3931 deducens
1374 3879 1467 3932 fila

453 3963 653 4034 supinis
695 3959 974 4014 Formabat
1020 3957 1234 4030 digitis,
1297 3969 1398 4012 etc.
1437 3983 1460 4004 ε

449 4049 677 4093 For-mare
699 4052 874 4092 autem
894 4051 946 4091 et
965 4039 1232 4104 informare
1249 4049 1325 4091 est
1342 4057 1462 4109 ope-

443 4121 517 4174 ris
563 4121 788 4171 formam
836 4119 1111 4171 instruere.
1159 4115 1316 4170 Forte
1359 4135 1459 4188 pro
1550 4119 1761 4174 Moecen.
1790 4124 1883 4192 73,
1916 4122 1983 4176 de
2014 4123 2272 4192 Hercule,

1587 1028 1839 1095 multiplici
1846 1046 2021 1096 gressu
2044 1025 2433 1080 emendandum
2450 1048 2609 1088 nexu,

1587 1105 1711 1177 quia
1732 1122 1942 1159 sursum
1963 1125 2173 1159 versum
2200 1108 2449 1160 texebant
2472 1117 2615 1160 stan-

1586 1195 1664 1238 tes
1682 1224 1697 1248 ,
1720 1183 1865 1238 unde
1886 1203 2041 1238 versu
2066 1184 2393 1256 prmcedente
2414 1205 2616 1254 suspen-

1586 1265 1663 1314 dis
1701 1266 1913 1316 stamine
1948 1267 2071 1316 telas
2086 1285 2109 1323 ,-
2147 1276 2197 1316 et
2238 1269 2464 1334 pendula
2509 1271 2611 1318 tela

1586 1340 1779 1393 Ovidio
1793 1342 1997 1414 „Epist
2016 1341 2195 1406 1‚10.·
2215 1361 2375 1418 quem
2392 1343 2609 1398 texendi

1588 1382 1809 1473 moduni
1848 1421 2054 1492 egregie
2080 1419 2361 1474 illustravit
2385 1423 2607 1476 Salmas.

1586 1497 1653 1551 ad
1673 1500 1889 1572 Vopisci
1908 1499 2172 1552 Aurelian.
2192 1519 2303 1572 cap.
2324 1506 2409 1563 46.
2422 1501 2605 1556 Bm.

1586 1607 1657 1617 —
1691 1579 1823 1632 Fani
1866 1578 2203 1632 Burmannus
2244 1578 2477 1644 videtur,
2512 1583 2611 1654 qui

1585 1675 1795 1711 versum
1817 1658 1961 1710 hunc
1988 1657 2057 1711 de
2081 1657 2244 1710 modo
2267 1677 2477 1712 sursum
2493 1678 2609 1712 ver-

1585 1754 1701 1788 sum
1724 1737 1933 1791 texendi
1952 1775 1969 1802 ,
2002 1749 2055 1790 et
2087 1737 2271 1808 spatha
2297 1737 2456 1792 telam
2490 1757 2609 1810 per·

1584 1816 1818 1871 cutiendi
1837 1855 1854 1880 ,
1882 1817 2085 1888 accipit.
2112 1815 2467 1870 Praecedentia
2494 1837 2610 1872 ver-

1582 1898 1652 1949 ba
1682 1899 1937 1965 suspendis
1968 1899 2181 1948 stamine
2214 1899 2337 1947 telas
2368 1895 2607 1950 indimre

1584 1974 1849 2039 videntur,
1893 1985 2165 2027 auctorem
2200 1971 2269 2026 de
2304 1977 2607 2031 recentiore

1580 2066 1797 2107 textura
1828 2054 2032 2107 ratione
2058 2053 2207 2124 loqui
2229 2091 2246 2116 ‚
2284 2071 2391 2126 qua
2424 2055 2533 2110 tela
2570 2077 2605 2110 a

1578 2132 1885 2186 sedentibus
1910 2133 2183 2187 texebatur
2206 2145 2259 2184 et
2280 2134 2495 2204 pectine
2522 2136 2602 2188 fe-

1576 2214 1831 2276 riebatur,
1887 2231 1949 2266 ac
2007 2213 2283 2266 subtemen
2345 2211 2603 2270 deorsum

1574 2293 1909 2346 trudebatur.
1942 2291 2074 2345 Inde
2114 2293 2215 2346 hoc
2244 2311 2399 2347 versu
2432 2297 2601 2350 multo

1576 2373 1779 2426 facilius
1834 2384 1887 2426 et
1942 2373 2215 2444 scripture
2256 2375 2430 2445 aptius
2475 2375 2601 2448 lego

1573 2455 2105 2522 muluplicisrenamnt
2120 2455 2237 2507 licia
2249 2451 2455 2522 jussu,
2472 2454 2528 2508 h.
2548 2475 2597 2509 e.

1573 2531 1689 2588 licia
1704 2573 1720 2598 ,
1760 2532 1951 2604 quibus
1989 2532 2265 2586 subtemen
2312 2533 2596 2606 intelligit,

1570 2611 1775 2665 adnexa
1800 2611 1916 2665 telae
1937 2653 1951 2678 ,
1972 2610 2057 2664 vel
2074 2611 2227 2666 radio
2248 2613 2477 2668 immissa
2500 2616 2599 2668 im·

1568 2691 1861 2761 plicarunt,
1879 2691 2159 2744 vinxerunt
2177 2693 2404 2746 stamina
2422 2733 2438 2761 ,
2452 2715 2597 2763 gres-

1569 2791 1625 2820 su
1646 2773 1906 2838 multiplici,
1922 2770 1958 2822 i.
1976 2789 2025 2824 e.
2043 2771 2434 2843 progrediendo
2450 2775 2596 2828 inter

1566 2851 1720 2922 plura
1737 2851 1983 2902 stamina.
2000 2849 2137 2904 Hinc
2156 2855 2298 2903 radio
2307 2873 2595 2921 pereat-rem

1568 2936 1693 2982 celas
1738 2928 1893 2982 dicit‘
1920 2929 2075 2984 ovid.
2120 2931 2163 2982 F
2164 2944 2259 2984 ast.
2300 2932 2413 2994 ῙΠ,
2460 2935 2590 3002 819.

1566 3010 1859 3080 Utramque
1898 3009 2103 3063 texendi
2139 3011 2365 3064 formam
2398 3009 2593 3066 descri-

1566 3089 1693 3160 psit,
1730 3100 1783 3142 et
1809 3088 2049 3159 exemplo
2074 3089 2292 3160 picturae
2312 3131 2328 3157 ,
2362 3109 2425 3143 ex
2450 3093 2589 3146 anti·

1564 3188 1672 3240 quo
1712 3167 1889 3221 codice
1916 3167 2209 3238 virgiliano
2234 3170 2450 3240 prolata!
2474 3210 2490 3238 ,
2528 3173 2589 3226 il-

1563 3247 1807 3301 lustravit
1838 3249 1928 3300 100
1947 3247 2255 3319 Ciampinus
2278 3287 2293 3312 ,
2327 3250 2585 3306 Veterum

1563 3328 1800 3380 Monum.
1825 3341 1958 3398 part.
1986 3327 2036 3389 1,
2064 3346 2177 3399 cap.
2208 3329 2269 3380 13
2291 3367 2306 3391 ,
2328 3348 2383 3400 p.
2406 3339 2529 3395 104.

1634 3409 1717 3467 46.
1753 3408 1985 3457 finer-is
2010 3420 2060 3458 et
2074 3407 2257 3474 digitis.
2279 3406 2587 3464 Praestiterit

1562 3487 1775 3536 Dux-eris
1798 3499 1845 3536 ee
1870 3487 2038 3553 digitis
2068 3500 2168 3536 eum
2198 3491 2471 3560 molliafila
2488 3510 2583 3559 ge-

1560 3567 1742 3625 mellis,
1769 3583 1877 3616 non
1894 3567 2137 3627 traxeris,
2165 3566 2311 3637 quod
2328 3567 2431 3620 filis
2448 3573 2583 3626 mol-

1558 3643 1694 3696 libus
1716 3662 1824 3696 non
1846 3644 2122 3710 convenit,
2162 3658 2214 3698 ct
2238 3661 2463 3711 traxere,
2490 3651 2579 3704 vel

1558 3738 1575 3772 e
1578 3725 1709 3774 rabis
1732 3737 1863 3782 aree,
1904 3735 1961 3775 ut
1990 3725 2221 3795 conjeci,
2258 3725 2418 3780 modo
2438 3747 2579 3802 pro-

1559 3803 1729 3856 cessit.
1770 3801 1940 3855 Possis
1968 3817 2020 3856 et
2054 3807 2295 3866 Tor-seris,
2330 3819 2391 3858 ut
2428 3810 2577 3881 apud

1556 3882 1658 3932 Ov.
1683 3881 1805 3934 Met.
1826 3881 1960 3946 ΧΠ,
1981 3883 2157 3952 475,ι
2136 3885 2494 3958 -columque‚
2518 3889 2577 3956 1,

1555 3978 1682 4031 cape
1711 3979 1833 4014 cum
1861 3960 2116 4025 calathis,
2144 3977 2197 4017 et
2220 3965 2446 4018 stamina
2464 3967 2577 4038 pol-

1552 4037 1651 4091 lice
1672 4049 1901 4110 torque·
1907 4041 2134 4094 ‚Auctor
2150 4041 2383 4114 Elegia·
2365 4063 2421 4097 ιιι
2438 4046 2570 4099 obit.

2312 4153 2337 4173 «π
2370 4128 2570 4182 mnmi
