2975 4684
549 372 688 443 612
1305 370 1840 457 EXCURSUS
1888 372 1923 439 I

554 492 1038 583 diligentissime
1071 489 1171 577 agi
1211 489 1434 571 jubet,
1465 491 1556 553 ob
1603 512 1929 570 caussam,
1966 512 2161 577 quam
2199 490 2337 579 ipse
2380 492 2681 573 Troianis

551 596 788 684 aperit,
825 590 1003 657 Iliad.
1025 591 1217 672 VIII,
1249 590 1412 654 510:

829 737 1020 797 Μήπως
1049 736 1134 789 καὶ
1165 731 1255 787 διὰ
1289 737 1443 789 νύκτα.
1471 738 1871 809 καρηκομόωντας
1894 719 2073 805 Ἀχαιοὶ

1404 832 1613 855 ’2⁹'

549 992 653 1054 Sic
677 990 746 1052 in
777 988 1102 1076 angustias
1135 984 1376 1049 redacti
1404 1002 1470 1049 et
1501 1007 1721 1049 rerum
1746 1008 2009 1050 suarum
2035 984 2269 1074 trepidi
2298 984 2677 1051 Graecorum

550 1092 748 1156 duces
776 1088 1000 1154 eadem
1031 1103 1222 1151 nocte
1253 1086 1337 1151 de
1358 1088 1559 1151 salute
1578 1109 1693 1151 sua
1720 1088 2093 1152 consultant
2110 1134 2126 1167 ,
2150 1102 2217 1151 et
2242 1087 2505 1151 tandem
2526 1112 2677 1153 sua-

549 1194 742 1257 dente
775 1186 1050 1255 Nestore
1094 1187 1478 1277 legationem
1528 1187 1611 1251 ad
1653 1187 1971 1253 Achillem
2018 1187 2417 1269 decernunt,
2470 1190 2669 1263 Hom.

547 1296 622 1361 11.
637 1295 720 1373 X,
746 1290 886 1357 165.
906 1289 1124 1379 Legati
1145 1288 1227 1352 ad
1260 1290 1613 1353 tentorium
1629 1289 2252 1378 Achillispervenien
2262 1304 2357 1352 tes
2374 1288 2677 1353 mandata

549 1418 664 1459 sua
689 1389 1055 1480 exponunt,
1083 1406 1148 1453 et
1162 1406 1238 1453 ut
1256 1388 1519 1453 tandem
1546 1390 1795 1454 exorari
1812 1412 1881 1453 se
1914 1389 2196 1478 patiatur
2226 1388 2447 1473 multis
2458 1390 2673 1453 verbis

547 1498 922 1573 hortantur,
949 1514 1113 1555 vers.
1152 1488 1276 1555 225
1312 1512 1493 1579 seqq.
1528 1491 1653 1555 Hic
1684 1490 1969 1555 renitens
2000 1505 2067 1553 et
2090 1488 2499 1554 inexorabilis
2524 1514 2673 1579 per-

547 1611 701 1676 stat,
733 1596 1108 1681 legatosque
1139 1589 1400 1655 tandem
1429 1592 1605 1680 cogit
1630 1614 1701 1655 re
1732 1592 1971 1656 infecta
1997 1589 2365 1671 discedere,
2412 1607 2673 1655 retento

547 1717 764 1763 tamen
803 1696 1137 1776 Phoenice,
1180 1717 1466 1783 quocum
1500 1695 1786 1759 minatur
1815 1693 2126 1783 postridie
2161 1716 2230 1757 se
2262 1694 2537 1758 navibus
2565 1719 2673 1759 re—

545 1822 886 1865 versurum
934 1798 1002 1861 in
1058 1796 1402 1877 Graeciam,
1453 1820 1516 1859 v.
1564 1796 1716 1860 613.
1754 1796 2055 1860 Redeunt
2102 1795 2304 1885 igitur
2346 1795 2573 1885 legati,
2608 1814 2675 1859 et

547 1903 750 1965 relato
805 1898 1066 1963 Achillis
1117 1920 1429 1987 responso
1479 1897 1711 1962 suadet
1754 1897 2101 1963 Diomedes
2117 1945 2138 1978 ,
2196 1912 2275 1961 ut
2308 1899 2551 1961 omisso
2590 1920 2672 1962 eo

551 2004 670 2092 ipsi
705 2001 828 2066 sibi
865 2001 1242 2082 consulant,
1279 2000 1541 2063 interim
1578 2000 1872 2063 cubitum
1904 2013 2054 2063 eant
2074 2046 2094 2077 ,
2125 2014 2189 2063 et
2228 1996 2377 2062 cibo
2404 2021 2675 2062 somno·—

549 2126 677 2193 que
709 2102 961 2178 refecti,
1015 2102 1205 2165 simul
1237 2118 1428 2188 atque
1473 2099 1611 2163 dies
1646 2099 1955 2181 illuxerit,
2000 2120 2151 2163 cum
2182 2099 2382 2187 copiis
2418 2099 2551 2162 suis
2588 2099 2674 2163 ad

549 2228 739 2270 naves
771 2204 1016 2284 adsint,
1050 2226 1108 2267 v.
1150 2202 1300 2290 703.
1330 2202 1481 2265 Haec
1508 2201 1705 2288 igitur
1732 2201 1951 2263 omnia
1980 2221 2111 2263 una
2134 2214 2325 2263 nocte
2358 2214 2499 2263 acta
2532 2221 2674 2264 esse

545 2331 626 2372 ex
675 2305 944 2370 Homeri
981 2306 1344 2369 narratione
1381 2318 1667 2390 apparet.
1716 2302 2064 2391 Propterea
2108 2300 2502 2365 Bondamius
2546 2324 2675 2389 pro

545 2410 716 2473 hoste
759 2405 1001 2494 repulso
1037 2407 1160 2493 legi
1200 2404 1387 2485 jubet
1429 2426 1589 2467 mox
1636 2418 1814 2467 nocte
1866 2402 2100 2491 rqmdsi
2113 2451 2133 2482 ,
2176 2418 2249 2465 ut
2280 2424 2505 2466 sensus
2546 2404 2635 2468 sit
2653 2452 2673 2482 ‚

545 2510 826 2588 Groecos,
855 2506 968 2593 qui
993 2506 1076 2569 ab
1098 2507 1376 2570 Hectore
1395 2504 1654 2593 repulsi,
1676 2520 1742 2567 et
1764 2504 1843 2569 ad
1872 2522 2077 2569 castra
2100 2526 2215 2568 sua
2236 2504 2441 2592 fugati
2462 2520 2672 2581 erant,

545 2624 722 2673 nocte
757 2609 896 2689 illa,
932 2627 1062 2693 qua
1094 2628 1132 2667 a
1168 2604 1462 2683 Trojanis
1494 2603 1959 2671 obsidebantur
1976 2652 1993 2687 ,
2039 2607 2279 2694 legatos
2312 2606 2561 2669 misisse
2586 2604 2673 2669 ad

545 2710 884 2775 Achillem.
917 2707 1402 2771 Correcn'onem
1441 2706 1639 2787 hanc,
1674 2706 1744 2769 in
1778 2730 1847 2771 se
1878 2706 2313 2797 probabilem,
2358 2708 2535 2771 ultro
2564 2730 2675 2771 re·

543 2812 856 2899 cepissem
893 2809 960 2872 in
993 2822 1274 2888 textum,
1312 2807 1438 2870 nisi
1467 2807 1795 2873 crederem
1828 2808 2047 2873 locum
2080 2830 2233 2873 eum
2264 2809 2471 2873 multo
2510 2810 2671 2872 faci-

543 2912 666 2977 lius
721 2927 787 2974 et
835 2910 1072 3000 leviore
1129 2930 1280 2971 cum
1339 2908 1701 2972 mutatione
1762 2910 2088 2997 persanari
2142 2931 2353 2997 posse.
2408 2910 2667 2975 Etenim

541 3013 944 3077 mentionem
999 3012 1204 3075 noctis
1253 3010 1361 3073 hic
1410 3010 1679 3075 minime
1734 3013 2155 3077 necessariam
2205 3010 2485 3075 arbitror
2504 3059 2523 3094 ,
2592 3030 2671 3077 ut

542 3129 881 3203 propterea
932 3112 1103 3175 hoste
1148 3112 1214 3174 in
1267 3125 1446 3175 nocte
1477 3111 1867 3179 mutandum
1918 3114 2001 3178 sit
2014 3162 2033 3189 ‚
2077 3112 2395 3201 siquidem
2442 3128 2673 3177 auctor

541 3216 680 3303 ipse
722 3229 871 3302 post
925 3213 1357 3277 narrationem
1403 3235 1587 3277 suam
1637 3215 1949 3302 temporis
1986 3214 2482 3303 descriptionem
2516 3216 2671 3279 satis

541 3314 872 3381 definitam
917 3313 1148 3393 adjecit
1177 3336 1370 3377 versu
1409 3313 1559 3400 698.
1592 3315 1659 3378 Si
1694 3316 1945 3381 mentio
1988 3316 2123 3380 fieri
2150 3316 2359 3381 noctis
2390 3315 2673 3381 debebat

541 3418 875 3497 hocloco,
907 3437 1061 3478 sane
1104 3438 1238 3479 non
1271 3432 1408 3479 erat
1437 3432 1569 3479 tam
1602 3414 1904 3496 breviter,
1948 3434 2013 3481 et
2054 3418 2232 3481 velut
2270 3418 2337 3479 in
2384 3418 2669 3481 transitu

539 3537 606 3585 et
635 3541 773 3582 uno
802 3516 1004 3581 verbo
1035 3516 1390 3606 tangenda,
1424 3532 1501 3580 ut
1533 3518 1795 3604 quidem
1836 3514 2109 3607 scriptor
2143 3539 2180 3580 e
2222 3516 2541 3581 sententia
2582 3520 2665 3582 cl.

537 3617 875 3685 Bondamii
911 3616 1078 3681 fecit.
1121 3618 1246 3682 Sed
1279 3619 1631 3705 quominus
1660 3636 1919 3683 noctem
1962 3619 2071 3683 hic
2105 3618 2503 3682 nominatam
2536 3642 2667 3707 pu-

541 3738 672 3785 tem
691 3768 710 3803 ,
733 3722 868 3783 fere
890 3718 1236 3807 persuadet
1263 3720 1424 3783 mihi
1444 3722 1771 3808 praemissa
1792 3722 2021 3784 vocula
2051 3742 2237 3800 mox,
2277 3742 2419 3806 quae
2450 3742 2569 3806 per
2594 3742 2667 3783 se

541 3840 800 3909 tempus
815 3832 1294 3915 consequutum
1321 3822 1598 3904 indicat,
1634 3840 1728 3905 et,
1764 3823 1815 3887 si
1830 3838 2011 3887 nocte
2026 3822 2382 3903 adjiciatur,
2414 3822 2665 3910 signifi-

537 3948 684 3993 care
729 3924 1020 4006 videtur,
1077 3948 1220 4012 quae
1275 3942 1424 3989 ante
1471 3927 1638 3991 faeta
1690 3926 1771 3991 ab
1809 3944 2074 3992 anctore
2114 3944 2476 4010 narrantur,
2523 3953 2661 3995 non

535 4029 750 4113 priore
771 4042 952 4113 parte
975 4028 1183 4090 noctis
1201 4076 1218 4107 ,
1245 4026 1357 4089 sed
1387 4026 1674 4091 interdiu
1696 4028 2027 4109 accidisse,
2065 4030 2243 4116 quod
2274 4048 2499 4096 contra
2522 4054 2663 4095 esse

535 4148 612 4187 ex
647 4126 907 4187 Homeri
941 4128 1339 4207 narratione,
1379 4140 1444 4191 et
1478 4150 1595 4215 per
1622 4151 1691 4193 se
1728 4131 1949 4218 liquet.
1990 4134 2219 4219 Itaque
2248 4132 2487 4197 leviore
2518 4153 2665 4196 cor-
