2975 4684
781 351 1208 420 CARMEN
1275 353 1330 419 A
1350 353 1418 419 D
1487 353 2192 426 AUGUSTINUM.

2419 359 2551 446 431

519 471 794 554 Terret,
820 471 936 540 ubi
980 473 1311 542 insontem
1347 475 1657 566 precibus
1690 479 1873 546 Deus
1910 478 2101 547 audit
2139 483 2407 574 apertis,
2506 521 2555 556 σο

514 583 600 648 Et
644 605 826 649 nunc
860 581 1294 651 Romulidum
1328 583 1521 653 sedes
1552 599 1619 654 et
1656 587 1879 656 inania
1916 589 2075 658 tecti

513 689 859 778 Culmina,
898 693 1388 787 bacchatasque
1421 693 1695 782 domuS,
1728 721 2067 792 vanosque
2102 699 2426 772 tumultus

511 801 898 868 Desererem
923 853 944 888 ‚
979 817 1048 870 et
1083 815 1266 871 totus
1291 803 1500 872 ‘semel
1539 804 1611 872 in
1643 819 1759 874 tua
1790 807 1995 876 corda
2032 812 2361 898 venirem,

509 911 596 978 Ni
639 935 825 978 mens
860 911 1174 1005 conjugio
1213 913 1605 983 incumbens
1642 916 1961 986 retineret
1996 934 2291 989 euntem.

511 1019 726 1090 Crede
761 1022 960 1110 meiS,
1001 1049 1046 1091 o
1077 1023 1306 1112 docte,
1339 1023 1570 1110 malis,
1608 1049 1901 1120 veroque
1936 1026 2151 1098 dolori
2174 1085 2193 1117 ‚
2497 1055 2546 1108 ,ς

507 1129 710 1220 Quod
751 1133 893 1202 sine
927 1147 994 1201 te
1028 1133 1246 1204 nullos
1287 1136 1693 1228 promittunt
1724 1137 1998 1208 carbasa
2036 1154 2305 1232 portuS,

484 1338 566 1389 70.
601 1324 854 1372 Insontem
879 1324 1104 1390 precibus
1131 1327 1263 1374 Deus
1289 1326 1432 1374 audie

409 1403 606 1468 apertis.
636 1399 843 1452 Insonti
868 1419 1052 1472 preces
1077 1415 1292 1469 apertas,
1318 1403 1352 1454 i.
1383 1419 1427 1454 e.

407 1478 550 1532 clara
577 1497 710 1533 voce
735 1479 968 1551 prolatas
995 1480 1182 1532 tribuit
1209 1481 1280 1534 ad
1309 1499 1428 1534 sen-

405 1559 626 1612 tentiam
642 1569 878 1612 veterum
896 1572 1170 1630 poetarum
1185 1601 1202 1626 ,
1219 1561 1316 1631 qui
1335 1559 1430 1614 ho-

405 1649 550 1692 nesta
579 1639 690 1710 peti
711 1639 854 1692 clara
891 1657 1022 1692 voce
1051 1657 1080 1690 a
1110 1640 1264 1691 bonis
1301 1639 1428 1694 viris

405 1715 596 1771 dicunt
612 1759 628 1784 ,
685 1718 848 1789 impia
914 1729 1104 1772 contra
1165 1720 1426 1772 submisso

405 1815 694 1850 murmure.
714 1797 856 1851 Pers.
875 1798 985 1852 Sat.
1007 1798 1092 1861 11,
1126 1801 1160 1850 6
1180 1817 1194 1851 :
1221 1824 1246 1844 ι
1264 1799 1422 1852 Haud

404 1877 574 1930 cuivis
601 1891 908 1950 promptum
931 1890 1039 1944 est,
1072 1897 1424 1950 murmurque

403 1955 734 2030 humilesque
747 1958 1198 2011 susurrosTollere
1213 1956 1282 2012 de
1294 1970 1424 2010 tem-

404 2035 538 2107 plis,
579 2049 630 2089 et
660 2049 842 2108 aperto
865 2037 1036 2090 vivere
1062 2049 1186 2090 voto
1207 2063 1247 2090 ι.
1277 2038 1420 2091 Con-

406 2115 504 2180 fer,
534 2135 652 2188 qun
673 2115 924 2168 Horatius
946 2115 1002 2168 in
1031 2115 1271 2169 eamdem
1304 2133 1423 2169 sen·

403 2194 620 2247 tentiam
643 2193 773 2248 dicit
796 2195 961 2266 Epist.
977 2195 1004 2246 1
1020 2236 1036 2261 ,
1064 2199 1128 2248 16
1144 2235 1160 2260 ,
1185 2195 1251 2263 59
1269 2215 1384 2268 sqq.

473 2289 559 2344 71.
585 2279 648 2325 Ec
672 2293 806 2326 nunc
824 2278 1128 2327 Romulidum
1147 2280 1303 2328 sedes.
1325 2269 1424 2329 Pu-

403 2352 588 2408 latium
603 2354 868 2407 Caesarum
880 2353 1156 2426 significat,
1167 2355 1262 2426 qui
1273 2356 1422 2427 quasi

401 2432 616 2485 Romuli
641 2451 980 2488 successores.
1000 2439 1260 2486 Romuleas
1281 2455 1423 2487 arces

399 2522 556 2564 vocat
603 2508 924 2566 Prudentius
978 2512 1036 2566 in
1081 2512 1280 2586 Symm.
1337 2514 1422 2582 11,

403 2590 504 2661 765
527 2607 544 2644 ε
566 2617 592 2638 α
611 2592 766 2645 Unus
787 2603 960 2644 nostra
975 2604 1126 2664 regat
1151 2604 1424 2667 servetque

398 2669 588 2740 palatia
605 2669 844 2725 Christus
857 2711 874 2736 ,
906 2671 988 2724 Ne
1006 2671 1128 2743 quis
1144 2673 1422 2728 Romuleas

395 2747 605 2802 damon
642 2751 752 2822 jam
787 2749 994 2802 noverit
1029 2768 1173 2803 arces
1193 2777 1235 2802 a.
1279 2751 1422 2804 Alias

395 2831 670 2880 Romulida!
686 2841 808 2882 sunt
825 2827 1062 2880 Romani.
1075 2829 1304 2901 Sulpicia
1317 2870 1334 2896 ,
1345 2849 1418 2884 vs.

399 2907 498 2978 573
523 2905 769 2962 prudent.
791 2906 985 2980 Apoth.
1013 2907 1136 2961 ²25.
1157 2910 1420 2963 Caeterum

395 3004 460 3040 ex
498 2986 583 3039 his
617 2987 796 3040 verbis
828 2987 1054 3040 Licentii
1089 2989 1418 3041 occasionem

395 3067 627 3138 captavit
655 3065 926 3122 Paullinns
940 3107 959 3133 ,
997 3077 1055 3119 nt
1075 3067 1241 3139 Epist.
1261 3085 1417 3134 avr,

393 3146 450 3198 in
463 3147 696 3200 carmine
713 3145 784 3199 ad
800 3145 1113 3208 Licentium,
1135 3146 1414 3199 scriberet:

405 3245 430 3271 ι
447 3225 602 3279 Nunc
623 3239 676 3280 te
698 3226 943 3280 sollicitat
958 3225 1117 3278 variis
1142 3226 1282 3278 male
1299 3243 1418 3279 sua-

392 3304 464 3359 da
493 3304 674 3377 figuris
689 3346 705 3371 ,
730 3305 880 3358 Heu!
908 3304 1112 3358 validos
1129 3305 1288 3358 etiam
1303 3324 1419 3358 ver-

392 3398 504 3439 tere
523 3386 690 3439 Roma
709 3397 896 3458 potens
913 3409 952 3436 a.
966 3415 1035 3426 —
1052 3383 1187 3436 Mihi
1207 3383 1418 3440 videtur

391 3465 478 3518 his
503 3465 739 3518 versibus
765 3464 1029 3518 Licentius
1065 3463 1320 3519 adlusisse
1343 3464 1415 3520 ad

326 3539 332 3544 ’
392 3543 569 3598 locum
593 3545 826 3610 Horatii,
857 3544 1031 3598 Carm.
1052 3544 1162 3610 111,
1200 3561 1265 3611 ²9
1285 3581 1301 3608 ,
1337 3563 1406 3614 9:

392 3649 418 3669 α
437 3623 786 3678 Fastidiosam
839 3629 1008 3676 desere
1063 3623 1266 3693 copiam
1286 3661 1303 3686 ,
1360 3636 1414 3677 et

391 3702 591 3756 Molem
620 3707 950 3772 propinquam
981 3706 1184 3754 nubibus
1227 3701 1411 3756 arduis

399 3783 645 3836 ...beatae
663 3781 885 3836 Pumum
911 3794 964 3834 et
989 3799 1131 3854 opes,
1147 3785 1416 3849 ser-epium·-

392 3881 492 3930 que
509 3866 676 3913 Roma
699 3887 740 3915 ι».
768 3861 864 3916 En.

463 3959 548 4010 72.
599 3945 971 4008 Bacchumque
1009 3943 1209 4000 domus,
1251 3939 1417 3993 homi-

389 4039 518 4072 nnm
546 4019 990 4092 frequentantium
1023 4019 1176 4071 turba
1207 4030 1257 4070 et
1283 4031 1414 4070 stre-

387 4101 506 4172 pitu
527 4139 540 4164 ,
579 4100 730 4170 quasi
776 4097 1146 4152 bacchantium
1171 4136 1186 4161 ‚
1239 4115 1416 4170 perso·

1515 1332 1719 1374 nautes.
1752 1320 1839 1374 Sic
1862 1321 1983 1374 val.
2016 1323 2265 1391 Flaccus,
2306 1323 2400 1376 lib.
2432 1325 2547 1399 111,

1520 1417 1618 1453 ao:
1644 1398 1945 1472 «Dindyma
1962 1401 2263 1474 sanguineis
2286 1403 2545 1458 famulum

1514 1477 1767 1532 bacchata
1782 1478 1990 1532 lacertis
2000 1505 2045 1532 n.
2064 1481 2385 1536 Prudentius
2398 1484 2544 1537 «bac-

1512 1557 1724 1610 chantia
1764 1555 1960 1629 gaudia
2002 1558 2229 1612 mundi»
2270 1559 2399 1614 dicit
2431 1563 2543 1617 Ha-

1514 1649 1668 1691 mart.
1690 1637 1812 1707 37⁵.
1845 1637 2143 1690 Praesertim
2166 1640 2315 1713 virg.
2346 1640 2539 1714 Georg.

1514 1716 1605 1780 11,
1636 1718 1773 1786 487τ
1810 1716 2149 1787 «virginibus
2168 1719 2423 1774 bacchata
2441 1722 2540 1774 La—

1512 1795 1665 1848 cauis
1680 1795 1973 1867 Taygeta».
1994 1796 2097 1849 En.

1587 1875 1673 1943 73.
1700 1877 1843 1924 Tonas
1862 1878 2015 1926 semel
2036 1877 2089 1926 in
2118 1887 2205 1925 tua
2224 1880 2377 1928 corda
2399 1883 2541 1932 wni-

1509 1972 1641 2014 rem,
1679 1963 1820 2005 totus
1850 1971 1937 2005 me
1958 1951 2027 2005 ad
2050 1952 2212 2006 animi
2243 1954 2321 2008 tui
2348 1971 2537 2012 votum

1510 2041 1563 2084 et
1596 2031 1909 2084 sententiam
1944 2032 2401 2089 accommodarem
2418 2077 2435 2103 ,
2476 2052 2536 2092 ut

1509 2129 1597 2163 me
1625 2110 1841 2185 doceres
1868 2123 1920 2164 et
1942 2130 2155 2183 regeres
2183 2128 2197 2162 :
2222 2111 2421 2167 dictum
2440 2155 2457 2180 ,
2476 2129 2537 2170 ut

1510 2191 1637 2244 alias
1656 2196 1729 2242 ire
1744 2194 1797 2242 in
1818 2194 2027 2260 alicujus
2049 2196 2339 2244 seutentiam
2348 2233 2367 2255 ,
2395 2207 2447 2247 et
2466 2198 2535 2250 ab

1509 2265 1703 2323 ovidio
1732 2274 1907 2322 venim
1946 2275 1997 2322 in
2040 2273 2283 2324 arbitr-ium
2320 2272 2535 2343 dicitur,

1510 2347 1636 2402 Her.
1680 2351 1837 2416 xvl,
1876 2350 1973 2404 136
1998 2368 2015 2404 z
2053 2375 2079 2396 κ
2095 2351 2257 2404 Venit
2296 2352 2353 2406 in
2394 2356 2533 2409 arbi-

1510 2428 1673 2481 trium
1701 2447 1869 2501 quum
1890 2431 2152 2502 Cytherea
2180 2450 2357 2485 meum
2382 2461 2422 2488 ω.

1582 2517 1669 2576 74.
1700 2514 1774 2560 Ni
1804 2527 1943 2561 mens
1970 2513 2202 2579 conjugio
2228 2514 2531 2570 incumbens.

1511 2584 1789 2651 Barffiius,
1828 2587 2048 2642 Advers.
2078 2589 2184 2651 VI,
2234 2593 2295 2644 13
2312 2632 2331 2657 ,
2374 2607 2530 2664 putat

1508 2666 1809 2719 Licentium
1826 2686 1937 2720 uon
1953 2665 2042 2720 hic
2063 2666 2131 2720 de
2154 2669 2359 2724 uxoriis
2374 2673 2537 2728 rebus

1509 2745 1686 2817 loqui,
1706 2758 1760 2798 et
1776 2747 2082 2819 conjugium
2106 2766 2215 2800 non
2238 2767 2446 2823 semper
2464 2752 2533 2808 de

1510 2825 1845 2879 matrimonio
1855 2827 2057 2896 junctis,
2068 2867 2085 2892 ,
2104 2826 2197 2880 sed
2216 2840 2268 2881 et
2286 2830 2399 2884 aliis
2414 2834 2533 2903 pari

1508 2923 1690 2958 amore
1706 2904 1917 2958 duobus
1937 2906 2129 2976 accipi.
2153 2906 2255 2960 Sed
2278 2908 2531 2982 interpre-

1508 2995 1619 3038 tem
1654 2985 1880 3038 Licentii
1907 2984 2205 3038 Paullinum
2238 2985 2411 3052 dabo,
2434 2993 2529 3062 qui

1508 3063 1577 3116 ad
1606 3064 1876 3136 praecipua
1904 3075 2169 3116 momenta
2215 3064 2377 3138 hujus
2411 3088 2531 3123 car·

1506 3143 1665 3196 minis
1697 3144 1753 3195 in
1798 3161 1892 3210 eo,
1932 3141 2079 3215 quod
2114 3142 2187 3196 ad
2230 3145 2527 3202 Licentium

1506 3222 1746 3294 scripsit,
1775 3222 2091 3294 respondet,
2122 3235 2282 3295 atque
2306 3245 2431 3279 eum
2458 3227 2527 3282 de

1504 3301 1845 3354 matrimonio
1864 3312 1915 3353 et
1932 3301 2227 3357 honoribus
2242 3305 2417 3360 Rome
2434 3328 2527 3362 ca-

1503 3379 1711 3452 piendis
1732 3379 2012 3452 cogitasse,
2030 3381 2223 3436 diserte
2246 3383 2526 3448 adfirmat:

1504 3485 1531 3506 α
1552 3461 1639 3513 Τιι
1660 3460 1921 3514 thalamos
1947 3461 2070 3515 licet
2098 3475 2151 3515 et
2174 3464 2339 3518 celsos
2364 3467 2527 3521 medi-

1502 3541 1625 3592 teris
1657 3541 1884 3594 honores
1913 3542 2067 3596 Nunc
2084 3581 2101 3606 ,
2144 3544 2274 3596 olim
2298 3548 2527 3602 Domino

1500 3620 1779 3674 restituere
1804 3635 1897 3674 tuo
1914 3647 1955 3674 -.

1573 3703 1657 3776 76.
1686 3704 1835 3768 Quod
1848 3705 1958 3752 sine
1984 3715 2033 3752 te
2062 3705 2221 3753 nullos
2243 3707 2529 3769 promittunt

1506 3783 1719 3832 carbasa
1738 3795 1907 3848 porcus
1921 3817 1937 3841 ,
1974 3778 2027 3832 h.
2051 3799 2099 3832 e.
2127 3779 2273 3851 quod
2287 3821 2303 3847 ,
2339 3782 2437 3834 nisi
2470 3797 2525 3838 tu

1506 3877 1591 3912 me
1604 3875 1773 3930 regas,
1793 3877 2068 3929 nunquam
2087 3871 2217 3929 puto
2238 3877 2325 3912 me
2343 3880 2403 3913 ex
2424 3861 2527 3918 hac

1501 3939 1789 4010 jactatione
1814 3937 1935 3990 vitaz
1964 3936 2277 3990 turbulentae
2300 3937 2369 3990 ad
2388 3952 2529 3996 tran·-

1505 4017 1817 4090 quillitatem
1893 4015 2057 4069 animi
2128 4031 2523 4087 perventurum.

1512 4101 1731 4148 Carbasa
1757 4114 1855 4168 pro
1882 4093 2227 4167 navigatione.
2256 4129 2327 4138 --
2352 4099 2533 4154 Imita-
