2975 4684
725 366 1340 455 EORUMQUE
1407 370 2078 438 FRAGMENTA.
2323 372 2460 468 497

355 495 654 575 adjuncta
667 494 922 561 Pindari
938 496 1230 561 Thebani
1249 492 1547 585 Epitome
1562 496 1775 561 Iliadis
1792 499 2082 579 Homeri,
2096 501 2278 565 Basil.
2302 524 2327 565 1
2340 500 2464 568 583

355 617 422 665 et
457 598 654 681 1603,
681 600 790 663 fol.
824 600 1144 681 Quartum
1171 600 1375 665 edidit
1403 601 1528 665 sub
1559 600 1805 666 Daretis
1834 600 2097 693 Phrygii
2125 620 2189 667 et
2218 606 2465 669 Corne-

354 707 425 769 lii
444 707 610 793 Nep.
630 704 870 784 junctis
889 705 1260 769 nominibus
1278 706 1456 771 Alex.
1477 707 1619 770 Car.
1634 706 2039 795 Trognoesius
2053 756 2070 784 ‚
2097 710 2209 796 qui
2233 711 2462 775 Joanni

355 812 437 875 de
461 812 686 898 Bloys,
715 812 784 874 in
833 834 1132 899 suprema
1167 811 1480 877 Flandriae
1526 813 1701 875 curia
1742 814 2103 877 consiliario
2124 863 2141 895 ‚
2192 815 2423 880 dicavit
2443 867 2461 898 ‚

360 917 736 1005 Antwerpiae
753 964 772 997 ‚
795 915 967 1004 apud
991 916 1209 981 Joach.
1226 916 1667 1006 Trognaesium
1686 966 1704 997 ,
1739 917 1901 981 1608
1922 966 1939 997 ,
1967 919 2139 1001 in-8,
2163 936 2227 984 et
2246 921 2469 1003 adjun-

360 1038 458 1086 cta
489 1038 644 1086 sunt
663 1023 960 1086 Poemata
990 1022 1286 1110 quaedam
1323 1038 1539 1086 vetera
1555 1071 1575 1102 ‚
1619 1024 1862 1088 Luoeni
1893 1024 2360 1115 Panegyricum
2389 1027 2473 1092 ad

357 1129 530 1216 Calp.
563 1128 898 1210 Pisonem,
938 1126 1139 1193 Gratii
1171 1129 1607 1216 Cynegeticon
1627 1177 1646 1210 ‚
1683 1128 1831 1195 Rufi
1866 1129 2041 1193 Festi
2084 1132 2309 1195 Avieni
2341 1134 2471 1197 De-

359 1232 620 1321 scriptio
663 1232 840 1296 orbis
877 1250 1062 1297 terrae
1083 1280 1102 1313 ‚
1142 1234 1231 1297 M.
1261 1234 1511 1297 Aurelii
1545 1233 1829 1321 Olympii
1858 1234 2223 1299 Nemesiani
2257 1240 2471 1326 Cyne-

358 1340 614 1429 geticon
635 1388 653 1421 ,
701 1338 988 1420 ejusdem
1035 1339 1377 1403 Bucolioon
1405 1386 1424 1422 ,
1474 1340 1599 1403 Titi
1635 1340 1810 1427 Calp.
1854 1341 2053 1405 Siculi
2096 1346 2464 1410 Bucolicon.

357 1446 684 1532 Sequutus
729 1460 827 1507 est
863 1443 1122 1507 Samuel
1155 1444 1558 1523 Dresemius‚
1598 1444 2004 1510 Dithmarsus
2020 1493 2037 1528 ,
2079 1449 2190 1536 qui
2226 1450 2473 1537 primus

359 1548 488 1614 hoc
522 1570 751 1638 poema
785 1548 1067 1636 Josepho
1107 1549 1334 1612 Isoeno
1365 1549 1647 1612 restituit
1666 1598 1683 1630 ‚
1718 1568 1784 1614 et
1824 1551 2089 1615 eruditis
2126 1556 2297 1619 notis
2329 1556 2475 1619 illu·-

361 1656 608 1736 stravit,
643 1654 940 1719 Francos.
979 1652 1178 1734 1623,
1213 1655 1396 1736 in·4‚
1447 1653 1561 1718 sed
1602 1654 1793 1717 nullis
1850 1656 2181 1723 codicibus
2240 1683 2471 1725 manu-

361 1762 614 1849 scriptis
645 1784 801 1826 usus
838 1778 974 1842 est3
1014 1784 1050 1824 e
1082 1760 1319 1849 quibus
1351 1760 1420 1825 id
1451 1760 1851 1825 emendatius
1892 1780 1958 1827 et
1992 1766 2301 1855 integrius
2342 1768 2479 1831 edi-

363 1866 460 1931 dit
499 1868 596 1932 10.
631 1867 894 1947 Morus,
937 1865 1254 1947 Londini,
1299 1864 1503 1954 1675,
1551 1866 1732 1949 in·8;
1786 1871 2138 1955 praesertim
2190 1874 2478 1937 versibus

364 1972 649 2055 insertis,
684 1974 920 2060 quibus
940 1971 1258 2035 Th0mam
1281 2020 1298 2053 ,
1337 1973 1862 2037 Cantuariensem
1888 1976 2262 2063 episcopum
2281 2027 2298 2057 ,
2336 1980 2474 2043 lau-

363 2077 501 2141 dari
529 2100 720 2166 supra
747 2078 1046 2142 diximus.
1073 2078 1369 2164 Denique
1395 2078 1713 2165 Iosephus
1741 2080 2003 2144 Iscanus
2033 2104 2070 2144 e
2099 2085 2477 2151 recensione

364 2201 430 2249 et
481 2208 632 2249 cum
683 2184 853 2248 notis
907 2182 1220 2247 Dresemii
1273 2180 1531 2245 additus
1582 2198 1678 2245 est
1723 2183 1987 2271 Dictyos
2042 2188 2363 2251 Cretensis
2416 2207 2479 2252 et

366 2292 611 2355 Daretis
661 2290 924 2377 Phrygii
983 2286 1160 2351 libris
1179 2335 1199 2366 ,
1260 2287 1785 2374 interpretatione
1835 2292 2039 2353 Annae
2091 2294 2367 2357 Daceriae
2416 2311 2480 2358 et

365 2398 536 2478 notis
560 2396 884 2461 variorum
913 2394 1238 2459 illustratis
1261 2442 1278 2474 ‚
1309 2394 1664 2458 Amstelod.
1700 2418 1898 2481 1702,
1926 2396 2094 2475 111-4.

451 2592 632 2658 XIX.
659 2592 836 2657 Alter
859 2592 972 2655 aevi
1003 2589 1198 2655 medii
1232 2590 1733 2654 Homerista.abs
1758 2614 1863 2655 me
1898 2592 2353 2658 memorandus
2386 2610 2483 2658 est

367 2698 657 2763 Albertus
687 2698 1003 2763 stadensis
1021 2745 1040 2777 ‚
1077 2698 1312 2761 saeculo
1347 2696 1507 2758 XIII
1540 2694 1747 2759 clarus
1762 2744 1781 2775 ,
1816 2697 1915 2776 cuj
1924 2720 1997 2759 us
2029 2696 2243 2761 adhuc
2274 2698 2483 2763 Chro-

367 2806 559 2870 nicon
607 2804 938 2894 cognitum
959 2848 978 2883 ,
1011 2818 1076 2865 et
1121 2824 1362 2865 nomen
1407 2801 1578 2863 inter
1624 2800 1979 2865 Historicos
2027 2803 2275 2867 celebre
2320 2804 2481 2885 fuit3

367 2910 479 2975 sed
505 2914 633 2976 Iac.
669 2909 842 2975 Frid.
875 2908 1316 2996 Heusingerus
1347 2922 1495 2994 post
1528 2904 1879 2993 fragmenta
1908 2908 2187 2971 Cornelii
2212 2908 2483 2995 Nepotis

367 3039 404 3081 e
422 3016 643 3081 codice
659 3016 1068 3079 Bibliothecae
1087 3013 1603 3100 Guelferbytanae
1618 3060 1637 3091 ‚
1656 3033 1805 3075 cum
1824 3012 1918 3075 Fl.
1940 3012 2135 3090 Mallii
2151 3012 2481 3077 Theodori

366 3122 533 3187 libro
581 3121 664 3185 de
701 3120 958 3201 Matris,
999 3117 1301 3206 Lugduni
1347 3120 1479 3181 Bat.
1532 3140 1633 3179 an.
1680 3116 1843 3201 1766
1882 3116 2085 3196 edita,
2120 3140 2197 3180 ex
2248 3117 2479 3181 eodem

368 3228 588 3293 codice
621 3244 852 3292 notum
884 3226 1029 3289 orbi
1062 3223 1316 3288 erudito
1345 3222 1497 3287 fecit
1533 3221 1775 3285 Alberti
1811 3219 2134 3285 Stadensis
2166 3222 2441 3287 Troilum
2458 3271 2477 3301 ‚

371 3334 467 3397 uti
511 3334 569 3397 ei
613 3333 822 3395 visum
869 3345 964 3393 est
1005 3327 1354 3391 inscribere
1397 3326 1729 3389 historiam
1774 3326 1921 3390 belli
1949 3327 2243 3409 Trojani,
2285 3350 2479 3417 quam

368 3440 618 3505 Daretis
640 3436 905 3525 Phrygii
925 3432 1204 3523 vestigiis
1227 3433 1527 3495 insistens
1550 3431 1826 3519 elegiaco
1848 3433 2131 3496 carmine
2152 3439 2478 3521 expressit.

369 3541 620 3607 Judicat
662 3542 1100 3629 Heusingerus
1141 3540 1182 3603 l.
1229 3561 1284 3600 0.
1326 3561 1390 3624 p.
1429 3535 1583 3616 113,
1609 3536 1945 3599 Albertum
1994 3537 2171 3602 hunc
2220 3541 2483 3627 quidem

367 3649 648 3735 Josepho
675 3650 935 3729 Iscan0‚
964 3647 1076 3735 qui
1105 3668 1238 3710 non
1266 3645 1474 3708 multo
1501 3661 1650 3707 ante
1677 3642 1965 3708 eamdem
1996 3648 2325 3710 materiam
2356 3672 2486 3712 car-

372 3756 548 3819 mine
573 3754 838 3818 hcroico
865 3754 1200 3841 scripserat
1217 3800 1235 3833 ‚
1265 3748 1562 3815 facundia
1588 3765 1652 3813 et
1675 3750 1972 3813 carminis
2000 3751 2309 3839 elegantia
2338 3776 2487 3817 con-

372 3858 634 3937 cedere,
667 3856 885 3922 studio
931 3874 1145 3920 tamen
1186 3871 1380 3942 atque
1421 3853 1685 3933 ardore,
1713 3876 1847 3940 quo
1890 3854 2107 3918 Musas
2152 3872 2335 3921 aetate
2384 3859 2489 3923 illa

372 3978 770 4050 contemptas
800 3978 864 4025 et
890 3962 970 4024 ab
1004 3958 1307 4023 omnibus
1341 3959 1472 4021 fere
1508 3957 1824 4045 neglectas
1858 3958 2089 4040 coluit,
2118 3983 2252 4023 non
2280 3963 2489 4027 mino-

373 4094 506 4134 rem
535 4070 761 4133 Iscano
785 4066 1040 4131 laudem
1067 4065 1314 4129 mereri.
1337 4064 1574 4127 Praeter
1596 4062 1728 4126 duo
1751 4078 1961 4127 autem
1986 4070 2447 4153 apospasmatia
2468 4120 2486 4146 ‚

565 4179 702 4244 III.
1292 4235 1304 4246 .
2165 4170 2251 4241 32
