2975 4684
511 321 645 392 512
939 323 1577 392 TESTIMONIA
1634 324 2198 392 AUCTORUM

505 451 624 516 dos
657 474 791 514 non
827 453 1066 515 multos
1098 447 1452 516 admodum
1496 455 1560 517 in
1606 477 1829 518 versus
1862 469 2224 517 contractos
2255 453 2450 516 latine
2478 475 2634 516 con-

502 557 730 638 vertit3
758 558 870 644 qui
903 558 1231 644 propalam
1265 557 1368 634 sit,
1399 559 1700 646 inquam,
1724 558 2098 622 adseverare
2124 579 2353 638 ausus,
2384 557 2635 620 Pinda-

505 685 646 726 rum
690 685 830 725 eum
870 662 936 724 V
931 661 1146 748 irgilio
1184 661 1683 750 antefioendum.
1722 663 1837 727 Est
1873 680 2089 728 autem
2124 661 2426 726 carminis
2462 661 2633 724 iuius

506 768 930 856 principium:

783 925 923 978 Iram
951 924 1122 996 pande
1147 925 1276 978 mihi
1299 925 1490 979 Pelidae
1506 965 1523 992 ‚
1540 927 1673 979 Diva
1689 966 1704 991 ,
1722 926 1958 998 superbi,

776 1011 968 1066 Tristia
997 1014 1089 1086 qui
1115 1013 1317 1068 miseris
1341 1015 1523 1088 injecit
1548 1015 1734 1069 funera
1760 1014 1951 1068 Graiis.

503 1243 580 1306 V.
608 1242 797 1305 Fam.
829 1243 1359 1306 lenmmnocms
1389 1265 1456 1306 m
1489 1244 1893 1308 Onsnnvxrr.
1922 1265 2008 1306 An
2034 1243 2361 1326 errmu,
2388 1267 2444 1306 r.
2478 1243 2628 1329 507,

755 1369 952 1411 smum
985 1369 1151 1410 Loco
1183 1346 1590 1411 Senonum-m
1620 1347 1844 1412 erm
1878 1371 2077 1412 suras
2102 1370 2373 1412 muro.

589 1569 685 1630 Ita
710 1566 832 1630 hos
854 1588 1076 1630 versus
1105 1567 1172 1629 in
1199 1583 1379 1655 parte
1409 1568 1661 1630 restitui
1694 1589 1771 1630 ex
1800 1567 1915 1631 MS
1942 1565 2196 1646 codice,
2222 1566 2447 1654 quoin
2470 1565 2633 1631 Ger·

502 1671 712 1734 mania
737 1693 896 1734 usus
916 1719 934 1752 ,
955 1671 1020 1733 in
1046 1692 1180 1758 quo
1204 1670 1521 1734 Pindarus
1543 1671 1651 1734 hic
1675 1687 1899 1734 auctor
1923 1671 2290 1735 vocabatur.
2317 1670 2631 1758 Quisquis

501 1775 761 1840 tandem
783 1776 897 1847 sit.
933 1798 1068 1838 non
1100 1776 1189 1840 ita
1210 1791 1535 1838 recentem
1560 1775 2096 1839 arbitrorzimmo
2134 1776 2301 1838 forte
2334 1797 2455 1838 nec
2490 1774 2631 1838 ine·

502 1884 779 1972 ptiorem
827 1882 1026 1946 Accio
1075 1881 1404 1961 Labeone,
1453 1902 1651 1967 quem
1700 1880 1967 1944 Homeri
2021 1879 2285 1944 Iliadem
2336 1880 2632 1943 versibus

501 1987 848 2051 foedissime
883 1985 1323 2073 composuisse
1343 2033 1361 2066 ,
1397 1985 1768 2048 scholiastes
1802 1984 2003 2049 Persii
2037 1985 2126 2047 ait
2158 1983 2239 2048 ad
2273 1985 2457 2048 illum
2485 2007 2633 2048 ver-

503 2114 648 2154 sum
688 2115 704 2154 :
745 2091 898 2155 Non
930 2104 1022 2152 est
1047 2090 1147 2153 hic
1175 2088 1330 2155 Ilias
1351 2091 1529 2154 Acci.
2034 2097 2042 2100 ’

641 2269 887 2323 Barthius
924 2267 995 2322 ad
1025 2269 1152 2322 Stat.
1170 2268 1341 2322 Theb.
1365 2269 1470 2332 vl,
1508 2286 1604 2320 120
1624 2305 1641 2329 ,
1670 2269 1831 2323 verba
1876 2265 2254 2338 Lindenbrogii
2292 2267 2365 2319 sic
2404 2267 2629 2338 accipit,

711 2357 859 2430 quasi
895 2356 982 2411 hic
1017 2355 1084 2410 de
1111 2357 1467 2430 manuscripto
1494 2355 1691 2409 Lutatii
1717 2357 2000 2428 exemplari
2020 2355 2282 2428 loquatur,
2317 2355 2375 2408 in
2400 2374 2508 2427 quo
2532 2373 2631 2408 au·

709 2459 909 2498 ctorem
930 2463 1108 2517 parvae
1128 2443 1311 2498 Iliadis
1329 2443 1622 2497 Pindarum
1658 2445 1978 2516 appellatum
2016 2443 2282 2516 repererit.
2310 2443 2373 2494 In
2402 2462 2511 2515 quo
2538 2442 2630 2495 ille

705 2535 860 2604 plane
899 2545 1058 2586 errat.
1099 2530 1524 2604 Lindenbrogius
1552 2533 1785 2606 quuitur
1821 2532 1888 2586 de
1924 2533 2280 2604 manuscripto
2312 2531 2475 2604 ipsius
2510 2550 2633 2604 poo-

713 2623 866 2674 matis
885 2659 901 2684 ‚
921 2621 1066 2693 quod
1095 2620 1312 2673 Pindari
1329 2621 1570 2674 Thebani
1592 2641 1787 2674 nomen
1813 2621 2138 2692 proeferebat.

676 2832 787 2895 Vl.
835 2832 1104 2894 cisun.
1135 2831 1493 2908 Buta-mus,
1535 2831 1809 2891 Anvnas.
1840 2850 1968 2891 mn.
1998 2829 2153 2908 XX,
2186 2851 2321 2891 cn.
2356 2835 2451 2892 12.

591 3011 910 3097 Pindarus
956 3032 1037 3096 de
1086 3031 1258 3096 bello
1291 3032 1603 3110 Trojan0‚
1647 3045 1873 3093 auctor
1906 3031 2212 3118 antiquus
2258 3047 2323 3094 et
2361 3031 2630 3119 ingenio

505 3142 653 3202 satis
685 3139 882 3203 bono.

808 3322 950 3384 VII.
1000 3321 1202 3400 lnam,
1241 3321 1513 3383 Anvnas.
1545 3342 1671 3383 un.
1710 3321 1946 3400 LVIII,
1993 3343 2127 3383 cn.
2169 3323 2267 3396 14.

595 3526 742 3588 Non
775 3537 1140 3610 postremus
1173 3538 1269 3584 est
1301 3521 1471 3584 inter
1502 3536 1799 3584 auctores
1834 3543 1965 3583 non
1996 3521 2263 3583 omnino
2291 3521 2591 3608 antiquos
2610 3567 2629 3602 ,

509 3654 673 3719 quos
715 3646 926 3692 tamen
969 3627 1190 3690 censui
1225 3649 1451 3690 eorum
1496 3625 1712 3712 aliquo
1756 3624 1955 3689 inodo
1992 3625 2351 3689 adscribere
2386 3627 2629 3713 possis,

509 3737 620 3823 qui
659 3735 739 3799 de
771 3734 942 3796 bello
961 3731 1240 3811 Trojano
1275 3732 1567 3795 versibus
1600 3729 2061 3818 compendium
2096 3729 2427 3818 quoddam
2468 3753 2631 3793 con-

509 3841 760 3929 scripsit
778 3888 795 3920 ,
831 3837 1091 3902 Pindari
1113 3837 1402 3901 Thebani
1433 3838 1731 3916 nomine,
1757 3859 1951 3924 quem
1981 3857 2101 3925 ego
2124 3836 2389 3924 quidem
2406 3883 2424 3915 ,
2448 3857 2631 3898 more

510 3948 888 4009 saeculorum
919 3943 1107 4007 latius
1135 3941 1574 4007 recedentium
1607 3944 1687 4006 ab
1716 3941 2077 4006 eruditione
2100 3942 2335 4030 prisea,
2364 3939 2445 4004 ad
2468 3963 2627 4004 con·-

507 4049 845 4112 ciliandam
869 4051 1036 4112 libro
1059 4049 1503 4113 auctoritatem
1528 4049 1955 4135 antiquissimi
1991 4064 2197 4135 poetae
2221 4047 2627 4134 potissimum
