2975 4684
447 335 590 417 4¹4
1251 329 1767 402 PRAEFATIO

447 459 666 541 deret,
735 475 1040 548 preterea
1105 459 1280 524 euris
1343 461 1752 550 gravioribus
1810 477 2199 551 angurum,
2258 465 2589 532 ram-dari

449 565 732 632 subinde
764 566 1155 655 Augustini,
1179 589 1221 630 a
1251 589 1392 654 quo
1417 567 1841 650 «limmat,
1866 569 2149 648 solebat,
2186 593 2387 658 que·
2424 573 2589 638 oti-

449 673 684 737 duoem
729 670 1100 738 studiorum
1145 689 1212 738 et
1247 673 1396 738 vitoe
1449 673 1933 740 moderatorem
1980 673 2429 742 fidelissimum
2468 678 2588 744 ln-

447 779 712 860 buerat,
745 795 810 843 et
851 801 1030 842 nunc
1081 780 1362 844 maxime
1397 781 1535 861 ejus
1574 781 1911 870 proeccptis
1954 803 2029 848 ac
2068 781 2335 848 monitis
2361 805 2451 848 se
2486 784 2587 850 in-

443 885 663 976 digere
693 884 974 950 videbat.
1019 884 1231 964 Hujus
1271 885 1474 974 igitur
1514 886 1802 975 magistri
1848 886 2247 954 desiderium
2294 905 2376 954 ut
2416 911 2585 977 quo-

443 991 797 1056 dammodo
835 991 1098 1074 leniret,
1148 992 1318 1056 hanc
1363 993 1422 1056 ei
1471 993 1813 1080 epistolem
1862 994 2093 1060 scribit
2148 994 2478 1076 versibus,
2510 997 2581 1060 in

445 1121 574 1186 qua
613 1096 988 1162 memoratis
1038 1098 1322 1186 primum
1341 1145 1359 1179 ,
1409 1119 1573 1185 quas
1617 1096 1687 1162 in
1734 1097 2027 1188 legendis
2048 1099 2358 1164 Varronis
2400 1101 2585 1166 libris

441 1201 792 1268 offenderit
805 1251 826 1284 ,
874 1224 1094 1266 rerum
1141 1219 1338 1290 atque
1397 1225 1713 1270 sensuum
1762 1202 2259 1270 difficultatibus
2278 1251 2301 1286 ,
2350 1222 2583 1272 astum

443 1310 642 1374 animi
669 1309 768 1374 sui
792 1308 1094 1397 exponit,
1126 1309 1274 1372 vitae
1299 1309 1579 1398 negotiis
1602 1331 1671 1374 se
1698 1308 2005 1390 distrahi,
2026 1325 2093 1376 et
2118 1309 2585 1398 cupiditatibus

443 1415 576 1479 suis
609 1431 938 1502 tamquam
967 1415 1034 1478 in
1067 1415 1230 1478 mari
1253 1415 1615 1504 procelloso
1636 1415 1863 1496 jactari
1892 1412 2241 1503 profitetur
2254 1438 2275 1480 ε
2290 1439 2485 1504 opem
2514 1432 2587 1484 et

445 1521 740 1586 solatium
781 1543 820 1584 a
849 1521 1160 1609 sapientia
1185 1536 1250 1584 et
1279 1521 1575 1584 oratione
1592 1519 1957 1610 Augustini
1986 1521 2181 1608 petit3
2215 1519 2581 1588 doctrinam

445 1629 582 1709 ejus
627 1644 698 1691 et
747 1649 978 1716 magna
1019 1627 1085 1690 in
1133 1649 1204 1690 se
1239 1627 1505 1708 merita,
1544 1643 1611 1690 et
1655 1609 2177 1692 honestissimam
2196 1676 2213 1702 ‚
2262 1650 2461 1714 quam
2494 1627 2587 1692 ob

441 1733 976 1814 conjunctionem
1033 1732 1408 1798 studiorum
1465 1733 1638 1796 inter
1698 1755 1769 1796 se
1826 1733 2187 1813 coluerint,
2234 1734 2583 1802 amicitiam

443 1839 662 1905 laudat
680 1887 698 1920 ,
740 1862 956 1927 neque
997 1839 1168 1904 hane
1203 1840 1504 1906 locorum
1540 1855 1656 1904 aut
1686 1853 2061 1927 temporum
2088 1840 2311 1926 spatiis
2346 1839 2589 1922 disjun-

443 1946 744 2036 gendam,
761 1964 878 2012 aut
901 1947 1046 2010 ullis
1061 1945 1314 2010 casibus
1335 1945 1892 2010 intermorituram
1912 1944 2589 2034 confirmatzdenique

441 2054 510 2117 in
565 2054 878 2118 auxilium
931 2051 1302 2118 studiorum
1351 2073 1623 2116 suorum
1663 2051 1863 2116 libros
1894 2050 1979 2116 de
2008 2052 2291 2132 Musica,
2320 2053 2405 2116 ab
2442 2056 2587 2118 Au-

441 2160 704 2250 gustino
755 2158 1186 2247 compositos„
1219 2158 1344 2222 sibi
1375 2158 1546 2222 mitti
1574 2159 1755 2247 petit.
1776 2156 2055 2224 Videtur
2084 2159 2153 2222 in
2199 2158 2303 2224 his
2358 2179 2591 2246 quere·

443 2266 518 2330 lis
539 2315 557 2348 ,
605 2289 754 2330 nam
789 2265 1168 2329 obscuriora
1217 2265 1446 2328 insunt
1479 2265 1829 2346 nonnulla,
1872 2263 2267 2332 desiderium
2318 2265 2585 2352 aliquod

443 2371 714 2460 interius
735 2369 1202 2460 cognoscendae
1219 2417 1237 2451 ,
1261 2384 1531 2434 auctore
1546 2371 1921 2460 Atngustino
1936 2417 1957 2450 ,
1986 2371 2367 2436 Christianae
2390 2369 2589 2436 disci-

443 2476 668 2565 plinae,
713 2491 782 2540 et
813 2499 892 2540 ex
927 2499 1002 2540 ea
1041 2473 1404 2563 quaeoendae
1449 2475 1917 2564 tranquillioris
1954 2476 2139 2559 vitoe,
2180 2475 2541 2565 significare
2562 2525 2585 2556 ,

441 2583 630 2664 cujus
661 2583 754 2646 rei
781 2583 914 2662 jam
945 2597 1096 2646 ante
1120 2582 1184 2646 in
1211 2581 1765 2670 disputationibus
1782 2605 1935 2648 cum
1957 2583 2326 2671 Augustino
2346 2582 2587 2648 habitis

441 2711 624 2779 spem
659 2690 916 2754 fecerat.
965 2688 1364 2776 Augustinus
1381 2735 1400 2769 ,
1442 2688 1557 2776 qui
1594 2687 1849 2754 dudum
1879 2689 2249 2754 Licentium
2282 2713 2321 2754 a
2350 2688 2587 2754 studiis

441 2795 730 2883 profanis
750 2793 1176 2882 civilibusque
1192 2793 1366 2858 >curis
1381 2809 1733 2858 retractum
1762 2792 2086 2862 adducere
2120 2793 2204 2858 ad
2240 2815 2409 2863 νει-ω
2432 2795 2499 2858 h.
2522 2817 2583 2858 e.

443 2900 822 2965 Christianae
857 2897 1184 2987 sapientiae
1210 2898 1463 2962 cultum
1493 2897 1836 2964 studuerat
1854 2945 1872 2979 ,
1904 2899 2147 2986 scripta
2172 2897 2259 2964 ad
2278 2921 2433 2966 eum
2454 2899 2592 2987 epi·

443 3007 606 3071 stola
625 3055 644 3086 ,
681 3007 788 3070 cui
813 3006 1032 3094 ipsum
1073 3005 1211 3084 ejus
1243 3025 1509 3070 carmen
1542 3004 1859 3068 insertum
1892 3019 2023 3086 est,
2060 3021 2451 3093 arreptaque
2474 3027 2589 3068 oc-

443 3113 702 3178 casione
729 3135 764 3176 e
801 3135 995 3176 versu
1035 3110 1152 3196 59,
1189 3133 1324 3198 quo
1357 3107 1519 3175 dicit
1548 3132 1564 3173 :
1602 3109 1740 3174 Hoc
1766 3133 1921 3198 opus
1950 3110 2270 3198 utjuboas
2300 3125 2583 3190 tantum,

443 3219 860 3284 inclinantem
896 3219 1225 3306 impellere
1242 3265 1262 3297 ,
1295 3231 1565 3282 euntem
1600 3216 1869 3282 incitare
1900 3233 2177 3282 conatur
2206 3216 2586 3305 hortarique

444 3325 898 3402 vehementer,
961 3340 1034 3386 ut
1083 3323 1279 3386 vitam
1332 3324 1650 3387 hactenus
1704 3321 2007 3386 inanibus
2057 3324 2229 3386 curis
2282 3323 2585 3412 agitatam

445 3430 706 3496 Christo
743 3430 1011 3516 ejusque
1041 3427 1396 3518 disciplinae
1431 3426 1707 3492 addicat.
1746 3429 1941 3492 Dolet
1966 3425 2361 3511 admodum,
2386 3428 2582 3493 talem

447 3540 730 3606 animam
787 3537 1045 3624 taleque
1093 3537 1468 3625 ingenium,
1530 3537 1719 3624 quale
1785 3559 1865 3601 ex
1914 3536 2053 3616 ejus
2112 3535 2398 3602 carmine
2444 3537 2587 3602 elu-

443 3662 584 3712 ceat
600 3694 617 3726 ,
654 3667 788 3709 non
821 3643 1014 3708 licere
1059 3643 1180 3706 sibi
1211 3642 1698 3732 apprehendere
1730 3659 1795 3706 et
1833 3643 2169 3708 immolare
2194 3643 2355 3706 Deo.
2388 3642 2585 3708 Able-

437 3769 552 3844 gat
579 3775 730 3816 eum
761 3749 842 3815 ad
875 3749 1242 3814 Paullinum
1279 3749 1346 3812 in
1373 3750 1789 3838 Campaniam
1814 3797 1832 3830 ,
1866 3763 1944 3812 ut
1970 3747 2266 3838 exemplo
2298 3747 2436 3828 ejus
2468 3747 2584 3814 ad-

443 3861 682 3924 ductus
731 3859 968 3921 fastum
1011 3871 1314 3920 excutere
1350 3857 1566 3922 saeculi
1586 3905 1603 3940 ‚
1662 3872 1727 3919 et
1760 3856 2071 3919 cervicem
2113 3853 2394 3918 subdere
2421 3856 2585 3944 jugo

445 3966 683 4030 Christi
737 3963 974 4044 discat,
1035 3982 1246 4050 eoque
1301 3959 1713 4028 moderatore
1760 3960 1958 4026 vitam
2004 3960 2289 4050 quietam
2339 3977 2405 4025 et
2441 3983 2583 4024 mo-

447 4069 696 4133 destam
731 4091 936 4157 agere.
977 4068 1274 4154 Denique
1305 4069 1566 4155 arripit,
1601 4063 1781 4154 quod
1814 4068 1879 4129 in
1918 4064 2048 4130 fine
2072 4067 2375 4132 carminis
2404 4065 2585 4132 dixe-

1500 4168 1545 4202 .
2182 4161 2189 4172 .
