2975 4684
703 359 1144 430 CONCUB.
1200 358 1583 427 MARTIS
1652 356 1772 424 ET
1842 357 2302 427 VENERIS.

2432 356 2571 428 333

522 486 612 551 Et
647 480 808 549 dum
847 480 1018 549 forte
1054 476 1269 565 cadit,
1307 493 1531 572 myrto
1566 477 1901 547 retinente
1937 480 2273 573 pependit.

523 594 764 662 Ensem
807 590 1004 679 tolle,
1041 615 1229 685 puer,
1265 588 1522 684 galeam
1561 604 1661 674 tu,
1700 589 1934 659 Gratia
1954 642 1973 675 ,
2014 588 2233 677 solve,

527 706 686 773 Haec
722 702 896 772 laxet
931 700 1178 788 nodos»,
1209 701 1350 770 haec
1385 699 1655 770 vincula
1693 700 1909 770 ferrea
1953 718 2257 796 rumpat;
2328 748 2335 757 -

527 811 778 882 Solvite
813 809 1166 907 Bybliades
1197 811 1488 907 praeduri
1526 826 1798 907 pectora
1837 814 2111 898 MartiS‚
2527 850 2575 883 ⁹0

525 924 914 1017 Lorioeaque
945 946 1203 1008 moras;
1241 946 1358 991 vos
1398 936 1591 991 scuta
1632 936 1698 991 et
1740 920 1871 991 tela
1908 938 2158 1011 tenete,

527 1038 728 1105 Nimc
767 1033 982 1103 violas
1013 1048 1300 1103 tractare
1343 1032 1571 1103 decet:
1618 1030 1841 1103 laetare
1861 1085 1882 1119 ‚
1914 1034 2212 1129 Cupide,

527 1144 920 1216 Terribilem
960 1146 1216 1216 Divum
1253 1159 1372 1213 tuo
1423 1142 1567 1212 solo
1608 1144 1889 1213 numine
1924 1145 2218 1214 victum:

530 1258 662 1325 Pro
701 1255 850 1325 telis
883 1253 1119 1343 flores,
1154 1280 1278 1349 pro
1316 1254 1523 1323 scutis
1558 1268 1815 1349 myrtea
1846 1270 2049 1343 serta,

529 1369 618 1437 Et
645 1390 826 1453 rosa,
862 1365 1034 1435 forte
1067 1382 1266 1436 nocet
1299 1364 1594 1459 gladius,
1624 1390 1825 1460 quem
1852 1364 2007 1459 jura
2036 1366 2447 1436 tremiscunt.
2518 1386 2570 1433 9⁵

429 1600 620 1655 magne
647 1580 927 1636 miratione
952 1592 1046 1637 aut
1067 1580 1336 1636 blanditiis
1348 1581 1459 1634 Ve-

432 1664 572 1717 neris
598 1662 844 1735 perculso
859 1681 876 1727 ;
894 1662 1163 1735 quomodo
1183 1660 1461 1716 de'eodem

431 1740 1031 1809 Murte'l'ibullus‚IV,
1063 1762 1125 1809 2,
1152 1742 1218 1795 3:
1248 1754 1340 1794 «at
1364 1751 1458 1807 tu,

432 1824 691 1890 violente,
709 1834 894 1877 caveto
911 1822 992 1875 Ne
1011 1822 1108 1875 tibi
1124 1818 1335 1875 miranti
1355 1832 1464 1873 tur-

429 1904 570 1977 piter
588 1920 738 1955 arma
760 1901 1006 1955 cadant».
1025 1902 1114 1956 Sic
1133 1900 1463 1974 Propertius,

433 1982 481 2045 1,
502 1989 551 2047 4,
579 2002 642 2035 22
669 1998 684 2035 :
719 2006 742 2029 ι
759 1981 1050 2054 Obstupuit
1074 1982 1214 2053 regis
1250 1980 1384 2035 facie
1411 1990 1465 2032 et

431 2060 698 2135 regalibus
745 2062 941 2115 armis:
975 2060 1228 2133 Interque
1271 2060 1462 2113 oblitas

433 2138 636 2195 excidit
660 2160 800 2195 urna
833 2158 1021 2194 manns
1047 2164 1095 2195 ι.
1134 2140 1292 2195 Ovid.
1333 2141 1460 2196 Her.

433 2220 566 2274 xvl
585 2263 600 2287 ,
642 2222 740 2276 251
769 2238 784 2273 ε
830 2246 852 2268 ι
875 2220 1016 2273 Dum
1065 2232 1258 2292 stupeo
1301 2222 1461 2285 visis,

434 2318 559 2353 nam
577 2299 768 2373 pocula
793 2300 930 2355 forte
954 2300 1202 2353 tenebam
1218 2300 1463 2367 ,Tortilis

435 2396 464 2433 e
489 2379 670 2453 digitis
700 2378 892 2433 excidit
917 2398 1044 2434 ansa
1083 2380 1213 2434 meis
1236 2379 1462 2434 ·.—Sic

435 2473 487 2514 et
509 2472 677 2533 poete
697 2460 942 2533 graviore
968 2460 1164 2515 affectu
1187 2460 1462 2516 commotis

433 2540 746 2594 hominibus
764 2540 942 2595 dicere
966 2542 1136 2595 solent
1155 2553 1320 2595 vestes
1343 2559 1464 2612 pro-

435 2620 543 2673 labi
559 2660 574 2680 ‚
603 2632 656 2673 et
682 2636 799 2693 qnoe
831 2620 1074 2675 manibus
1108 2634 1290 2675 tenent
1325 2622 1462 2675 exci-

437 2699 578 2753 dere.
593 2699 725 2753 Vid.
758 2720 879 2773 quie
910 2700 1122 2754 disserit
1155 2700 1296 2757 doct.
1327 2708 1465 2755 Mies·

437 2782 646 2833 ekerlich
675 2779 734 2835 in
755 2782 929 2834 Lecti.
957 2782 1012 2833 in
1041 2780 1232 2836 catull.
1253 2795 1304 2835 et
1329 2780 1463 2836 Pro-

436 2871 570 2929 pert.
603 2876 722 2931 pag.
752 2864 839 2915 60.
876 2860 975 2915 En.

510 2939 599 3007 89.
621 2944 835 2993 Vincula
834 2942 1010 3009 fimo
1026 2957 1237 3013 rumpat.
1257 2946 1472 3012 Templet

439 3018 593 3071 Leid.
615 3020 733 3074 cod.
755 3034 807 3075 et
825 3022 882 3074 in
902 3024 1142 3096 margine
1157 3024 1468 3079 Divionens.

437 3098 616 3153 nm.
641 3100 688 3153 E
723 3102 986 3175 scriptura
1011 3102 1128 3157 cod.
1153 3102 1304 3157 Leid.
1333 3106 1472 3158 forte

439 3178 752 3250 ponendum
765 3190 941 3243 tentet,
977 3180 1178 3236 scilicet
1194 3202 1443 3255 rumpere
1457 3224 1472 3249 ,

441 3258 697 3313 avellere:
731 3270 792 3313 ut
828 3260 1271 3316 scribit-Ovidius
1290 3303 1306 3328 ,
1339 3264 1468 3317 Met.

443 3336 532 3389 lib.
551 3338 634 3403 Π,
664 3340 802 3394 358:
836 3366 858 3388 ι
877 3340 1079 3395 truncis
1105 3340 1330 3397 avellere
1358 3361 1473 3397 cor-

441 3432 568 3485 pora
593 3428 762 3473 tentat
790 3444 833 3472 ι.

491 3486 605 3568 ι91.
632 3502 916 3567 Lon'eoeqne
942 3518 1128 3554 moras.
1157 3502 1317 3552 Moroe
1349 3515 1472 3556 sunt

443 3580 614 3651 poetis
667 3576 915 3651 quaelibet
973 3580 1271 3635 munimina
1295 3620 1310 3645 ,
1351 3599 1470 3652 quae

443 3670 740 3724 morantur,
757 3658 1014 3711 sustinent
1032 3701 1047 3725 ,
1075 3674 1258 3714 arcent
1280 3662 1466 3725 telum,

443 3738 668 3792 hostem.
704 3738 851 3811 Virg.
874 3742 1000 3792 AEn.
1025 3740 1106 3804 X,
1144 3738 1245 3806 485
1271 3760 1284 3794 :
1325 3770 1350 3787 u
1377 3742 1476 3796 Lo-

443 3818 674 3889 ricaeque
703 3833 883 3871 moras
924 3828 977 3871 et
1015 3832 1200 3891 pectus
1237 3822 1477 3891 perforat

447 3897 636 3969 ingens
655 3920 700 3949 ι».
722 3897 906 3966 Idem,
933 3898 1029 3952 lib.
1051 3895 1130 3953 Ix
1147 3942 1163 3965 ,
1195 3901 1318 3965 143,
1339 3928 1364 3946 κ
1380 3902 1478 3954 sos-

445 3994 624 4029 sarnm
647 3994 823 4030 moras
843 4004 868 4023 n
892 3976 1036 4033 dicit.
1107 3984 1114 3989 ’

519 4056 611 4122 93.
641 4060 743 4107 Tuo
777 4062 884 4111 solo
907 4062 1106 4111 numine
1125 4063 1313 4111 victum
1333 4080 1352 4111 .·
1379 4060 1478 4114 for·

448 4148 502 4187 te
520 4174 536 4199 ‚
562 4140 732 4189 lamre
752 4140 932 4206 Cupido
947 4178 962 4199 ,
1003 4142 1280 4192 Terribilem
1307 4144 1476 4192 Divum

1546 1594 1599 1633 cu
1622 1586 1729 1635 solo
1756 1587 1955 1635 niomium
1980 1586 2175 1645 vineis,
2206 1602 2273 1636 ne
2298 1581 2366 1637 ad
2393 1602 2573 1637 mono-

1550 1660 1811 1734 syllabum
1838 1678 1919 1713 tuo
1937 1663 2225 1735 confugere
2244 1682 2455 1717 necesse
2472 1666 2537 1719 sit
2556 1706 2571 1731 ,

1548 1750 1609 1793 ut
1634 1741 1759 1794 alias
1780 1742 1835 1795 in
1855 1740 2067 1795 Anthol.
2088 1742 2177 1795 lib.
2204 1742 2230 1794 1
2250 1782 2265 1808 ‚
2294 1743 2458 1817 epigr.
2476 1746 2541 1797 62
2556 1787 2571 1811 ,

1550 1822 1644 1875 ubi
1670 1820 1729 1875 id
1754 1819 1945 1876 melius
1970 1822 2149 1876 locum
2173 1822 2371 1876 habere
2389 1840 2451 1877 ex
2476 1844 2574 1879 no-

1552 1900 1672 1955 tatis
1694 1912 1915 1975 apparet
1938 1920 1951 1954 :
1980 1912 2041 1953 ut
2065 1912 2117 1955 et
2134 1923 2273 1955 suum
2292 1916 2343 1957 et
2366 1918 2497 1956 tuum
2516 1904 2573 1957 in

1550 1983 1849 2036 vetustioris
1860 1984 2027 2036 aetatis
2039 1984 2383 2039 caminibus.
2397 1986 2573 2040 Bmur.

1623 2064 1712 2135 94.
1728 2068 1820 2117 Pro
1838 2068 2003 2118 sentis.
2016 2065 2133 2118 Div.
2146 2064 2277 2118 Leid
2287 2105 2298 2117 .
2306 2086 2403 2136 pm
2416 2082 2569 2119 scuto.

1622 2144 1708 2212 95.
1736 2149 1873 2197 Forte
1896 2161 2041 2196 nocet
2046 2148 2249 2215 gladius
2262 2185 2279 2207 ,
2304 2166 2445 2215 quem
2451 2148 2575 2215 jura

1549 2226 1843 2277 erenulccunt.
1870 2224 1958 2279 sie
1979 2224 2197 2279 Salmas.
2218 2238 2272 2279 et
2294 2226 2577 2280 Divionen-

1552 2322 1632 2356 ses
1660 2302 1899 2370 schedae3
1924 2314 1979 2356 at
2004 2303 2059 2356 in
2088 2302 2273 2357 codice
2300 2304 2544 2359 Leidensi
2561 2348 2576 2373 ,

1548 2408 1575 2429 o·
1592 2382 1663 2438 Et
1691 2401 1813 2461 roga
1838 2384 1974 2437 forte
1996 2396 2180 2451 nocet,
2215 2384 2377 2457 gladii
2416 2404 2573 2459 quem

1546 2464 1665 2535 jura
1684 2474 2005 2517 tremescunt
2020 2488 2064 2530 ι,
2078 2460 2225 2535 quod
2246 2464 2487 2535 proxime
2508 2462 2577 2518 ad

1548 2560 1733 2595 verum
1748 2579 1764 2605 ,
1782 2544 1825 2595 si
1844 2542 2083 2617 legamus
2102 2560 2225 2596 cum
2244 2543 2339 2596 cel.
2362 2542 2579 2597 Ouden-

1550 2618 1737 2694 dorpio
1751 2662 1767 2688 ,
1796 2649 1822 2667 «-
1838 2622 1907 2675 Et
1926 2640 2047 2677 rosa
2070 2622 2203 2675 forte
2218 2634 2395 2687 nocet,
2418 2622 2581 2694 gladii
2696 2669 2702 2680 .

1549 2720 1707 2775 quem
1730 2704 1849 2775 jure
1866 2702 2175 2756 tremiscunt
2196 2726 2240 2753 »-
2269 2702 2405 2755 Rosa
2423 2713 2582 2756 nocet

1548 2780 1739 2849 Marti,
1758 2800 1917 2853 quem
1938 2782 2058 2853 jure
2094 2780 2281 2833 timent
2315 2780 2480 2851 gladii
2527 2795 2581 2835 et

1552 2862 1836 2916 bellatores
1872 2864 2076 2915 armati.
2107 2861 2194 2917 Sic
2210 2864 2379 2931 gladie·
2391 2880 2490 2933 pro
2512 2862 2579 2913 vi-

1554 2944 1627 2995 ris
1650 2942 1888 3007 arruntis,
1915 2942 2206 3006 militibus,
2240 2938 2384 3014 apud
2412 2940 2580 2993 Cicer.

1556 3022 1636 3073 1v
1660 3019 1727 3074 ad
1751 3021 1940 3074 Famil.
1961 3040 2041 3092 ep.
2073 3040 2100 3071 2
2137 3038 2150 3072 ε
2191 3046 2217 3063 «ι
2243 3037 2435 3089 magna
2464 3019 2577 3090 gla-

1558 3100 1770 3153 diorum
1797 3110 1875 3152 est
1898 3100 2106 3152 licentia
2126 3124 2171 3149 n.
2194 3130 2264 3137 —
2287 3100 2581 3150 Toemc'were

1559 3180 1727 3235 active
1740 3218 1756 3243 ,
1783 3191 1841 3233 ut
1864 3178 2005 3232 infra
2024 3197 2178 3231 versu
2197 3178 2295 3231 136
2316 3198 2332 3243 ς
2369 3188 2421 3229 et
2438 3176 2580 3250 apud

1558 3259 1711 3331 Virg.
1732 3258 2032 3325 AEn.v111‚
2076 3260 2175 3326 296
2199 3276 2212 3310 :
2258 3282 2281 3303 ι
2302 3256 2381 3309 Te
2415 3258 2583 3330 Stygii

1560 3350 1821 3393 tremuere
1842 3337 1989 3391 lacus
2008 3365 2031 3383 ι»
2056 3358 2073 3406 ;
2102 3348 2152 3390 et
2174 3338 2266 3391 lib.
2294 3336 2369 3389 XI
2390 3375 2405 3402 ,
2430 3336 2530 3401 403
2565 3356 2577 3389 :

1560 3445 1585 3465 ιι
1604 3420 1757 3471 Nunc
1802 3428 1853 3471 et
1896 3415 2301 3491 Myrmidonum
2342 3436 2585 3489 proceres

1559 3496 1787 3571 Pbrygia
1820 3514 1965 3551 arma
1992 3498 2302 3551 tremiscunt
2320 3522 2363 3549 n.
2402 3496 2582 3550 Bunm.

1558 3584 1744 3632 Postea
1794 3576 2206 3649 Oudendorpius
2264 3576 2379 3629 haec
2436 3576 2587 3628 aliter

1562 3658 1939 3725 constituebat,
1975 3670 2037 3711 ut
2059 3658 2221 3711 refert
2250 3658 2588 3709 Burmannus

1563 3738 1619 3792 in
1642 3738 1893 3791 Mentissa
1923 3737 1993 3791 ad
2010 3736 2226 3790 Anthol.
2266 3763 2291 3781 ιι
2310 3755 2405 3807 pro
2425 3736 2589 3788 scutis

1564 3832 1765 3893 myrtea
1796 3830 1929 3871 serta
1954 3816 2115 3871 Ferre
2142 3816 2297 3871 doces
2316 3856 2332 3883 ,
2365 3818 2502 3888 jacet
2540 3828 2591 3868 et

1570 3898 1799 3975 gladius,
1818 3916 1975 3970 quem
1988 3901 2109 3969 jure
2124 3896 2376 3951 tremiscis
2391 3922 2432 3946 n.
2448 3900 2592 3947 lacet

1565 3984 1797 4049 gladius,
1822 3990 1880 4031 ut
1903 3977 1972 4030 de
1998 3976 2225 4030 Hercule
2259 3976 2313 4028 in
2342 3994 2591 4049 gynaeceo

1568 4060 1857 4133 Omphales
1890 4070 2075 4111 auctor
2108 4056 2332 4131 epicedii
2375 4058 2429 4108 in
2458 4056 2587 4107 obit.

1568 4140 1718 4193 Mac.
1743 4160 1794 4195 v.
1816 4156 1883 4211 79
1908 4158 1919 4191 :
1950 4167 1973 4184 ιι
1999 4138 2159 4193 Clava
2178 4150 2353 4191 torosa
2381 4136 2477 4213 tibi
2498 4156 2591 4208 pa·
