2975 4684
498 318 634 408 554
733 281 738 286 ⁸

1349 329 1760 396 INCERTI

595 445 969 540 Eurypylus
996 445 1218 540 gladio
1249 449 1627 518 venientem
1663 451 2055 542 Hypsenora
2084 449 2335 536 fundit,

593 558 677 623 Et
715 556 964 648 pariter
1003 557 1312 646 juvenem
1339 562 1476 627 vita
1508 557 1822 653 spoliavit
1848 575 1916 628 et
1942 561 2173 629 armis.

2554 591 2633 635 ⁴1⁵

692 672 886 738 Parte
913 668 1042 737 alia
1069 669 1302 740 volitat
1332 673 1604 740 sinuoso
1632 671 1977 741 Pandarus
2003 695 2194 757 arcu,

594 779 1050 873 Tydidemque
1075 779 1287 850 oculis
1315 782 1637 849 immensa
1668 806 1789 875 per
1814 781 2085 875 agmina
2111 782 2389 874 quaerit:

597 891 818 976 Quem
863 904 1214 983 postquam
1245 890 1411 959 vidit
1439 905 1843 960 sternentem
1871 915 2157 984 corpora
2184 893 2437 960 Troum
2458 945 2478 976 ‚

601 999 889 1068 Horrida
919 998 1160 1070 direxit
1186 1017 1503 1086 contento
1532 1000 1786 1095 spicula
1814 1025 2027 1072 cornu
2044 1054 2064 1087 ‚

598 1111 682 1176 Et
709 1134 998 1179 summas
1025 1112 1288 1180 humeri
1319 1111 1661 1182 distrinxit
1688 1113 1995 1182 acumine
2022 1125 2263 1206 partes.
2558 1138 2641 1178 αι»

597 1223 790 1294 Tunc
817 1245 973 1289 vero
1001 1221 1286 1291 ardescit
1304 1224 1575 1316 juvenis
1602 1221 2013 1317 Calydonius
2050 1224 2149 1292 ira
2168 1277 2189 1308 ‚

599 1333 676 1397 In
704 1329 956 1400 medias
980 1331 1154 1400 acies
1181 1333 1459 1402 animosi
1487 1358 1675 1402 more
1702 1331 1913 1402 leonis

600 1442 871 1528 Fertur,
909 1455 978 1510 et
1003 1447 1376 1537 Astynoum
1407 1467 1863 1538 magnumque
1886 1447 2245 1538 Hypenora
2282 1443 2540 1526 fundit,

602 1552 926 1622 Cominus
952 1551 1137 1623 hunc
1164 1553 1416 1650 gladio,
1446 1553 1671 1650 jaculo
1700 1553 1851 1624 ferit
1878 1555 2138 1624 eminus
2170 1551 2379 1622 illum.

601 1661 771 1730 Inde
800 1665 1043 1755 premit
1066 1662 1394 1759 Polyidon
1424 1667 1822 1760 Abantaque
1854 1665 2129 1760 cuspide
2158 1663 2313 1734 forti
2332 1719 2353 1750 ‚
2562 1689 2641 1734 ω

602 1774 686 1840 Et
713 1789 948 1842 notum
977 1773 1154 1844 bello
1181 1778 1531 1846 Xanthum
1552 1830 1571 1861 ‚
1612 1791 2008 1869 vastumque
2035 1775 2405 1845 Thoonem.

601 1885 758 1952 Post
783 1883 906 1953 hos
934 1884 1210 1955 infestus
1238 1887 1769 1981 Chromiumque
1795 1902 1861 1954 et
1887 1885 2271 1956 Echemona
2300 1882 2431 1953 telo
2510 1977 2515 1982 φ

601 1996 960 2065 Proturbat
988 1995 1216 2084 celeri,
1255 1998 1639 2093 pariterque
1670 1997 1757 2066 ad
1784 2000 2066 2066 Tartara
2092 1997 2321 2066 mittit.

580 2183 699 2246 434.
737 2189 1025 2252 Hypsenora
1043 2187 1256 2258 scripsi,
1285 2199 1534 2240 monente

507 2261 664 2313 etiam
677 2260 994 2326 Bondamio‚
1015 2284 1068 2336 p.
1091 2267 1188 2319 158
1203 2305 1218 2330 ,
1237 2284 1302 2318 ex
1317 2265 1533 2318 Homeri

507 2338 660 2392 Iliad.
676 2340 746 2406 V,
772 2343 857 2410 76.
891 2341 1030 2396 Edd.
1055 2343 1326 2397 habebant
1351 2351 1531 2412 Herpe-

507 2422 644 2469 dona
659 2441 677 2478 ,·
701 2431 754 2470 et
779 2420 843 2472 G.
878 2441 906 2474 ει
941 2426 1216 2490 Alpenora,
1241 2428 1533 2492 Sarpedona

509 2498 857 2568 conjunctim.

580 2577 702 2640 436.
724 2581 964 2630 Pindarus
1011 2591 1062 2632 et
1098 2585 1356 2634 Pandarus
1399 2585 1531 2637 scri-

513 2657 588 2709 bit
601 2657 666 2710 G.
684 2677 731 2709 2.
747 2664 982 2711 Famosus
998 2665 1260 2712 Pandarus
1275 2681 1398 2714 arcu
1412 2665 1472 2715 A.

582 2737 702 2807 437.
725 2742 947 2791 Adversa
959 2759 1057 2808 per
1069 2743 1277 2808 agunina
1297 2740 1421 2794 editi
1441 2743 1532 2796 ha·

509 2817 632 2869 beut
663 2835 788 2870 cum
816 2819 876 2870 A.
909 2823 1148 2871 immensa
1183 2819 1251 2871 Η.
1283 2832 1334 2874 et
1360 2821 1428 2874 G.
1467 2841 1529 2885 2,

511 2915 741 2970 quorum
769 2916 1079 2952 consensum
1111 2912 1364 2971 sequutus
1395 2921 1529 2956 sum.

583 2977 700 3039 438.
721 2977 897 3031 Guelf.
922 2997 949 3030 ²
975 2979 1302 3052 transpositis
1323 2981 1498 3034 verbis
1518 3001 1533 3034 z

515 3062 688 3108 Tmesm
705 3073 998 3110 sternentem
1019 3079 1225 3128 corpora
1248 3063 1393 3112 vidie.

581 3139 700 3205 439.
717 3143 952 3192 &retento
971 3143 1154 3192 ditexit
1171 3144 1358 3209 spicula
1377 3140 1535 3196 idem.

581 3223 702 3282 440.
736 3223 977 3272 Distinaee’t
1006 3225 1233 3273 acumine
1263 3221 1328 3273 G.
1368 3241 1393 3273 2
1416 3259 1431 3284 ,
1474 3223 1536 3276 Α.

511 3307 563 3349 et
588 3295 674 3349 ed.
706 3299 768 3350 L.

586 3377 702 3440 443.
730 3383 1020 3442 Astynoum.
1045 3379 1188 3431 vett.
1211 3379 1336 3433 edd.
1359 3387 1542 3432 Aser-o-

511 3477 652 3509 neum
666 3477 683 3507 .·
703 3467 754 3509 et
781 3475 878 3527 pro
895 3461 1158 3524 Hypenora
1179 3457 1302 3511 edd.
1323 3465 1539 3527 Alpeno-

511 3555 584 3590 να.
606 3537 666 3588 L.
698 3541 942 3605 Apenora.
963 3537 1028 3588 A.
1058 3556 1296 3605 inagnum
1315 3553 1366 3589 et
1381 3543 1535 3607 Erpe-

509 3621 662 3668 dona.
682 3615 850 3668 Etiam
873 3615 1018 3669 hunc
1033 3635 1246 3670 versum
1266 3635 1392 3670 cum
1415 3635 1541 3688 qua-

509 3707 632 3748 tuor
675 3695 1018 3766 sequentibus
1065 3693 1308 3749 dedimus
1323 3735 1338 3761 ‚
1379 3708 1541 3768 prout

514 3795 603 3830 eos
639 3775 735 3829 cel.
769 3774 1122 3840 Bondamius‚
1151 3793 1267 3848 pag.
1299 3775 1397 3828 158
1429 3795 1537 3847 seq.

518 3853 682 3908 ductu
704 3855 954 3917 Homeri,
978 3855 1129 3910 Iliad.
1149 3855 1220 3921 V,
1269 3857 1499 3917 144-160
1523 3893 1537 3918 ‚

513 3935 722 3987 sanitati
751 3935 994 3987 restituit.

587 4017 707 4075 445.
731 4014 888 4083 Vulg.
913 4019 1171 4098 Pollrdona
1191 4016 1534 4082 Abantbaqne.

511 4087 574 4142 G.
599 4109 624 4144 a
667 4095 929 4156 Pozrdana
947 4095 1370 4158 Athamanmqne.

1691 2187 1815 2250 446.
1828 2189 1893 2238 131
1908 2199 2081 2237 votum
2100 2189 2225 2236 bello
2242 2183 2311 2238 G.
2338 2203 2391 2236 2.
2412 2189 2648 2235 Vasmm·

1621 2285 1717 2334 que
1754 2267 2021 2318 Thoantem
2060 2263 2203 2335 vulg.
2232 2269 2467 2315 Toamem
2498 2263 2565 2316 G.
2616 2281 2645 2314 s

1622 2355 1673 2398 et
1708 2345 1772 2396 L.

1693 2430 1811 2492 447.
1836 2425 2053 2492 Infestos
2072 2421 2145 2474 G.-
2172 2442 2219 2476 2.
2244 2425 2569 2489 &unitimque
2598 2435 2647 2472 et

1620 2507 1859 2553 Sceenona
1878 2501 1999 2554 edd.
2022 2513 2125 2555 vet.
2147 2521 2271 2556 cum
2296 2503 2361 2554 A.

1692 2584 1815 2646 448.
1854 2585 2113 2634 numae
2144 2600 2243 2652 pro
2274 2581 2493 2652 vulgato
2528 2599 2647 2647 per-

1619 2665 1776 2714 uir-bat
1790 2661 2129 2714 scribendum
2148 2679 2263 2714 esse
2284 2661 2421 2712 bene
2442 2659 2648 2711 monuit

1618 2740 1981 2813 exemplisque
2026 2739 2269 2818 probavit
2322 2737 2389 2790 cl.
2436 2735 2649 2790 Benda-

1620 2821 1775 2886 mius‚
1788 2839 1845 2892 p.
1872 2839 1891 2872 1
1900 2822 1984 2872 60.
2000 2821 2201 2891 Nempe
2206 2821 2461 2888 pormrbat
2472 2817 2649 2868 ninus

1621 2911 1807 2972 aptum
1828 2910 1987 2970 atque
2012 2899 2149 2952 infra
2170 2898 2283 2951 vim
2310 2897 2401 2950 teli
2422 2911 2502 2950 est
2518 2934 2534 2958 ‚
2560 2895 2651 2948 cui

1622 2978 1900 3041 tribuitur;
1912 2983 2171 3047 proturbat
2195 2989 2373 3029 autem
2400 2975 2543 3028 idem
2572 2987 2653 3028 est

1622 3077 1687 3111 uc
1728 3057 2001 3128 propulsat
2026 3057 2113 3110 vel
2152 3054 2461 3128 prosternit:
2488 3052 2651 3125 idque

1626 3137 1867 3191 similiter
1906 3137 1973 3191 de
2010 3137 2127 3190 telis
2172 3135 2449 3206 usurpavit
2492 3135 2649 3205 Virg.

1626 3219 1748 3270 ΕΒ.
1772 3217 1823 3272 X
1840 3258 1855 3284 ,
1876 3219 1975 3271 801
1998 3235 2011 3270 :
2038 3215 2313 3286 -Telaque
2334 3213 2655 3287 conjiciunt,

1628 3296 2048 3368 proturbantque
2068 3294 2275 3347 eminus
2300 3293 2505 3346 hostem
2523 3292 2650 3344 Mis-

1626 3376 1809 3430 silibus
1828 3401 1879 3441 ιο,
1904 3394 2015 3447 quo
2040 3374 2158 3428 loco
2186 3374 2341 3426 etiam
2362 3374 2657 3441 perturbant

1625 3457 1681 3508 in
1728 3454 2049 3528 quibusdam
2096 3453 2252 3506 codd.
2302 3451 2405 3524 legi
2448 3451 2655 3503 notavit

1626 3533 1879 3606 Heyuius.
1914 3533 2001 3586 Sic
2040 3535 2147 3584 eolis
2184 3533 2541 3596 missilibusque
2572 3549 2653 3580 so-

1627 3618 1708 3666 ,τῖε
1728 3617 1911 3664 hostem
1922 3615 2211 3679 pmatrbare
2228 3609 2415 3662 Livius
2434 3607 2573 3661 dixit
2582 3609 2653 3672 V,

1630 3707 1719 3764 47,
1752 3704 1803 3745 et
1848 3691 2085 3744 Lucilius
2128 3691 2184 3742 in
2222 3693 2383 3744 AEtua
2406 3729 2421 3754 ,
2454 3707 2503 3740 v.
2548 3691 2647 3740 62:

1628 3769 1871 3825 -validos
1905 3782 2021 3823 tum
2052 3769 2261 3842 Jupiter
2288 3769 2435 3840 ignes
2470 3768 2653 3818 Incre-

1629 3863 1721 3924 pat
1740 3889 1755 3914 ‚
1790 3861 1840 3904 et
1880 3853 2021 3922 jacto
2040 3849 2149 3918 (sic
2184 3848 2255 3901 ibi
2291 3845 2513 3918 scripsi)
2536 3863 2651 3916 pm-

1629 3931 1804 3984 turbat
1852 3928 2075 3981 fulmine
2122 3940 2329 3980 montes
2350 3945 2412 3992 υς
2448 3937 2501 3978 et
2552 3925 2651 3976 hoc

1626 4012 1750 4064 loco
1787 4027 2058 4080 perperam
2098 4005 2345 4060 substitui
2370 4007 2645 4073 ρει-τανύω,

1628 4089 1806 4141 notavi
1826 4087 1967 4166 ipse:
1992 4086 2239 4157 idemque
2262 4083 2508 4160 pluribus
2526 4081 2651 4136 loeis
