2975 4684
740 401 1178 470 CONCUB.
1229 401 1606 471 MARTIS
1666 404 1795 472 ET
1858 405 2329 474 VENERIS.
2382 377 2387 382 ’

2466 404 2597 477 33ῐ

569 519 894 608 Horrida,
937 520 1098 590 dum
1137 522 1420 617 populos
1461 521 1613 593 diro
1652 539 1905 595 terrore
1942 525 2205 622 fatigat,
2555 550 2606 588 ⁶⁵

567 629 875 702 Ludebat
905 631 1148 701 teneris
1185 631 1372 728 Bybli
1417 635 1748 727 permixta
1784 635 2058 731 puellis:

572 745 770 814 Nunc
805 743 1029 812 varios
1067 757 1269 812 cantu
1307 741 1567 814 'Divum
1606 745 1937 816 referebat
1974 773 2231 818 amores
2253 805 2271 836 ‚

569 857 786 948 Inque
821 852 1098 923 modum
1135 854 1314 924 vocis
1358 880 1543 925 nunc
1580 873 1803 926 motus
1839 856 2011 927 forte
2046 858 2352 930 decentes

572 963 875 1059 Corpora
907 963 1056 1034 laeta
1091 964 1330 1054 dabat3
1364 990 1547 1035 nunc
1582 967 1866 1037 miscens
1907 968 2197 1064 denique
2240 968 2535 1065 planum,

571 1073 772 1144 Nunc
807 1072 1062 1144 alterna
1095 1099 1370 1146 movens
1405 1100 1725 1171 suspenso
1764 1078 2003 1173 pollice
2036 1105 2267 1166 crura,
2564 1115 2614 1152 το

573 1182 872 1255 Molliter
906 1185 1150 1256 inflexo
1185 1186 1536 1258 subnitens
1571 1187 1825 1284 poplite
1861 1189 2039 1259 sidit.

575 1297 762 1388 Saepe
796 1319 1056 1365 comam
1093 1295 1378 1391 pulchro
1415 1297 1763 1369 collectam
1802 1299 1967 1370 flore
2005 1298 2291 1396 ligabat,

574 1407 844 1474 Ornans
881 1405 1250 1476 ambrosios
1290 1407 1523 1478 divino
1562 1411 1827 1503 pectine
1862 1412 2103 1482 crineS.

577 1516 760 1584 Dum
797 1513 990 1584 ludos
1024 1517 1118 1585 sic
1155 1516 1402 1586 blanda
1431 1522 1699 1608 Venus,
1735 1521 1895 1614 dum
1935 1523 2173 1617 gaudia
2214 1523 2475 1608 miscet,

573 1628 662 1694 Et
695 1625 858 1694 dum
895 1651 1214 1721 suspenso
1251 1625 1490 1697 solatia
1520 1631 1762 1724 quaerit
1795 1634 2043 1720 amori,

575 1739 757 1805 Dum
799 1735 948 1821 flet,
975 1735 1158 1831 quod
1192 1763 1340 1810 sero
1377 1740 1560 1808 venit
1593 1739 1716 1809 sibi
1754 1755 1945 1835 grata
1986 1740 2330 1835 voluptas;

547 1919 636 1974 65.
656 1923 864 1989 Populos
886 1923 994 1972 diro
1015 1931 1198 1973 terrore
1201 1921 1411 1992 fatigat.
1437 1923 1501 1974 In

475 1997 684 2054 schedis
701 1999 918 2052 Salmas.
939 2003 1081 2053 duro.
1107 1999 1374 2055 'sentabat
1389 2001 1503 2055 Ou-

1590 1921 1644 1988 1,
1676 1924 1737 1986 8,
1766 1923 1864 1978 38:
1895 1948 1921 1968 -
1940 1922 2036 1975 Ille
2058 1922 2231 1994 liquor
2249 1919 2433 1973 docuit
2452 1937 2614 1972 voees

1590 2003 1856 2056 inflectere
1886 2013 2074 2068 cantu,
2096 1999 2262 2056 Movit
2284 2010 2336 2052 et
2356 1998 2425 2052 ad
2444 2009 2615 2052 certos

475 2077 802 2151 dendorpius
819 2083 941 2130 duro
959 2094 1172 2143 temone,
1196 2085 1503 2154 conjectura
1586 2083 1761 2136 nescia
1782 2081 2021 2135 membra
2042 2078 2231 2133 modos
2250 2105 2296 2131 n.
2314 2079 2490 2131 Βιιιιιι

475 2156 796 2227 blandienti,
831 2168 889 2212 ut
926 2157 1248 2231 intelligatur
1272 2177 1497 2229 currus,

1658 2165 1749 2235 69.
1775 2164 1987 2232 Corpora
2006 2164 2125 2212 Ioeea
2146 2161 2317 2211 dabat.
2336 2157 2615 2228 Corrigen

475 2255 634 2309 quem
657 2237 820 2310 agitat
839 2237 1024 2302 Mars·
1061 2237 1156 2292 sed
1179 2239 1402 2293 alterum
1425 2253 1501 2294 ta·
1588 2239 1717 2294 dum
1742 2241 1845 2294 levi
1868 2239 2195 2302 mutatione,
2228 2255 2414 2290 αιιιιιιο
2434 2247 2613 2288 motus

475 2335 598 2370 men
627 2319 954 2390 preferebat.
982 2319 1160 2372 Βιιιιιι.
1193 2325 1394 2373 Terrore
1399 2323 1501 2389 fa
1590 2322 1727 2374 forte
1747 2318 1992 2374 decentes
2013 2319 2247 2390 Corpore
2266 2318 2388 2370 lota
2402 2315 2619 2369 dabat».

477 2400 625 2466 tigne,
661 2398 698 2450 i.
735 2417 784 2451 e.
824 2399 1166 2453 vehementer
1207 2414 1505 2454 commovet

479 2487 533 2529 et
558 2477 771 2531 turbat:
815 2489 874 2530 ut
907 2477 976 2532 de
1003 2477 1168 2532 Fama
1181 2478 1304 2532 val.
1324 2479 1501 2535 Flacc-

477 2555 562 2622 11,
589 2575 726 2611 120·
713 2597 726 2608 .
780 2569 1096 2630 «terrasque
1125 2558 1344 2631 fatigat,
1382 2560 1507 2625 Qua

480 2633 676 2690 datur:
713 2635 1002 2690 audentem
1037 2639 1194 2710 primi
1233 2651 1510 2712 spernunt·

479 2731 602 2786 qne,
621 2715 912 2788 foventque
932 2733 944 2768 ε
967 2717 1090 2772 Mox
1111 2737 1297 2773 omnes
1317 2719 1440 2790 agit,
1458 2731 1511 2772 et

480 2793 640 2848 motis
665 2795 838 2866 quatit
863 2795 1057 2867 oppida
1083 2797 1278 2870 linguis
1298 2822 1345 2851 ι.

553 2872 639 2925 65.
676 2879 826 2926 Nune
879 2880 1053 2929 varios
1098 2892 1264 2930 canuc.
1317 2880 1513 2949 Aperta

482 2949 708 3005 imitatio
727 2953 978 3027 Virgilii,
1019 2955 1510 3029 Georg.1V,347·

483 3029 681 3084 «Inter
707 3049 842 3104 quas
879 3052 1064 3088 curam
1105 3036 1362 3109 Clymene
1399 3055 1517 3090 nar·

483 3109 684 3164 rabat
669 3131 884 3167 manem
919 3115 1181 3180 Vulcani,
1222 3117 1516 3188 Martisque

487 3187 668 3255 dolos,
711 3203 764 3245 et
798 3191 978 3248 dulcia
1005 3195 1175 3258 furta,
1194 3197 1348 3268 Aque
1367 3196 1517 3250 Chao

489 3267 680 3322 densos
697 3271 892 3326 Divum
913 3275 1228 3328 numerabat
1247 3294 1499 3331 amores·

540 3348 626 3402 68.
635 3355 796 3418 Inque
809 3355 1005 3404 modum
1018 3355 1158 3406 vocis
1171 3373 1518 3426 exponamus,

487 3426 558 3481 ad
577 3428 728 3482 vocis
751 3429 940 3484 modos
961 3443 1013 3486 et
1041 3451 1289 3488 numeros
1309 3432 1520 3488 dedisse

492 3517 668 3560 motus
691 3525 785 3562 seu
808 3510 1232 3580 gesticulationes
1259 3531 1515 3586 corpore:

497 3597 556 3638 ut
581 3587 724 3658 apud
746 3590 900 3660 Apul.
921 3591 1016 3646 lib.
1035 3593 1108 3658 X,
1133 3612 1184 3664 p.
1210 3593 1308 3647 235
1316 3594 1520 3660 ,Venus

490 3663 736 3720 dicitur·
755 3667 826 3722 ad
850 3682 1037 3726 cantus
1059 3671 1258 3744 Lydios
1279 3672 1517 3727 delicatis

493 3745 816 3817 respondere
861 3751 1146 3821 gestibus»
1173 3753 1328 3819 3ubi
1375 3755 1517 3806 male

488 3829 735 3891 gressibus
757 3829 1046 3901 reponebat
1062 3831 1324 3885 Pricoeus·
1308 3851 1326 3899 ;
1355 3843 1406 3885 et
1424 3833 1516 3886 lib.

492 3902 602 3971 VI,
619 3921 674 3976 p.
703 3906 801 3960 125
828 3926 842 3960 :
876 3933 900 3954 ι
923 3909 1106 3962 Venus
1129 3911 1276 3964 suavi
1307 3912 1520 3965 musicas

495 3983 712 4055 suppari
743 4004 925 4057 gressu
965 3987 1196 4042 formosa
1225 3991 1437 4044 saltavit
1453 4013 1519 4058 »ς

497 4071 558 4111 ιιι
584 4061 868 4133 legendum
889 4065 1164 4122 admonuit
1184 4071 1254 4123 cl.
1272 4069 1520 4127 Oudend.

499 4140 582 4192 vel
601 4159 722 4196 cum
741 4143 962 4200 Heinsio
975 4163 1139 4216 gestu.
1155 4150 1240 4204 Sic
1259 4163 1312 4204 et
1324 4150 1521 4204 Tibull.

1662 2419 1749 2471 70.
1770 2406 1833 2450 Su
1804 2419 2013 2469 uspenso
2028 2402 2237 2467 pollice,
2260 2396 2527 2469 suspensis
2544 2393 2624 2446 di-

1594 2479 1718 2552 gitis
1734 2479 1963 2551 pedum·
1986 2489 2047 2531 ut
2062 2479 2451 2540 Maximianus,
2474 2477 2624 2547 Eleg-

1596 2561 1666 2628 V,
1693 2561 1791 2614 25:
1827 2557 2018 2626 «Quid
2038 2559 2263 2612 referam
2283 2575 2493 2630 gressus
2512 2575 2627 2610 cer·

1596 2651 1649 2693 ta
1678 2659 1737 2694 se
1760 2640 1875 2711 lege
1896 2650 2203 2703 moventes,
2231 2637 2628 2710 Suspensosque

1598 2722 1752 2772 novis
1767 2707 2041 2790 passibus'
2028 2737 2104 2772 ire
2128 2717 2351 2790 pedes».
2379 2718 2445 2769 Et
2464 2713 2625 2769 ovid.

1600 2800 1738 2852 Fast.
1756 2799 1823 2864 Ι,
1858 2798 2036 2864 425,-
2010 2797 2275 2868 «vestigia
2300 2797 2483 2849 furtim
2502 2795 2630 2848 Sus-

1601 2897 1767 2951 penso
1786 2839 1965 2950 digitis
1994 2878 2094 2930 fert
2110 2876 2371 2930 taciturna
2396 2873 2627 2946 gradu».

1599 2989 1671 2997 —
1691 2959 1803 3010 Jac.
1836 2956 2001 3010 Henr.
2044 2953 2375 3008 Hoeuftius'
2360 2972 2415 3005 ιιι
2452 2950 2627 3004 Peric.

1602 3035 1731 3089 Crit.
1752 3053 1802 3106 p.
1826 3036 1957 3104 369,
1982 3034 2183 3086 mavult
2200 3033 2373 3104 legere
2389 3051 2447 3083 m
2448 3050 2631 3099 spensa

1603 3118 1653 3166 ιἰι
1666 3117 1851 3184 pollice
1865 3154 1878 3177 ,
1913 3113 2077 3187 idque
2100 3111 2286 3166 eodem
2305 3109 2485 3165 Ovidii
2509 3111 2630 3163 loco

1604 3195 1835 3266 probare
1859 3193 2048 3247 studet.
2084 3193 2190 3246 En.

1677 3274 1765 3343 73.
1800 3278 2001 3325 Omans
2036 3272 2319 3324 ambrosios.
2363 3269 2448 3323 sic
2486 3267 2631 3340 apud

1606 3351 1799 3405 Claud.
1820 3351 1889 3407 de
1908 3352 2067 3424 Nupt.
2088 3351 2225 3404 Hon.
2246 3371 2301 3404 v.
2330 3349 2632 3415 101,Venus

1607 3443 1831 3484 ornatur
1880 3451 1911 3484 ιι
1959 3430 2158 3485 Gratiis
2182 3448 2196 3483 ι
2233 3455 2259 3476 u
2278 3434 2475 3501 Largos
2518 3427 2632 3480 haec

1608 3509 1835 3564 nectaris
1857 3511 2053 3564 imbres
2070 3509 2292 3582 Irrigat:
2318 3509 2429 3561 haec
2451 3525 2631 3560 morsu

1608 3591 1877 3644 numerosi
1902 3589 2075 3644 dentis
2093 3590 2297 3643 eburno
2305 3587 2629 3642 Multifidum

1604 3669 1889 3724 discrimen
1906 3680 2019 3723 arat
2036 3677 2081 3722 »ζ

1676 3753 1765 3821 76.
1788 3753 2015 3820 Dumflet
2025 3787 2043 3811 ,
2072 3753 2209 3819 quod
2223 3767 2331 3800 sero
2347 3767 2365 3798 .·
2386 3757 2632 3819 corrupte

1606 3831 1663 3884 in
1680 3828 1833 3883 Leid.
1854 3829 2039 3884 codice
2054 3870 2069 3896 ,
2093 3831 2343 3898 Dumflee,
2367 3830 2505 3895 quod
2518 3845 2631 3877 sera

1608 3914 1751 3964 venit
1776 3914 1867 3963 sibi
1884 3913 2092 3980 gracula
2128 3913 2378 3977 voluptas.
2414 3907 2494 3959 Cl.
2518 3907 2631 3958 Ou-

1608 3989 1929 4062 dendorpius
1964 3989 2211 4044 censebat
2240 3988 2384 4041 hunc
2418 4005 2631 4040 versum

1610 4082 1732 4124 ante
1767 4069 2151 4143 precedentem
2190 4066 2497 4140 ponendum
2512 4106 2529 4133 ,
2564 4085 2627 4118 ac

1610 4149 1891 4223 legendum
1918 4167 2073 4206 esse:
2112 4176 2136 4196 α
2166 4153 2229 4202 Et
2258 4145 2445 4211 deflet,
2483 4143 2631 4218 quod
