2975 4684
513 329 657 416 486
1055 329 1670 398 noMEmsTAE
1728 327 2104 410 LATINI,

603 463 721 524 IX.
751 459 1054 524 Similiter
1091 474 1442 522 extremam
1475 473 1725 546 partem
1764 457 1916 521 belli
1943 455 2205 536 Trojani
2222 503 2241 536 ,
2270 470 2337 518 et
2368 476 2515 541 quae
2542 477 2653 518 ex-

521 567 762 632 cidium
788 565 995 646 Trojae
1021 581 1428 653 consequuta
1457 580 1611 628 sunt
1628 613 1645 645 ,
1680 561 1911 628 eodem
1938 577 2201 626 auctore
2218 609 2237 642 ‚
2268 561 2480 650 Lupus
2514 581 2659 650 perb

519 689 835 761 sequutus
883 688 982 736 est
997 719 1017 754 ,
1053 671 1134 736 de
1177 671 1452 736 Menelai
1507 687 1571 734 et
1618 671 1880 734 Helenae
1922 685 2073 757 post
2108 683 2358 756 captam
2390 667 2655 748 Troiam

517 765 732 846 reditu
767 802 984 868 agens.
1019 778 1125 843 Sic
1160 778 1334 842 enim
1359 779 1534 842 Naso
1572 778 1615 841 l.
1646 801 1703 841 c.
1731 799 1792 840 v.
1822 773 1903 839 25
1932 799 1949 839 ε

795 943 1206 1014 Trinacriusque
1225 962 1329 996 sue
1353 939 1631 996 Perseidos
1654 953 1861 1008 auctor,
1882 953 1935 994 et
1956 952 2143 994 auctor

943 1029 1232 1086 Tantalidae
1249 1030 1462 1085 reducis
1480 1069 1496 1094 ,
1517 1029 1961 1104 Tyndaridosque
1978 1031 2176 1100 Lupus.

513 1203 806 1290 Lupum,
841 1217 1102 1289 poetam
1151 1200 1442 1266 Siculum
1459 1249 1478 1283 ,
1528 1199 1867 1264 Perseidos
1920 1198 2158 1286 pariter
2196 1221 2273 1262 ac
2302 1196 2661 1262 Tantalide

516 1309 774 1374 reducis
800 1332 1009 1373 unum
1033 1323 1365 1372 auctorem
1397 1307 1507 1371 hic
1528 1305 1900 1395 intelligunt
1920 1305 2220 1370 nonnulli
2246 1305 2659 1393 interpretes.

516 1415 602 1478 Et
623 1417 1034 1480 Burmannus
1061 1413 1258 1478 tradit
1279 1415 1537 1502 Lupum
1560 1412 2063 1478 Messaniensem
2092 1411 2281 1502 prodi
2290 1435 2345 1488 „a
2368 1413 2421 1474 F
2424 1411 2662 1492 asello,

517 1519 758 1584 Deoed.
788 1520 819 1584 1
843 1523 990 1584 Rer.
1015 1520 1210 1584 Sicul.
1231 1520 1342 1583 lib.
1364 1520 1429 1583 11
1450 1567 1468 1600 ,
1512 1539 1649 1608 cap.
1678 1541 1715 1582 2
1738 1567 1757 1600 ,
1793 1535 1859 1583 et
1884 1519 2323 1608 Mongitorem
2348 1519 2413 1580 in
2444 1517 2663 1582 Sicula

519 1625 823 1690 Biblioth.
869 1642 915 1691 t.
950 1625 1048 1707 11,
1085 1649 1148 1714 p.
1188 1623 1304 1706 28,
1347 1647 1575 1690 omnes
1612 1647 1869 1689 summa
1908 1623 2237 1712 diligentia
2285 1625 2663 1714 collegisse,

521 1732 634 1819 qui
669 1724 754 1796 He
797 1733 928 1796 hoc
965 1733 1153 1818 Lupo
1191 1730 1460 1819 egerint.
1503 1731 1651 1818 lpse
1699 1746 1913 1806 tamen
1962 1733 2374 1794 Burmannus
2416 1730 2665 1794 rectius

467 1895 476 1923 ,
521 1835 657 1902 duo
699 1853 920 1926 poetas
948 1837 1239 1926 agnoscit
1259 1885 1276 1916 ,
1303 1858 1549 1917 unum,
1584 1859 1780 1924 quem
1804 1858 1938 1900 non
1972 1837 2299 1918 nominat,
2327 1852 2665 1900 auctorem

519 1943 890 2024 Perseidos,
926 1944 1200 2007 alterum
1233 1943 1492 2031 Lupum
1512 1991 1531 2024 ,
1561 1943 1675 2031 qui
1706 1939 1787 2006 de
1819 1942 2035 2007 reditu
2071 1941 2349 2006 Menelai
2384 1942 2663 2031 scripsit.

521 2051 686 2113 Sane
713 2049 1000 2113 diversos
1040 2066 1339 2113 auctores
1374 2048 1724 2135 repetitum
1754 2063 1984 2112 auctor
2012 2062 2078 2138 et
2112 2063 2339 2112 auctor·
2366 2049 2519 2112 satis
2556 2045 2668 2112 de—

524 2157 721 2220 clarat
740 2204 759 2237 ,
793 2154 972 2244 quod
1025 2171 1314 2244 repetere
1356 2155 1423 2217 in
1473 2177 1610 2218 uno
1647 2153 1931 2218 duorum
1978 2169 2353 2241 poematum
2395 2171 2668 2220 auctore

519 2264 816 2344 jejunum
863 2279 930 2327 et
971 2262 1310 2327 indoctum
1349 2279 1465 2328 est.
1508 2264 1684 2327 Alter
1720 2262 1984 2352 quidem
2008 2311 2027 2347 ,
2058 2262 2393 2328 Perseidos
2436 2277 2670 2328 auctor

529 2368 896 2434 Trinacrius
910 2369 954 2432 i.
976 2391 1032 2433 e.
1051 2368 1303 2432 Siculus
1321 2417 1338 2448 ,
1355 2370 1620 2456 quinam
1642 2369 1839 2433 fuerit
1854 2417 1873 2450 ‚
1890 2391 2097 2458 quum
2118 2369 2201 2434 ad
2214 2392 2351 2434 rem
2372 2383 2667 2432 nostram

531 2493 666 2538 non
703 2475 1019 2562 pertineat
1037 2521 1056 2554 ,
1088 2474 1222 2554 jam
1258 2474 1490 2538 omitto
1532 2497 1838 2562 quaerere.
1870 2477 2219 2540 Enimvero
2265 2491 2331 2539 et
2368 2475 2633 2562 Lupum
2650 2521 2669 2554 ‚

527 2579 806 2643 reductae
832 2603 868 2641 a
893 2579 1189 2642 Menelao
1215 2581 1473 2643 Helenae
1487 2596 1819 2644 auctorem
1837 2630 1856 2663 ,
1876 2597 2015 2645 toto
2042 2581 2305 2646 nomine
2330 2578 2671 2670 designare

524 2684 786 2750 difficile
819 2702 914 2750 est
936 2734 955 2767 ,
989 2707 1196 2772 quum
1224 2686 1443 2773 plures
1472 2687 1640 2775 Lupi
1678 2688 1743 2750 in
1769 2703 1961 2777 gente
1988 2689 2178 2753 sunia
2197 2737 2216 2770 ,
2249 2688 2417 2751 Iulia
2447 2702 2512 2752 et
2538 2688 2673 2750 Ru·

530 2791 660 2856 tilia
685 2791 956 2872 fuerint,
981 2791 1210 2854 necilli
1231 2791 1312 2854 ab
1337 2791 1555 2856 Ovidii
1581 2810 1763 2858 aetate
1786 2795 2038 2860 remoti.
2062 2795 2430 2859 Plurimum
2450 2809 2667 2857 tamen

531 2896 775 2962 inclino
815 2896 899 2962 ad
940 2897 1248 2962 Rutilium
1287 2898 1560 2986 Lupum,
1587 2899 1771 2980 cujus
1802 2903 2011 2990 gentis
2044 2917 2111 2966 et
2137 2901 2420 2964 nominis
2450 2899 2670 2988 plures

531 3005 866 3092 Augusteo
913 3026 1048 3067 aevo
1095 3001 1490 3086 floruerunt,
1516 3004 1956 3093 ‘inprimisque
1988 3007 2060 3070 P.
2093 3005 2375 3069 Rutilius
2408 3005 2630 3093 Lupus
2649 3052 2668 3086 ‚

532 3109 684 3173 libri
711 3109 793 3174 de
830 3107 1053 3198 figuris
1087 3111 1555 3174 sententiarum
1590 3128 1655 3176 et
1688 3113 2073 3176 elocutionis
2105 3128 2353 3194 auctor,
2382 3133 2579 3200 quem
2610 3111 2671 3175 ei

533 3215 700 3278 aetati
731 3215 920 3278 certis
953 3215 1312 3280 rationibus
1347 3215 1695 3280 vindicavit
1728 3219 1885 3282 Dav.
1913 3203 2345 3283 Ruhnkenius
2376 3217 2457 3282 V.
2492 3219 2565 3281 C.
2600 3217 2668 3280 in

536 3321 779 3407 praesat.
816 3319 898 3384 ad
933 3321 1129 3386 Rutil.
1166 3323 1448 3412 Lupum.
1489 3324 1574 3386 Et
1608 3322 1873 3410 quidem
1907 3324 2064 3388 huic
2101 3325 2224 3413 ipsi
2263 3325 2480 3412 Lupo,
2513 3321 2669 3388 rhe-

538 3426 664 3489 tori
678 3473 696 3506 ,
721 3447 1002 3507 carmen,
1025 3425 1106 3490 de
1128 3446 1263 3513 quo
1281 3427 1455 3492 Naso
1475 3428 1786 3516 loquitur,
1808 3429 2095 3494 tribuere
2111 3427 2289 3493 haud
2312 3427 2667 3493 absurdum

533 3531 750 3596 fuerit.
783 3531 950 3596 Nam
976 3555 1208 3620 poema
1246 3534 1527 3600 scribere
1548 3559 1587 3599 a
1610 3536 1888 3600 rhetoris
1922 3536 2326 3624 professione
2356 3557 2489 3600 non
2526 3535 2672 3600 alie-

537 3661 697 3702 num
734 3654 863 3720 est,
903 3655 966 3701 et
1003 3638 1226 3703 rhetor
1257 3640 1362 3704 ille
1382 3689 1399 3722 ‚
1439 3642 1551 3730 qui
1588 3657 2059 3730 praeceptorum
2088 3643 2669 3730 exemplorumque

537 3744 834 3808 omnium
859 3761 1237 3832 apparatum
1271 3769 1306 3809 e
1335 3745 1572 3811 Graecis
1605 3748 1971 3812 oratoribus
1998 3745 2355 3836 repetendo
2379 3746 2665 3811 Graeoem

535 3849 967 3914 eruditionem
997 3851 1214 3916 libello
1245 3875 1365 3915 suo
1397 3853 1582 3918 valde
1617 3855 2033 3944 approbavit,
2065 3855 2249 3920 facile
2282 3853 2473 3918 etiam
2510 3875 2667 3940 poe·

535 3969 747 4017 tarum
781 3957 1188 4043 Cyclicorum
1225 3959 1568 4024 lectionem
1600 3977 1778 4050 parte
1812 3961 1964 4026 belli
1996 3961 2257 4042 Trojani
2286 3957 2665 4048 exponenda

542 4071 830 4123 testatam
861 4061 1097 4128 fecerit.
1125 4065 1222 4128 De
1239 4087 1374 4152 quo
1400 4065 1659 4155 intelrim
1679 4085 1963 4156 repetam
1980 4085 2046 4132 et
2064 4091 2207 4132 mea
2222 4067 2453 4132 faciam
2476 4063 2663 4128 verba
