2975 4684
711 321 1184 392 PRAEFATIO
1234 325 1364 393 AD
1411 325 1815 395 LICENTII
1864 326 2271 396 CARMEN.
2411 331 2555 425 4⁰9

425 465 640 514 tutum
657 498 676 533 ,
701 451 906 552 immo
937 453 1306 542 ignoratum
1331 478 1370 519 a
1389 455 1715 543 plerisque
1738 471 1866 537 est,
1904 459 2196 544 quamvis
2224 458 2427 524 felicis
2462 433 2559 524 in'-

425 556 598 644 genii
620 577 879 624 carmen
893 607 912 641 ,
947 561 1499 626 commentatione
1520 577 1741 627 nostra
1760 609 1780 643 ‚
1804 579 2125 651 quantum
2148 561 2289 628 fieri
2307 567 2513 654 possit
2532 615 2552 649 ,

426 662 622 726 nitori
651 679 847 752 atque
883 667 1104 732 sensui
1125 689 1248 732 suo
1277 667 1677 734 restituatur.
1705 666 1833 734 Sed
1858 669 2146 758 primum
2178 669 2261 736 de
2281 689 2549 736 auctore

423 769 560 850 ejus
589 769 902 838 dicemus.

508 998 852 1064 Licn‘rms
901 999 1057 1064 civis
1105 1017 1173 1066 et
1219 1003 1559 1091 municeps
1594 1003 1943 1094 Augustini
1990 987 2115 1068 fuit
2128 1051 2149 1087 ,
2180 1003 2516 1095 Thagastae
2532 1052 2551 1087 ,

425 1102 682 1168 civitate
712 1104 1072 1183 Numidiae,
1109 1122 1189 1171 ut
1217 1107 1358 1190 ille,
1387 1124 1577 1174 natus
1594 1157 1615 1192 ,
1648 1131 1782 1198 quo
1800 1110 2386 1192 ann0,·incertum.
2411 1111 2557 1175 Hoc

421 1208 556 1296 ipse
591 1210 870 1276 declarat
897 1234 1092 1278 versu
1129 1213 1250 1302 137
1277 1237 1410 1303 seq.

697 1399 804 1456 Sed
840 1421 936 1456 nos
970 1415 1253 1477 proterea,
1279 1405 1426 1478 quod
1459 1406 1530 1460 ab
1564 1425 1667 1460 una
1706 1407 2033 1480 exsurgimus
2070 1409 2235 1491 ιιι-ῥυ,

699 1488 862 1556 Quod
894 1489 1084 1545 domus
1119 1511 1224 1546 unu
1261 1493 1415 1561 tulit,
1440 1493 1587 1567 qnod
1622 1498 1878 1568 sanguiue
1908 1497 2181 1570 tangimur
2209 1515 2319 1552 uno
2436 1537 2442 1555 ,

697 1577 983 1632 seclorum
1002 1621 1018 1646 ,
1046 1581 1348 1636 Christiana
1386 1582 1521 1637 fides
1556 1585 1852 1639 connexuit.

419 1741 584 1807 Falsi
608 1743 828 1831 itaque
851 1760 1010 1808 sunt
1039 1744 1396 1834 Gyraldus,
1433 1748 1703 1811 Vossius
1723 1794 1743 1828 ,
1773 1747 2145 1812 Borrichius
2161 1795 2180 1829 ,
2211 1747 2511 1811 Bailletus
2528 1795 2547 1824 ‚

416 1849 692 1914 Brietius
709 1898 726 1927 ,
765 1851 882 1938 qui
925 1851 1412 1940 Hipponensem
1463 1853 1665 1920 fuisse
1699 1851 2063 1918 Licentium
2121 1851 2547 1918 affirmarunt.

415 1955 544 2021 Sed
561 1972 778 2020 tamen
799 1957 1000 2045 stirpe
1016 1973 1081 2021 et
1094 1959 1484 2047 cognatione
1502 1958 1867 2048 Augustino
1886 1960 2313 2040 conjunctum
2328 1958 2549 2041 fuisse,

415 2061 556 2150 ipse
585 2063 915 2127 Licentius
945 2063 1237 2132 versibus
1269 2063 1567 2129 adductis
1603 2063 1850 2153 prodit,
1888 2067 1993 2129 cui
2024 2064 2345 2131 adversari
2376 2063 2551 2129 vide-

414 2183 526 2232 tur-
555 2168 888 2234 Paullinus
925 2169 992 2232 in
1024 2171 1228 2259 Epist.
1257 2193 1408 2234 xnvr
1443 2170 1529 2235 ad
1554 2171 2033 2236 Romanianum
2080 2188 2147 2236 et
2182 2171 2549 2236 Licentium

412 2274 650 2363 scripta
667 2322 687 2356 ,
759 2297 904 2362 quae
961 2275 1030 2340 in
1082 2276 1414 2341 volumine
1470 2277 1893 2366 epistolarum
1944 2278 2291 2366 Augustini
2352 2299 2547 2342 xxxvl

411 2394 546 2462 est,
579 2379 696 2444 ubi
728 2381 1030 2470 Alypium
1055 2381 1320 2446 fratrem
1345 2381 1615 2446 Licentii
1648 2382 1977 2447 consortio
2007 2383 2338 2473 sanguinis
2369 2404 2541 2464 esse,

409 2489 853 2577 Augustinum
903 2487 1194 2568 ejusdem
1246 2489 1312 2552 in
1370 2488 1727 2579 disciplinis
1774 2492 2155 2580 magistrum
2190 2505 2258 2556 et
2294 2489 2541 2580 ingenii

409 2609 692 2659 satorem
706 2643 726 2677 ‚
762 2592 1040 2658 affirmat
1068 2617 1084 2658 :

689 2757 873 2812 Frater
900 2757 1124 2832 Alypius
1159 2772 1267 2826 cst,
1294 2759 1725 2832 Augustinusque
1758 2759 2027 2832 magister,

760 2844 1046 2919 Sanguinis
1080 2845 1173 2898 hic
1207 2865 1439 2909 consors,
1467 2846 1558 2900 hic
1595 2859 1735 2900 sator
1768 2846 1981 2919 ingenii.

407 3027 660 3088 Auctor·
689 3023 858 3089 Vitae
889 3025 1240 3114 Augustini
1271 3026 1340 3088 in
1373 3024 1661 3090 editione
1690 3023 2259 3090 Benedictinorum
2277 3071 2296 3106 ‚
2336 3024 2445 3088 lib.
2482 3025 2547 3107 1,

407 3152 547 3217 cap.
570 3153 626 3214 1,
660 3147 737 3194 ut
757 3130 877 3195 ista
899 3130 1234 3213 conciliet,
1261 3131 1614 3212 existimat,
1641 3131 2003 3195 Licentium
2028 3128 2503 3194 adolescentem
2522 3179 2541 3213 ,

407 3259 544 3324 quo
582 3237 938 3324 impensius
984 3235 1362 3325 praeceptori
1404 3234 1891 3300 adblandiretur
1913 3285 1931 3314 ,
1980 3237 2233 3325 poetica
2281 3237 2541 3301 licentia

405 3342 756 3429 loquutum
775 3391 794 3424 ,
848 3365 976 3430 qua
1011 3351 1485 3430 nonnunquam
1523 3343 1718 3406 unius
1765 3341 1945 3406 urbis
1987 3341 2155 3408 cives
2199 3365 2336 3407 uno
2383 3364 2535 3406 san-

405 3447 604 3536 guine
639 3447 940 3538 prognati
977 3447 1304 3514 dicuntur.
1341 3447 1482 3538 Ego
1520 3471 1675 3514 vero
1708 3448 2072 3514 Licentium
2089 3496 2107 3529 ,
2146 3470 2354 3536 quum
2399 3450 2532 3513 Au·-

404 3552 742 3643 gustinum
773 3553 864 3618 ait
892 3576 1114 3619 secum
1161 3578 1295 3621 non
1327 3553 1529 3619 modo
1574 3553 1656 3618 ab
1688 3577 1821 3619 una
1858 3555 2056 3638 urbe,
2090 3553 2206 3618 sed
2236 3569 2301 3618 et
2332 3552 2531 3618 domo

401 3680 536 3723 una
561 3674 626 3723 et
647 3660 960 3750 sanguine
984 3683 1122 3725 uno
1144 3682 1305 3743 esse,
1333 3661 1588 3750 gravius
1608 3677 1675 3724 et
1701 3660 2003 3726 disertius
2020 3660 2366 3747 loquutum
2392 3681 2531 3724 esse

400 3763 731 3847 existimO,
767 3787 964 3853 quam
1000 3781 1076 3828 ut
1114 3763 1198 3830 de
1247 3765 1385 3832 sola
1414 3764 1671 3830 civitate
1704 3765 1911 3855 possit
1952 3763 2262 3853 intelligi,
2299 3786 2530 3851 quam·-

403 3891 602 3958 quam
635 3870 743 3935 hic
771 3870 1030 3934 domum
1061 3893 1196 3935 non
1233 3871 1539 3935 familiam
1558 3921 1577 3956 ,
1616 3871 1731 3937 sed
1777 3887 2035 3961 gentem
2088 3870 2529 3958 laxioremque

401 3975 856 4065 cognationem
889 3975 1278 4067 significare,
1311 3978 1484 4042 ultro
1516 3977 1827 4043 concedo·
1860 3977 1929 4042 si
1958 3976 2286 4042 Paullinus
2304 3979 2531 4066 Augu-

398 4080 642 4170 {tinum
675 4083 1052 4172 magistrum
1083 4083 1388 4161 Licentii,
1421 4105 1555 4149 non
1598 4084 1895 4164 stenem,
1930 4097 2003 4148 ut
2032 4081 2369 4172 Alypium,
2404 4105 2524 4146 no-
