2975 4684
573 391 706 458 AD
757 389 1053 478 QUEM
1099 389 1521 460 CARMEN
1570 391 2091 462 SCRIPTUM
2136 391 2335 458 EST.
2407 386 2503 472 43

375 535 594 607 posset
609 567 627 602 ,
660 541 840 584 nunc
864 518 1290 607 Calpurnium
1327 517 1603 582 salutare
1649 539 1840 605 posse
1884 519 2257 582 memoriter
2280 567 2300 600 ,
2338 521 2508 582 forte

375 622 560 711 quod
610 621 924 688 beneficia
971 623 1107 704 ejus
1160 623 1389 688 crebro
1443 623 1715 711 repetita
1764 623 2077 686 acriorem
2126 623 2503 688 memoriam

375 729 780 794 effecissent:

657 843 1048 916 Extemporalis
1071 842 1242 898 factus
1260 856 1340 898 est
1359 861 1511 898 meus
1531 843 1749 896 rhetor:

657 937 1008 1011 Calpurnium
1032 955 1142 990 non
1171 934 1405 1006 scripsit,
1423 946 1475 988 et
1502 933 1767 988 salutavit.

317 1057 328 1071 ⁴
381 1062 480 1126 Ex
507 1062 627 1126 ista
655 1061 1032 1126 liberalitate
1065 1061 1139 1124 C.
1175 1059 1428 1122 Pisonis
1449 1106 1468 1140 ,
1504 1074 1844 1146 tantopere
1876 1057 2193 1122 celebrata
2209 1106 2227 1141 ,
2256 1058 2506 1146 perspi-

373 1166 604 1232 cienda
633 1182 731 1232 est
760 1191 826 1232 ra
834 1166 924 1232 tio
950 1166 1154 1231 totius
1181 1165 1480 1230 carminis
1498 1213 1516 1248 ,
1539 1187 1577 1228 a
1604 1181 1797 1254 poeta
1827 1164 2233 1228 adolescente
2266 1181 2331 1230 et
2358 1186 2515 1253 pau-

371 1293 528 1360 pere
557 1273 805 1360 scripti,
835 1289 910 1337 ut
934 1271 1070 1353 ejus
1102 1273 1370 1361 gratiam
1399 1286 1716 1360 captaret,
1746 1284 1812 1334 et
1836 1270 2273 1359 patrocinium
2305 1271 2510 1334 Musis

375 1378 514 1444 suis
552 1395 888 1467 quaereret.

463 1485 738 1573 Cognita
790 1501 1006 1550 autem
1065 1485 1400 1575 Calpurnii
1458 1483 1742 1566 Pisonis,
1800 1481 1883 1547 ad
1943 1505 2141 1572 quem
2196 1484 2511 1572 scriptum

375 1612 607 1678 poema
639 1607 734 1655 est
751 1639 771 1674 ,
809 1613 1083 1680 persona
1115 1608 1181 1657 et
1207 1607 1390 1657 oetate
1405 1639 1424 1673 ,
1462 1593 1648 1656 facile
1680 1589 2089 1680 perspicitur,
2122 1613 2368 1656 errasse
2400 1614 2512 1656 eos

378 1696 812 1780 vehementer,
841 1699 957 1786 qui
986 1697 1150 1763 illud
1180 1697 1416 1762 Ovidio
1446 1715 1563 1763 aut
1584 1697 1855 1788 Virgilio
1886 1707 2111 1762 contra
2144 1714 2511 1785 temporum

376 1803 692 1868 rationem
737 1804 1074 1896 adsignare
1103 1806 1474 1871 voluerunt.
1516 1807 1733 1890 Quem
1766 1827 2049 1870 errorem
2086 1827 2123 1868 e
2164 1803 2512 1868 Pisonibus

378 1911 546 1998 male
591 1912 877 1976 confusis
928 1929 1151 1977 ortum
1199 1934 1338 1976 esse
1357 1960 1376 1993 ‚
1403 1927 1723 1976 testantur
1764 1909 2033 1998 quidam
2082 1909 2337 1975 codices
2384 1909 2511 1972 im-

373 2015 610 2104 pressi,
633 2017 708 2079 in‘
730 2016 969 2104 quibus
987 2016 1081 2107 (1)
1099 2017 1505 2108 legiturzAd
1532 2019 1847 2098 Pisonem,
1884 2017 1981 2080 ad
2003 2039 2187 2104 quem
2212 2027 2427 2080 exstat
2451 2030 2513 2080 et

377 2121 632 2186 Horatii
649 2122 776 2186 Ars
805 2124 1084 2188 Poetica.
1109 2121 1236 2188 Sed
1263 2137 1328 2186 et
1349 2121 1487 2186 aliis
1517 2123 1892 2186 auctoribus
1930 2123 2057 2185 hoc
2087 2143 2321 2210 poema
2351 2121 2510 2184 falso

375 2228 698 2293 tributum
732 2246 857 2314 est,
885 2251 1168 2319 quorum
1196 2245 1347 2294 aetas
1383 2229 1585 2319 magis
1622 2229 1945 2295 convenit.
1992 2227 2265 2316 Papinio
2306 2228 2509 2292 Statio

373 2331 768 2400 adolescenti
797 2337 982 2425 Casp.
1017 2333 1315 2401 Barthius
1352 2334 1700 2424 aliquando
1733 2325 2095 2402 adscribere
2121 2333 2327 2399 voluit
2342 2383 2361 2417 ,
2386 2335 2513 2399 levi

375 2437 734 2504 admodum
763 2441 1320 2507 verisimilitudine
1353 2441 1467 2530 (2).
1505 2440 1685 2506 Idem
1722 2443 1847 2506 alio
1883 2443 2028 2507 loco
2058 2439 2152 2529 (3)
2180 2456 2511 2507 auctorem

377 2543 585 2609 facere
615 2547 1035 2636 Calpurnium
1073 2547 1457 2635 quemdam,
1485 2549 1688 2612 serius
1722 2549 2046 2613 viventem
2064 2597 2082 2630 ,
2111 2564 2407 2629 conatur,
2444 2561 2512 2612 et

373 2647 714 2733 Pisonem,
739 2653 876 2732 ejus
906 2667 1286 2740 patronum,
1313 2651 1574 2731 conjicit
1606 2673 1757 2714 eum
1790 2673 1927 2716 esse
1945 2699 1964 2734 ,
1988 2653 2101 2739 qui
2133 2675 2308 2716 anno
2345 2650 2509 2714 XIII

373 2753 630 2834 Trajani
663 2757 909 2821 Consul
938 2771 1233 2821 occurrat
1262 2757 1330 2819 in
1362 2756 1567 2820 Fastis
1584 2806 1601 2840 ,
1626 2759 1696 2822 L.
1725 2758 2149 2846 Calpurnium
2178 2757 2505 2821 Pisonem.

375 2861 541 2942 Quae
572 2863 887 2927 sentent-ia
917 2863 1105 2951 plane
1135 2863 1378 2928 absona
1397 2880 1515 2929 est.
1544 2863 1709 2928 Nam
1737 2865 1792 2928 si
1820 2864 2205 2953 Calpurnius
2241 2861 2507 2951 quidam

371 2966 502 3030 fuit
548 2984 776 3032 auctor
832 2969 1163 3052 carminis,
1211 2969 1335 3033 fuit
1387 2970 1638 3058 gentilis
1696 2969 2025 3057 Calpurnii
2081 2969 2365 3051 Pisonis,
2424 2967 2506 3032 ad

375 3095 573 3161 quem
591 3121 611 3154 ,
637 3074 894 3140 laudata
937 3076 1072 3156 ejus
1117 3098 1372 3140 summa
1411 3075 1745 3141 nobilitate
1782 3075 2065 3166 generiS,
2099 3074 2378 3139 scribere
2422 3073 2507 3138 de

373 3181 720 3268 semetipso
752 3204 885 3246 non
919 3183 1134 3270 potuit
1163 3205 1355 3248 versu
1383 3187 1550 3260 242:

667 3337 855 3353 ......
866 3301 974 3354 Nos
991 3299 1207 3376 humilis
1229 3299 1420 3354 domus
1437 3340 1454 3367 ,
1485 3314 1537 3354 et
1562 3301 1765 3354 sincera
1786 3311 2067 3371 parentum

656 3387 762 3441 Sed
788 3388 960 3442 tenuis
983 3389 1193 3442 fortuma
1217 3407 1314 3443 sua
1339 3388 1563 3461 caligine
1590 3389 1744 3444 celat.

373 3505 642 3571 Plurimi
676 3509 1081 3576 eruditorum
1117 3528 1448 3576 auctorem
1480 3512 1796 3601 poematis
1823 3511 1915 3576 Μ.
1944 3514 2261 3578 Annaeum
2291 3511 2497 3574 Luca-

444 3691 522 3757 (1)
541 3689 627 3744 Sic
649 3689 962 3764 inscriptum
992 3693 1096 3746 hoc
1129 3712 1345 3748 carmen
1377 3694 1570 3766 legitur
1592 3694 1651 3747 in
1677 3693 1949 3748 volumine
1980 3690 2213 3746 seeundo
2236 3693 2491 3746 Veterum
2579 3707 2593 3718 ’

373 3777 653 3832 Poetarum
670 3819 688 3846 ,
723 3781 911 3835 Colon.
932 3783 1115 3855 Agrip.
1141 3785 1275 3852 1696
1289 3822 1308 3848 ‚
1335 3785 1480 3838 in-Ia
1503 3822 1519 3849 ,
1547 3803 1671 3856 pag.
1694 3791 1817 3847 400.
1839 3815 1909 3824 —
1931 3783 1999 3836 Et
2018 3783 2075 3834 in
2093 3780 2322 3836 editione
2340 3784 2501 3836 Ama-

373 3867 630 3920 toriorum
656 3867 837 3922 Ovidii
856 3869 1171 3943 Gryphiana
1195 3910 1211 3936 ,
1235 3871 1513 3944 Lugduni,
1546 3873 1701 3938 1534.
1731 3872 1829 3925 En.

443 3955 520 4022 (2)
556 3955 804 4009 Barthius
830 3957 895 4011 ad
925 3959 1056 4012 Stat.
1076 3959 1202 4014 Silv.
1224 3961 1298 4025 V,
1323 3979 1350 4012 a
1368 3999 1387 4025 ‚
1419 3961 1523 4015 516
1543 3998 1560 4025 ,
1596 3979 1714 4032 pag.
1734 3960 1853 4023 456.
1875 3959 2055 4018 Verba
2078 3962 2192 4032 ejus
2218 3958 2337 4014 vide
2364 3960 2499 4013 inter

372 4043 692 4097 testimonia.
2388 4046 2396 4054 ¹

445 4130 522 4201 (3)
558 4131 644 4184 Ad
669 4131 950 4187 Claudiam.
971 4133 1142 4188 Laud.
1166 4135 1371 4189 Stilich.
1400 4135 1489 4190 lib.
1515 4137 1571 4200 1,
1604 4156 1655 4188 v.
1686 4137 1783 4202 28,
1804 4154 1853 4207 p.
1884 4137 2001 4205 189.
2110 4149 2118 4156 ·
