2975 4684
501 378 718 477 596·

1361 382 1783 453 INCERTI

599 508 879 573 Pectora
913 502 1318 599 pugnand03
1343 504 1516 575 vires
1560 528 1903 574 successus
1938 504 2247 601 adauget.

596 613 888 686 Perculsi
921 614 1235 683 dubitant
1278 614 1553 708 trepida.
1576 614 1938 685 formidine
1970 620 2209 696 TroeS,

594 730 819 821 Atque
857 727 1036 793 intra
1077 749 1306 793 muros
1341 725 1665 795 exhausta
1702 750 1891 819 paene
1928 726 2142 795 salute

597 835 1050 929 Confugiunt,
1086 848 1446 929 portasque
1483 835 1751 929 objecto
1783 836 2027 905 robore
2064 836 2354 905 firmant.
2571 858 2653 907 9³⁵

693 948 916 1017 XXII.
953 947 1182 1031 UnuS,
1217 958 1357 1014 tota
1395 943 1573 1014 salus
1600 945 1673 1013 in
1704 970 1837 1039 quo
1874 948 2169 1039 Trojana
2202 948 2551 1026 manebat,

593 1060 843 1127 Hector
871 1054 1096 1141 adest,
1128 1080 1328 1149 quem
1367 1079 1505 1123 non
1547 1054 1733 1127 durae
1768 1057 1971 1125 timor
2007 1056 2307 1151 undique
2336 1058 2613 1142 mortis,

592 1174 736 1241 Nec
777 1167 1010 1263 patriae
1049 1180 1322 1234 tenuere
1363 1189 1629 1259 preoeS,
1662 1168 1829 1260 quin
1868 1166 2109 1235 obvius
2154 1168 2316 1252 iret,

591 1282 678 1348 Et
719 1291 960 1347 contra
997 1300 1320 1370 magnum
1358 1276 1765 1346 contendere
1806 1275 2005 1346 vellet
2042 1276 2395 1347 Achillem.

589 1387 812 1487 [Ante
848 1385 1080 1457 oculos
1115 1385 1338 1455 subito
1375 1387 1515 1455 visa
1552 1401 1654 1456 est
1688 1387 1996 1456 Tritonia
2039 1384 2303 1484 Pallas]
2570 1408 2653 1455 9⁴1·

591 1502 812 1591 Quem
859 1496 1096 1595 procul
1133 1512 1210 1567 ut
1241 1497 1411 1567 vidit
1442 1512 1699 1568 tectum
1738 1497 2109 1567 caelestibus
2142 1500 2378 1581 arinis,

594 1610 986 1695 Pertimuit,
1021 1606 1400 1703 clausisque
1440 1606 1616 1704 fugit
1651 1633 1771 1677 sua
1807 1610 2052 1679 moenia
2094 1610 2351 1679 circum

559 1842 682 1911 932.
713 1843 960 1893 Bellando
983 1840 1115 1891 vires
1138 1856 1402 1891 succensus
1427 1842 1519 1889 ad·

489 1936 644 1990 auget
666 1920 849 1973 scribit
873 1918 944 1971 G.
974 1938 1001 1970 2
1022 1958 1038 1984 ,
1071 1916 1163 1969 sed
1189 1916 1378 1969 melius
1405 1916 1521 1969 vul-

488 2000 615 2071 gati.
655 2002 792 2052 Vir-es
826 2018 1082 2052 successus
1120 2000 1342 2065 adauget
1379 1994 1519 2047 idem

489 2093 596 2143 cst,
634 2098 696 2133 ac
723 2076 868 2151 quod
897 2094 1057 2148 supra
1090 2080 1193 2145 494
1221 2087 1272 2127 et
1301 2076 1406 2145 768
1433 2074 1519 2127 di-

489 2161 565 2213 xit
581 2162 808 2229 geminat
833 2158 1048 2208 victoria
1071 2158 1226 2208 vires.

561 2240 681 2309 933.
721 2239 944 2289 Percussi
971 2236 1188 2307 quidem
1218 2235 1521 2306 exprimunt

489 2335 674 2373 omnes
701 2316 821 2369 libri
839 2315 942 2367 mei
971 2327 1160 2387 praeter
1179 2310 1299 2368 edd.
1319 2315 1445 2368 Tor.
1468 2326 1523 2367 et

488 2400 580 2469 Sp.
617 2408 671 2449 at
703 2397 923 2464 perculsi
959 2405 1138 2447 tamen
1179 2393 1355 2465 aptius
1393 2392 1521 2446 huic

489 2476 609 2529 loco
635 2473 943 2529 existimavi.

557 2556 682 2626 934.
703 2552 899 2623 Scripsi
917 2554 1048 2603 intra
1066 2570 1228 2602 murus
1249 2569 1370 2604 cum
1395 2552 1460 2605 G.
1492 2571 1515 2605 1

447 2651 468 2669 ⁵
489 2646 540 2687 ct
569 2653 597 2686 2
622 2652 635 2686 :
665 2630 855 2702 reliqui
880 2640 1064 2682 tenent
1088 2633 1218 2682 incer
1243 2650 1429 2682 muros.
1449 2662 1521 2671 -

490 2716 754 2764 Exhausto
769 2728 921 2778 poene
941 2711 1132 2770 salute,
1161 2707 1220 2761 h.
1261 2728 1310 2762 e.
1353 2728 1523 2780 quum

485 2812 640 2865 paene
665 2789 948 2863 periissent
963 2827 979 2853 ,
1001 2800 1053 2840 et
1075 2807 1191 2860 spes
1219 2790 1328 2841 fere
1349 2788 1523 2842 omnis

491 2872 676 2927 salutis
710 2868 1023 2923 evanuisset.
1057 2867 1287 2939 Virgilio
1323 2866 1521 2921 dicitur

489 2981 516 2999 «ε
535 2955 820 3023 absumpta
849 2948 993 3002 salus
1018 2972 1075 3011 n„
1103 2952 1224 3001 AEn.
1244 2948 1273 2998 1
1291 2984 1309 3010 ,
1343 2946 1459 3001 555.

562 3032 684 3100 935.
711 3027 840 3083 vid.
870 3046 1001 3081 vers.
1040 3027 1166 3080 683.
1197 3026 1304 3078 En.

563 3113 683 3181 937.
710 3116 862 3177 Quem
885 3128 984 3159 non
1009 3109 1122 3158 duri
1143 3110 1288 3159 timor
1301 3107 1522 3173 undiquc

493 3192 670 3243 Martis
711 3209 731 3240 .·
767 3189 844 3241 sic
869 3186 996 3241 editi
1035 3203 1159 3237 cum
1185 3185 1251 3237 G.
1280 3204 1329 3237 1.
1368 3190 1521 3251 Quem

491 3292 586 3324 nec
611 3272 725 3321 duri
749 3273 811 3319 G.
837 3284 888 3317 π.
915 3264 1208 3318 Dussenius
1227 3302 1242 3328 ,
1275 3282 1394 3335 pag.
1417 3273 1518 3329 4ο,

493 3350 696 3405 mavult
731 3348 846 3399 duri
864 3348 1018 3413 fier-or
1049 3347 1266 3411 undique
1311 3348 1514 3405 Marcis,

495 3430 617 3503 quia
637 3426 877 3481 similiter
885 3426 1073 3479 Noster
1091 3442 1250 3493 supra
1269 3421 1336 3477 de
1349 3423 1523 3477 Achil-

491 3511 559 3563 lis
581 3508 808 3561 virtute:
837 3530 862 3551 α
881 3504 1004 3557 Non
1027 3502 1180 3555 illum
1207 3502 1284 3555 vis
1309 3503 1420 3555 ulla
1441 3516 1520 3556 te·

491 3606 583 3644 net
605 3614 650 3643 -.
695 3589 896 3641 Contra
923 3584 993 3637 cl.
1019 3582 1279 3655 Dorpius,
1303 3602 1353 3653 p.
1381 3583 1478 3637 130
1502 3622 1519 3647 ‚

493 3665 866 3739 corrigendum
915 3673 1095 3717 censet
1140 3665 1279 3714 dura·
1317 3668 1482 3715 mortis
1498 3702 1515 3725 ‚

491 3752 616 3823 quia
645 3748 720 3800 sic
746 3747 800 3798 in
829 3742 948 3798 cod.
973 3740 1123 3796 Leid.
1147 3742 1400 3813 scriptum
1418 3782 1433 3807 ,
1467 3755 1521 3795 et

489 3834 693 3884 Lucan.
727 3827 784 3888 Ι,
822 3823 960 3892 459,
1002 3822 1112 3877 ait:
1161 3848 1183 3871 ι
1213 3822 1413 3875 Felices
1439 3841 1520 3875 er-

487 3929 609 3965 rore
635 3926 732 3961 suo
755 3942 772 3968 ,
805 3922 940 3976 quos
965 3902 1054 3955 ille
1079 3902 1331 3955 timorum
1351 3900 1520 3954 Maxi-

489 4008 606 4043 mus
618 3988 684 4039 ha
691 3985 764 4039 ud
780 3996 932 4055 urget
943 3983 1035 4037 leti
1047 3982 1378 4053 metus».Ego
1389 4000 1519 4036 vero

487 4068 634 4121 idem
657 4066 716 4117 in
744 4062 864 4117 cod.
881 4060 1100 4114 Helmst.
1119 4061 1328 4124 inveni,
1359 4071 1519 4132 atque

487 4166 546 4199 ea
565 4144 723 4197 lectio
747 4137 1144 4212 quodammodo
1170 4138 1519 4192 confirmatur

1609 1839 1912 1912 virgiliano
1942 1858 2127 1906 vena,
2157 1836 2367 1893 AEueid.
2385 1838 2470 1903 Π,
2502 1840 2643 1907 369:

1611 1948 1635 1968 α
1654 1919 1853 1990 ubique
1887 1938 2073 1991 pavor,
2105 1930 2157 1973 et
2192 1918 2418 1989 plurima
2456 1919 2647 1971 mortis

1610 1994 1793 2069 imago
1812 2024 1855 2050 v».

1682 2084 1804 2145 940.
1834 2081 1969 2127 Ante
1988 2080 2155 2127 oculos
2174 2078 2347 2129 subito.
2368 2076 2647 2143 Barthius,

1609 2153 1833 2208 Advers.
1862 2174 1917 2225 p.
1948 2155 2086 2219 2809
2106 2191 2122 2218 ,
2149 2154 2295 2208 hunc
2321 2175 2533 2209 versum
2560 2157 2644 2209 in-

1608 2233 1831 2287 sititium
1858 2252 1889 2285 a
1913 2233 2055 2286 mala
2084 2252 2245 2301 manu
2271 2247 2419 2307 putat
2435 2274 2453 2299 ,
2480 2247 2645 2307 atque

1607 2313 1718 2367 huc
1752 2312 2040 2365 reductum
2070 2311 2139 2367 de
2164 2332 2255 2366 sua
2288 2313 2410 2367 sede
2434 2335 2485 2368 v.
2514 2316 2641 2383 952.

1608 2393 1678 2445 Et
1702 2411 1883 2445 verum
1912 2410 2027 2445 esse
2042 2432 2057 2457 ,
2077 2391 2223 2464 quod
2250 2392 2499 2447 adfirmat
2523 2393 2643 2457 ille,

1612 2471 1764 2526 facile
1785 2472 2021 2525 Homero
2044 2472 2281 2544 inspecto
2304 2473 2641 2545 intelligitur,

1608 2552 1703 2623 qui
1740 2570 1851 2604 non
1884 2551 2043 2604 aliam
2081 2551 2313 2605 Palladis
2346 2554 2643 2625 apparitio-

1610 2635 1729 2683 ne'm
1762 2630 1923 2684 tradit
1943 2670 1959 2696 ,
1986 2648 2150 2701 quam
2176 2650 2295 2702 quae
2322 2632 2392 2685 ab
2420 2646 2642 2685 auctore

1612 2729 1767 2764 versu
1818 2709 1921 2779 95²
1972 2711 2133 2762 relata
2181 2724 2273 2764 est.
2322 2710 2641 2783 Suspectum

1607 2809 1821 2844 versum
1866 2790 2020 2843 etiam
2069 2791 2174 2844 hoc
2220 2790 2455 2857 indicat,
2490 2791 2643 2864 quod

1606 2870 1663 2923 in
1694 2871 1864 2923 tribus
1894 2870 2111 2940 Msptis,
2137 2869 2331 2943 quibus
2358 2876 2501 2935 utor,
2529 2872 2642 2925 alio

1608 2949 1727 3003 loco
1746 2986 1763 3012 ,
1790 2968 1987 3023 nempe
2025 2962 2145 3021 post
2182 2963 2491 3022 sequentem
2522 2972 2642 3005 ver-

1604 3047 1727 3080 oum
1748 3029 1984 3101 ponitur.

1678 3114 1800 3175 941.
1832 3114 1987 3176 Quem
2008 3114 2188 3177 procul
2206 3124 2263 3161 ut
2280 3112 2410 3161 vidie
2426 3124 2637 3169 tecum,

1606 3187 1789 3259 legunt
1834 3206 2019 3239 omnes
2064 3188 2243 3261 scripti
2284 3202 2338 3243 et
2378 3188 2527 3244 editi.
2556 3190 2641 3243 Cl.

1606 3268 1727 3319 Ant.
1758 3271 1823 3317 de
1856 3272 2011 3333 Rooy,
2037 3286 2090 3338 p.
2129 3284 2229 3321 loo
2246 3309 2262 3335 ,
2292 3269 2642 3324 emendatum

1605 3348 1719 3398 vult
1748 3352 1908 3414 Quam
1947 3354 2127 3416 procul
2168 3365 2223 3401 uc
2265 3352 2397 3403 vidie
2428 3364 2634 3414 accam,

1606 3426 1733 3497 quia
1760 3424 1829 3477 de
1868 3426 2115 3495 Pallade,
2145 3449 2265 3502 quae
2306 3431 2641 3504 precedente

1606 3523 1759 3557 versu
1779 3506 2105 3573 nominatur,
2120 3509 2457 3582 intelligebat.
2476 3513 2641 3565 Nunc

1606 3603 1774 3656 quum
1786 3602 1995 3639 versum
2014 3606 2137 3641 eum
2152 3590 2389 3661 spurium
2404 3610 2639 3663 pronun-

1607 3666 1795 3717 tiamus
1806 3704 1822 3730 ,
1834 3666 2119 3721 retinenda
2134 3680 2213 3721 est
2228 3670 2432 3740 vulgata
2444 3671 2637 3739 lectio,

1604 3763 1721 3818 quae
1748 3746 2004 3801 Achillem
2032 3750 2263 3823 respicit.
2288 3752 2426 3805 Hine
2450 3753 2507 3805 in
2536 3774 2639 3805 σει·-

1604 3830 1801 3878 leuibus
1842 3832 1993 3879 armis
2032 3828 2374 3897 intelligenda
2416 3832 2639 3887 Achilli·

1604 3923 1751 3959 arma
1786 3924 1818 3959 a
1843 3906 2093 3960 Vulcano
2123 3910 2381 3964 fabricata
2400 3950 2418 3977 ,
2440 3930 2636 3983 quem-

1606 3983 1897 4039 admodum
1918 3986 2100 4052 Maro,
2120 3992 2245 4042 AEn.
2266 3991 2370 4043 xn
2390 4030 2407 4054 ,
2432 3992 2636 4061 167,de

1557 4114 1563 4121 ,
1606 4066 1813 4117 AEneat
1862 4089 1883 4111 ι
1904 4064 2127 4121 Sidereo
2171 4067 2405 4141 flagrans
2442 4070 2635 4143 clypeo

1608 4153 1659 4192 et
1677 4142 1971 4199 caelestibus
1988 4148 2149 4200 annis
2166 4173 2207 4199 n.
2254 4150 2320 4201 Et
2348 4150 2633 4205 Hectorem
