2975 4684
501 353 640 426 556

1355 360 1770 429 INCERTI

597 481 950 570 Postquam
994 481 1257 573 utrique
1289 481 1404 548 diu
1435 495 1789 566 steterant,
1830 505 1949 548 nec
1988 480 2265 549 vulnera
2304 506 2593 574 magnus

599 588 752 674 Qua
797 587 987 656 daret
1024 588 1265 658 infesto
1300 589 1587 684 Tydides
1624 615 1782 658 ense
1825 589 2132 675 videbat,
2284 677 2289 681 ι

603 701 850 766 Saxum
895 699 1165 792 iugem,
1205 701 1427 769 medio
1467 699 1650 793 quod
1694 699 1865 768 forte
1896 700 2159 792 jacebat
2196 702 2263 768 in
2304 725 2499 793 agro,
2560 725 2643 770 εσυ

601 808 853 876 Bisseni
893 809 1076 901 quod
1109 811 1222 878 vix
1247 811 1527 904 juvenes
1562 808 1799 879 tellure
1828 807 2150 896 levarent,

603 917 915 1004 Sustulit,
956 933 1020 986 et
1055 944 1299 1014 magno
1337 903 1689 989 conamine
1724 920 1907 988 misit
1950 921 2021 988 iu
2058 920 2343 988 hostem.

603 1025 726 1097 llle
759 1030 892 1097 ruit
933 1045 1303 1123 prostratus
1341 1031 1528 1099 humi
1569 1055 1723 1098 cum
1762 1029 2046 1099 fortibus
2082 1031 2315 1115 armi5‚

608 1138 828 1226 Quem
867 1140 1094 1207 Venus
1129 1139 1442 1208 aethereas
1476 1139 1761 1232 genitrix
1806 1137 2072 1232 delapsa
2108 1165 2227 1234 per
2264 1163 2461 1208 auras

605 1248 902 1342 Accipit,
945 1263 1012 1317 et
1049 1249 1241 1343 nigra
1269 1273 1516 1343 corpus
1543 1247 1827 1342 caligine
1861 1249 2109 1320 condit.

2560 1275 2639 1318 455

603 1359 760 1426 Non
804 1355 960 1426 tulit
1000 1359 1304 1428 OEnides
1330 1361 1593 1442 animo,
1630 1358 2039 1455 nebulasque
2074 1386 2191 1454 per
2226 1363 2405 1454 ipsas
2500 1437 2509 1444 ,

609 1472 882 1554 Fertur,
917 1483 984 1538 et
1009 1469 1078 1537 in
1111 1471 1436 1537 Venerem
1478 1469 1916 1563 flagrantibus
1950 1472 2147 1539 irruit
2178 1472 2421 1554 armni,

605 1581 692 1647 Et
727 1603 979 1673 neque,
1016 1603 1216 1673 quem
1251 1579 1524 1648 demens
1562 1579 1737 1647 ferro
1774 1595 1993 1673 petat,
2034 1580 2301 1674 inspicit
2336 1593 2523 1662 ante,

618 1688 1094 1785 Caelestemque
1135 1714 1410 1759 manum
1455 1686 1713 1760 mortali
1754 1689 2057 1760 vulnerat
2092 1691 2299 1760 hasta.

612 1802 750 1867 Icta
783 1800 950 1892 petit
974 1798 1206 1870 caelum
1243 1801 1438 1868 terris
1470 1799 1801 1894 Cytherea
1834 1799 2114 1889 relictis,

615 1911 827 2002 Atque
859 1909 949 1977 ibi
988 1908 1254 1982 sidereae
1291 1910 1598 2003 queritur
1637 1935 1753 1978 sua
1792 1909 2067 1980 vulnera
2100 1912 2320 1980 matri.

585 2123 702 2184 458.
725 2129 982 2190 Postquam
1004 2139 1202 2190 uterque
1229 2125 1310 2174 diu
1339 2135 1535 2174 steterat

511 2201 579 2252 G.
609 2220 635 2251 2
663 2213 714 2252 et
731 2203 792 2253 L.

585 2280 706 2348 459.
731 2288 844 2348 Qua
859 2285 1068 2332 dederat
1080 2281 1256 2348 infesto
1277 2282 1335 2332 A.

585 2363 651 2422 46
663 2377 702 2410 t.
715 2365 900 2412 Tellure
915 2364 1144 2412 levabant
1163 2359 1405 2412 exhibent
1425 2359 1533 2412 edi-

516 2439 685 2490 tiones
707 2441 847 2510 vulg.
869 2439 970 2492 Sed
1003 2445 1219 2492 levarem
1251 2437 1534 2510 legendum

517 2535 628 2570 esse
655 2535 821 2589 quum
854 2519 1182 2570 constructio
1197 2518 1536 2588 grammatica

513 2598 680 2666 poscit
694 2637 708 2662 ‚
747 2609 856 2649 tum
882 2597 1163 2649 auctoritas
1183 2595 1380 2650 codicis
1403 2598 1536 2649 Bur-

517 2675 699 2728 manni
726 2676 932 2742 firmat,
964 2694 1126 2746 quam
1160 2675 1384 2745 Dorpius
1414 2679 1537 2748 jure

514 2755 740 2827 adlegat.
763 2755 1003 2808 Meorum
1025 2753 1180 2806 codd.
1201 2754 1421 2808 Helinst.
1444 2755 1537 2808 ha-

514 2837 601 2888 bet
621 2839 790 2887 tellure
809 2851 1082 2898 moverent5
1118 2834 1182 2886 G.
1214 2855 1239 2887 2
1268 2838 1538 2886 innuebant.

511 2914 768 2966 Caeterum
802 2927 856 2967 et
885 2913 1024 2967 hanc
1063 2919 1195 2988 ῥῆσιν
1233 2915 1342 2967 fere
1375 2927 1541 2968 totam

515 2995 716 3066 aptavit
737 2995 832 3047 sibi
857 2997 1044 3048 Noster
1071 3015 1100 3048 e
1119 2994 1375 3067 Virgilio,
1399 2999 1523 3048 AEn.

516 3075 643 3136 XII,
684 3076 786 3142 896
803 3093 946 3146 seqq.
967 3101 990 3118 a
1011 3075 1120 3126 Nec
1139 3074 1290 3145 plura
1308 3073 1499 3128 effatus
1514 3115 1530 3140 ,

513 3172 696 3206 saxum
730 3153 1082 3224 circumspicit
1107 3154 1322 3223 ingens,
1341 3155 1531 3207 saxum

514 3232 792 3302 antiquum
809 3273 825 3296 ,
881 3232 1062 3302 iugens
1085 3272 1100 3295 ,
1153 3251 1342 3304 campo
1388 3232 1534 3303 quod

515 3313 650 3364 forte
669 3311 904 3383 jacebat:
929 3310 1029 3362 Vix
1057 3308 1186 3362 illud
1207 3311 1328 3364 lecti
1345 3311 1426 3362 bis
1444 3330 1536 3362 sex

513 3392 715 3444 cervice
741 3390 978 3442 subirent
998 3415 1042 3442 n.
1085 3391 1348 3444 Homerus
1367 3390 1535 3442 multo

517 3470 803 3524 modestius
861 3467 927 3521 de
975 3469 1336 3538 magnitudine
1383 3469 1495 3522 saxi
1515 3508 1533 3533 ,

514 3549 662 3621 quod
683 3547 964 3602 Diomedes
983 3549 1215 3619 jaciebat
1232 3585 1247 3612 ,
1283 3549 1354 3615 V,
1390 3549 1493 3604 303
1518 3590 1535 3615 ‚

515 3649 697 3684 saxum
735 3628 927 3692 fuisse,
970 3626 1116 3698 quod
1151 3627 1252 3680 viri
1289 3626 1400 3681 duo
1436 3628 1533 3680 ho-

517 3709 688 3764 dierni
707 3709 802 3763 aevi
827 3727 932 3761 nou
959 3709 1170 3760 ferrent.

545 3834 562 3849 ,
588 3789 705 3854 463.
751 3795 1024 3840 Pmstratus
1064 3790 1199 3840 humi
1237 3787 1300 3839 Η.
1344 3787 1535 3859 reliqui

515 3873 673 3921 huma.

595 3953 714 4014 464.
745 3952 953 4016 Dilapsa
981 3948 1043 4000 L.
1061 3961 1112 4000 ct
1137 3949 1196 3998 Α.

592 4029 706 4089 465.
749 4031 970 4094 (kalc'gc'ne
1013 4031 1138 4078 texit
1173 4027 1236 4080 Η.
1286 4027 1452 4076 condic
1489 4036 1540 4077 et

515 4109 634 4156 eea-ic
660 4107 724 4156 G.
755 4125 800 4156 2.

1694 2125 1812 2184 466.
1852 2128 1963 2174 Non
1988 2126 2323 2176 mucleniae:
2344 2123 2409 2176 L.
2424 2125 2646 2173 Enoe‘des

1622 2202 1682 2253 A.
1704 2201 1775 2252 Ut
1793 2203 2203 2272 elegantissimos
2218 2219 2399 2254 versus
2418 2219 2645 2270 sequeu-

1622 2293 1697 2334 tes
1720 2279 2009 2333 laudandos
2030 2292 2203 2334 censet
2222 2279 2487 2346 Bar-thim,
2506 2278 2647 2332 Adv.

1624 2380 1673 2432 p.
1706 2380 1841 2432 ²770
1875 2373 2010 2414 extr.

1697 2445 1814 2511 467.
1840 2443 2181 2508 Flagrantibus
2206 2437 2505 2492 armiavid.
2528 2450 2643 2492 not.

1625 2518 1695 2573 ad
1722 2537 1933 2572 versum
1956 2517 2077 2584 394.

1699 2597 1819 2661 468.
1848 2603 1992 2649 Ferro
2008 2601 2131 2666 petit
2151 2596 2215 2648 G.
2252 2616 2303 2648 ι.
2338 2602 2487 2648 Ferro
2510 2613 2649 2648 secat

1624 2681 1687 2730 A.
1701 2683 1845 2728 Peeat
1858 2675 2140 2747 legendum
2154 2687 2232 2728 est
2244 2675 2443 2745 absque
2454 2673 2644 2728 dubio.

1700 2759 1821 2824 469.
1867 2760 2105 2806 Vulnerat
2134 2757 2279 2805 hassa
2316 2754 2499 2824 scripsi
2543 2773 2646 2826 pro

1627 2837 1840 2906 vulgato
1882 2854 2025 2896 ense,
2069 2830 2214 2904 quod
2268 2831 2533 2885 Homerus
2574 2835 2649 2886 ita

1630 2915 1785 2970 tradit
1799 2955 1815 2981 ,
1841 2913 1991 2979 11.v,
2029 2913 2150 2982 337,
2188 2923 2241 2964 et
2286 2911 2395 2964 duo
2436 2911 2651 2968 codices

1619 2997 1757 3059 mei,
1796 3010 2120 3064 quamquam
2155 2989 2223 3042 G.
2262 3011 2289 3043 ο
2332 2991 2488 3043 simul
2528 3013 2649 3045 ense

1621 3098 1719 3152 pro
1740 3073 1975 3125 variante
2012 3071 2181 3141 ponit.
2208 3070 2361 3123 Idem
2390 3069 2459 3123 de
2487 3091 2545 3124 se
2576 3073 2654 3124 fa-

1624 3171 1764 3210 tetur
1786 3149 2069 3204 Diomedes
2102 3148 2243 3220 apud
2263 3151 2415 3221 Vir-g.
2436 3152 2649 3205 AEneid.

1624 3237 1701 3288 xl
1716 3276 1732 3302 ‚
1754 3253 1831 3286 vs.
1859 3235 1992 3300 276:
2032 3256 2055 3274 α
2074 3247 2240 3301 quum
2261 3231 2404 3282 ferro
2424 3231 2651 3283 celestia

1625 3330 1847 3386 corpora
1881 3310 2097 3364 demens
2125 3307 2366 3379 Adpetii‚
2404 3323 2455 3362 et
2476 3311 2653 3364 Vene-

1623 3395 1697 3447 ris
1736 3390 1934 3446 violavi
1978 3387 2193 3440 vulnere
2235 3387 2473 3440 dextram
2492 3413 2537 3439 -.
2584 3389 2655 3440 Et

1624 3471 1769 3545 apud
1803 3468 1963 3524 Ovid.
1998 3467 2123 3518 Met.
2162 3466 2278 3526 XV,
2314 3465 2651 3536 769,Venus

1626 3553 1695 3605 de
1720 3571 1777 3606 se
1798 3567 1812 3602 τ
1858 3575 1883 3594 ι
1906 3549 2085 3613 Quam
2116 3545 2277 3598 modo
2300 3543 2525 3618 Tydida
2548 3545 2652 3598 Ca-

1622 3631 1842 3704 lydonia
1868 3629 2105 3680 vulneret
2139 3624 2291 3679 hasta
2311 3651 2351 3676 ι.

1696 3719 1819 3781 471.
1860 3711 2055 3760 Siderea
2080 3709 2295 3773 queritur
2326 3722 2419 3756 sua
2440 3707 2656 3756 vulnera

1627 3793 1778 3842 Mat-ei
1796 3787 2087 3860 praeferunt
2112 3783 2297 3854 scripti
2321 3795 2371 3834 et
2390 3783 2653 3853 impr-cesi,

1628 3867 1721 3922 sed
1758 3877 2007 3920 monente
2044 3864 2141 3917 cel.
2170 3861 2401 3932 Dor-pio,
2438 3880 2493 3932 p.
2520 3879 2613 3913 ηπ
2636 3903 2651 3926 ,

1628 3948 1799 4001 libens
1824 3943 2033 4017 reposui
2062 3947 2267 3995 siderea
2295 3943 2457 3992 matri.
2476 3939 2655 3993 ldem·

1631 4045 1735 4097 que
1774 4027 1923 4097 jubet
1961 4025 2263 4084 Home-rust
2304 4021 2395 4092 qui
2440 4019 2654 4092 quidem

1634 4117 1807 4157 narrat
1827 4145 1841 4170 ‚
1872 4106 2129 4156 Venerem
2153 4102 2475 4154 vulneratam
2498 4119 2525 4152 a
2552 4101 2660 4164 fra·
