2975 4684
683 377 1140 446 EPITOME
1201 380 1622 452 ILIADOS
1682 386 2105 456 HOMERI.

2321 386 2449 457 561

424 499 764 593 Sarpedon
788 554 807 585 ‚
847 498 1228 594 fraudisque
1265 502 1446 571 subit
1480 502 1897 576 commentor
1932 508 2229 603 UlysseS‚

415 613 512 679 ‘Et
547 624 798 705 septem
830 611 1158 703 juvenum
1197 611 1643 706 pulcherrima
1684 640 1966 712 corpora
2000 616 2240 689 fundit.

423 722 598 790 Hinc
639 737 896 816 pugnat
934 723 1164 815 patriae
1196 720 1495 804 culmen,
1528 728 1901 796 Mavortius
1933 730 2205 813 Hector,

423 828 618 899 Illinc
653 830 974 926 Tydides:
1005 846 1400 902 sternuntur
1441 835 1779 929 utrimque
1804 838 2119 906 -virorum
2382 868 2457 907 ⁵30

421 944 724 1035 Corpora
767 968 891 1037 per
933 966 1234 1037 campm,
1271 958 1338 1012 et
1373 946 1697 1039 sanguine
1732 961 1921 1041 prata
1960 948 2285 1041 rigantur.

421 1056 684 1148 Pugnat
726 1050 1121 1147 bellipotens
1163 1068 1343 1123 casta
1381 1078 1539 1122 cum
1570 1054 1839 1125 Pallade
1872 1060 2183 1145 MavorS,

420 1167 902 1259 lugentemque
943 1178 1168 1231 movet
1208 1162 1549 1258 clypeum,
1593 1190 1790 1259 quem
1826 1180 2055 1236 sancta
2093 1169 2324 1264 virago

420 1274 656 1369 AEgide
692 1288 757 1343 et
797 1289 1090 1343 extrema
1135 1298 1522 1369 percussum
1570 1276 1845 1370 cuspide
1881 1278 2108 1361 caedit,

324 1452 454 1488 nues
473 1444 771 1487 nascentem
791 1451 1055 1487 arcessere
1075 1434 1220 1487 vitas.
1235 1460 1260 1479 ο
1279 1435 1346 1487 Et

323 1519 444 1568 AEn.
469 1514 567 1581 IV,
607 1512 704 1583 7⁰5
731 1530 745 1565 :
788 1539 814 1559 α
839 1513 1011 1567 omnis
1037 1526 1088 1566 et
1114 1532 1219 1566 una
1247 1514 1342 1567 Di-

322 1594 498 1665 lapsus
528 1593 694 1656 calor,
725 1602 884 1665 atque
921 1593 978 1647 in
1017 1605 1202 1646 ventos
1237 1593 1344 1647 vita

323 1673 537 1729 recessit
561 1698 602 1725 ι.

396 1756 514 1824 527.
554 1756 758 1805 Fraudis
803 1766 1102 1804 comemor-
1150 1756 1345 1819 Uberes

323 1832 530 1899 dicitur,
549 1832 709 1886 veluti
735 1832 839 1885 hoc
863 1832 975 1902 ejus
1001 1831 1158 1883 fuerit
1184 1832 1346 1885 artifi-

322 1913 460 1966 cium
477 1954 494 1979 ‚
533 1912 702 1984 inquit
726 1911 992 1973 Bar-thius,
1029 1910 1160 1965 Adv.
1186 1910 1310 1963 LIX
1325 1950 1342 1978 ,

327 1993 414 2057 15,
428 1993 588 2065 quale
605 1992 672 2045 ab
695 1991 928 2043 Homero
947 1991 1168 2063 aliisque
1187 1991 1344 2043 Vete-

315 2074 470 2127 ribus
494 2073 544 2125 ei
574 2084 833 2145 perpetuo
865 2070 1126 2123 tribuitur.
1146 2068 1340 2140 Vix-gil.

320 2158 442 2207 AEn.
461 2152 544 2218 11,
571 2153 704 2213 164:
729 2176 754 2195 a
774 2148 1141 2220 scelerumque
1158 2148 1342 2202 inven-

241 2228 253 2240 “
318 2245 406 2285 tor
429 2232 646 2303 Ulysses
663 2256 684 2277 ι
709 2248 724 2283 :
753 2228 1000 2300 idemque
1023 2228 1212 2299 repetit
1236 2229 1342 2280 No-

321 2324 426 2364 ster
447 2311 586 2363 infra
603 2351 617 2376 ,
643 2330 690 2363 v.
713 2310 832 2379 579.
851 2306 1100 2362 Similiter
1116 2305 1342 2359 Ovidius

317 2392 386 2448 de
413 2410 504 2457 eo,
531 2391 658 2443 Met.
678 2388 844 2452 xm,
867 2387 928 2439 31
957 2406 970 2439 :
1013 2410 1034 2433 ι
1063 2384 1191 2457 quid
1215 2404 1341 2439 san-

317 2472 480 2542 guine
503 2482 675 2524 cretus
693 2466 941 2541 Sisyphio
960 2503 976 2528 ,
1013 2465 1272 2537 furtisque
1290 2477 1344 2519 et

319 2548 508 2603 fiaude
553 2548 850 2602 simillimus
889 2546 966 2598 illi
994 2569 1015 2590 ι
1037 2581 1055 2609 ,

318 2644 590 2681 commenta
627 2646 748 2680 mox
787 2637 936 2678 notat
975 2642 1054 2679 vs.
1087 2622 1171 2677 38.
1200 2624 1342 2677 Hinc

319 2710 504 2775 etiam,
543 2720 758 2761 notante
781 2704 1040 2759 Dussenio
1065 2702 1132 2757 ad
1161 2704 1340 2757 Nostri

319 2808 528 2843 versum
555 2788 643 2853 65,
669 2787 884 2859 Ulysses
903 2784 958 2837 in
977 2801 1068 2837 ara
1094 2782 1340 2835 Dosiadae

252 2927 260 2943 ·
315 2866 549 2921 secunda
566 2870 664 2941 φὼρ
682 2865 996 2938 appellatur,
1019 2875 1076 2915 ut
1099 2862 1338 2933 pluribus

315 2946 546 3001 ostendit
572 2946 860 2999 Salmasius
884 2946 940 2996 in
963 2942 1100 2994 notis
1115 2978 1130 3005 ,
1150 2961 1202 3012 p.
1221 2942 1335 2994 156.

391 3026 513 3081 528.
545 3032 612 3077 Ee
647 3039 826 3093 septem
853 3025 1112 3091 juvenum,
1145 3020 1334 3091 Lycio-

314 3124 436 3159 rum
456 3146 472 3173 ,
491 3122 626 3177 quos
651 3114 926 3156 enumerat
951 3098 1212 3152 Homerus
1227 3136 1242 3163 ,
1266 3098 1331 3155 Il.

317 3188 388 3254 V,
406 3188 532 3256 677,
552 3187 832 3237 Coeranum
848 3222 864 3249 ,
884 3182 1122 3233 Alastora
1135 3217 1151 3242 ,
1171 3178 1336 3233 Chro-

315 3268 484 3320 mium
499 3306 516 3331 ,
539 3264 856 3319 Alcandrum
876 3304 891 3328 ,
917 3260 1128 3314 Halium
1150 3297 1166 3324 ,
1193 3261 1333 3313 Noe·

315 3364 472 3399 mona
494 3384 510 3409 ,
533 3346 826 3418 Prytanim.

389 3430 508 3494 5²9.
526 3425 704 3479 Guelf.
741 3444 768 3476 2
810 3421 964 3476 aliter
997 3420 1158 3475 verba
1193 3418 1336 3474 ordi·

315 3519 410 3559 nat
435 3523 448 3557 t
487 3509 616 3557 Hine
657 3506 844 3573 paerioe
890 3506 1082 3553 culmen
1119 3512 1334 3568 pugnae.

314 3586 607 3640 Bussenius
632 3582 833 3637 mavult
873 3586 1094 3634 columen
1130 3579 1332 3650 legere,

314 3686 369 3739 p.
407 3684 504 3734 ²9;
545 3663 688 3738 quod
727 3680 850 3715 sane
890 3660 1118 3713 maxime
1155 3670 1336 3730 aptum

316 3746 566 3809 Hectori,
603 3756 761 3815 atque
781 3741 928 3795 alteri
950 3739 1122 3809 elogio
1142 3779 1157 3806 ,
1186 3736 1332 3809 quod

315 3826 368 3877 ei
401 3844 558 3897 supra
585 3822 849 3876 tribuebat
877 3822 1081 3883 Noster,
1123 3838 1174 3870 v.
1198 3818 1330 3881 486,

314 3926 422 3975 spes
463 3923 567 3955 una
603 3906 866 3970 Phrygum,
910 3896 1334 3951 convenientissi-

317 4003 464 4037 mum
481 3996 574 4037 est.
595 3981 844 4036 Similiter
857 3979 1051 4031 Seneca
1067 3977 1120 4027 in
1137 3974 1333 4027 Troad.

319 4084 398 4118 vs.
445 4065 578 4127 126,
631 4060 698 4115 de
737 4060 996 4111 Hectore:
1033 4083 1058 4103 «-
1081 4055 1337 4109 Columen

315 4145 495 4217 patria·
514 4183 528 4208 ,
571 4160 718 4195 mora
751 4141 974 4193 fatorum
1003 4178 1017 4203 ‚
1053 4137 1135 4188 Tu
1165 4133 1336 4206 pra-si-

515 4240 649 4305 III.

1093 2546 1246 2616 cujus
1289 2558 1342 2599 et
1380 2548 1384 2555 '

1434 1434 1585 1489 dium
1622 1436 1921 1510 Phrygibus
1954 1437 2100 1492 fessis
2117 1476 2133 1501 ,
2153 1440 2238 1492 Tu
2276 1460 2461 1493 murus

1433 1532 1549 1568 eras
1572 1540 1710 1567 -.--
1724 1515 1949 1569 Graium
1971 1536 2154 1571 murus
2174 1518 2402 1573 Achilles
2415 1546 2461 1583 ο,

1430 1592 1589 1646 ovid.
1608 1593 1734 1649 Met.
1752 1594 1889 1647 XIII
1908 1632 1923 1657 ,
1964 1598 2081 1651 281.
2120 1598 2325 1651 Lucan.
2343 1599 2423 1651 VI
2444 1640 2461 1666 ‚

1433 1691 1558 1735 ποι,
1584 1671 1653 1727 de
1676 1673 1857 1727 Scaeva
1884 1692 1898 1726 :
1940 1700 1963 1722 ι
1992 1686 2093 1729 stat
2120 1695 2228 1729 non
2250 1678 2453 1749 fragilis

1429 1770 1529 1823 pro
1550 1752 1755 1806 Coesarc
1784 1772 1965 1807 murus
1987 1795 2002 1820 ,
2041 1755 2459 1831 Pompeiumque

1429 1844 1573 1885 tenet
1590 1858 1635 1884 ο.
1658 1832 1917 1885 Ceterum
1936 1833 2081 1904 quod
2101 1834 2251 1887 addit
2268 1838 2457 1890 Seneca

1429 1912 1464 1963 1.
1486 1930 1536 1964 c.
1568 1936 1590 1958 α
1616 1912 1821 1964 Tecum
1846 1910 2037 1965 cecidit
2057 1952 2073 1977 ,
2117 1931 2462 1987 summusque

1429 1989 1543 2044 dies
1560 1991 1797 2045 Hectoris
1818 1990 1957 2043 idem
1977 1992 2269 2065 patriaque
2286 1994 2385 2047 fuit
2404 2020 2427 2041 2
2444 2036 2461 2061 ,

1428 2070 1662 2125 imitatus
1697 2070 1907 2124 videtur
1944 2071 2153 2140 Noster,
2182 2073 2321 2127 infra
2372 2095 2453 2129 vs.

1417 2154 1583 2205 .1061.
1605 2151 1744 2205 Vide
1771 2162 1946 2205 notata
1976 2170 2005 2203 a
2046 2152 2203 2206 nobis
2234 2152 2300 2207 ad
2324 2153 2459 2209 Pen-

1425 2226 1555 2282 tadii
1581 2230 1847 2283 tumulum
1872 2230 2021 2283 Hect.
2048 2231 2159 2303 huj.
2185 2250 2273 2303 op.
2304 2244 2342 2286 t.
2365 2234 2420 2285 II
2440 2274 2457 2299 ‚

1423 2328 1480 2380 p.
1508 2309 1625 2379 3²9·
1646 2308 1747 2361 En.
1780 2340 1852 2349 ——
1870 2310 2072 2363 Verum
2091 2323 2267 2365 tamen
2284 2312 2453 2365 nolim

1427 2388 1749 2441 vocabulum
1780 2390 1835 2441 in
1864 2390 1981 2461 ipso
2014 2402 2261 2444 contextu
2284 2405 2455 2445 muta·

1425 2484 1486 2519 re
1502 2506 1517 2533 ,
1544 2486 1712 2539 quum
1735 2472 1927 2521 culmen
1952 2468 2085 2522 adeo
2114 2489 2223 2523 non
2249 2470 2455 2525 discon-

1427 2546 1603 2599 veniat
1620 2546 1835 2600 Hectori
1853 2588 1869 2613 ,
1901 2561 1959 2601 ut
1983 2551 2163 2603 saltem
2189 2569 2452 2605 summam

1424 2628 1537 2697 ejus
1578 2624 1887 2699 dignitatem
1926 2628 2137 2682 indicet.
2181 2630 2259 2681 Ita
2296 2632 2453 2701 plane

1424 2705 1639 2759 cornel.
1676 2706 1897 2760 Severus
1936 2708 2247 2761 Ciceronem
2298 2724 2451 2763 vocat

1422 2810 1448 2831 κ
1467 2786 1753 2857 Egregium
1774 2804 1982 2859 semper
2011 2788 2189 2858 patriis
2214 2802 2376 2861 caput
2395 2815 2417 2836 ι-
2430 2830 2448 2853 ,

1421 2882 1578 2936 supra
1604 2883 1726 2937 pag.
1761 2884 1857 2919 211
1880 2866 2041 2938 hujus
2062 2867 2210 2919 tomi.

1494 2945 1615 2996 530.
1643 2947 1753 2995 Illic
1781 2947 1989 2996 Weides
2016 2945 2081 2997 G.
2107 2965 2156 2998 π.

1494 3023 1614 3076 533.
1664 3026 1839 3091 Clrpeo
1884 3044 2025 3091 quem
2069 3044 2220 3076 sacra
2258 3027 2441 3095 virago

1417 3100 1547 3173 legit
1572 3100 1642 3154 G.
1676 3120 1722 3154 τι.
1756 3104 1939 3170 Vir-ago
1976 3103 2221 3175 frequens
2253 3116 2303 3157 et
2330 3105 2441 3158 fere

1417 3180 1691 3252 proprium
1706 3178 1789 3233 de
1814 3179 2044 3235 Pallade.
2078 3186 2231 3234 Flava
2256 3186 2441 3253 virago

1418 3260 1619 3313 Nasoni
1640 3258 1835 3313 dicitur
1854 3260 1981 3312 Met.
2003 3262 2079 3313 vl
2096 3302 2111 3329 ,
2135 3264 2262 3326 130,
2284 3282 2439 3316 «san-

1419 3350 1501 3391 cta
1545 3337 1800 3408 virago-,
1816 3337 2001 3409 judice'
2040 3340 2255 3394 Bai-thio
2298 3343 2337 3395 l.
2384 3362 2435 3397 c.

1418 3438 1474 3490 p.
1522 3418 1687 3481 2806,
1726 3428 1919 3470 castam
1964 3419 2123 3472 simul
2170 3420 2339 3474 innuit
2388 3434 2439 3475 et

1421 3496 1663 3549 Martiam
1687 3514 1779 3549 seu
1800 3497 2119 3552 bellicosam.

1497 3576 1617 3641 534.
1659 3579 1807 3645 Egit,
1847 3591 1897 3627 ee
1927 3592 2151 3630 extrema
2188 3578 2278 3631 hic
2320 3580 2439 3651 qui-

1426 3656 1547 3711 dem
1574 3672 1757 3709 omnes
1780 3656 1901 3709 libri
1926 3656 2123 3727 legunt.
2154 3658 2443 3710 Dussenius

1419 3749 1597 3789 tamen
1616 3756 1669 3808 p.
1694 3754 1757 3803 29
1776 3734 2058 3806 legendum
2077 3748 2225 3806 putat
2244 3740 2432 3805 Fregit,

1421 3815 1490 3869 de
1524 3814 1745 3888 clypeo,
1773 3815 1865 3885 qui
1910 3813 2200 3884 praecessit,
2240 3816 2437 3868 intelli-

1420 3914 1549 3967 gens
1560 3934 1573 3955 ‚
1587 3892 1749 3965 idque
1768 3892 2071 3945 confirmari
2090 3892 2271 3947 Ovidii
2292 3894 2407 3947 loco
2424 3936 2440 3961 ,

1422 3993 1583 4046 quem
1608 3974 1797 4027 Noster
1824 3972 2056 4025 imitatus
2088 3970 2151 4023 sit
2176 4010 2191 4035 ,
2214 3972 2339 4026 Met.
2365 3974 2441 4035 V,

1432 4072 1561 4124 172:
1588 4054 1743 4105 «Non
1771 4050 2163 4122 circumspectis
2198 4064 2439 4105 exactum

1426 4133 1629 4186 viribus
1668 4149 1845 4184 ensem
1892 4131 2063 4199 Fregit
2085 4156 2127 4182 ιο.
2168 4129 2269 4183 sed
2314 4132 2449 4183 mihi

2118 4220 2208 4291 36
