2975 4684
454 353 544 434 [22
812 351 945 420 DE
1004 351 1081 419 C.
1137 350 1738 424 CALPURNIO
1791 354 2204 442 PISONE',

454 480 687 568 probat
723 502 811 544 ex·
846 481 1113 567 antiqua
1162 481 1586 570 inscriptione
1633 483 1878 570 (1).1d
1925 487 2180 574 egregie
2235 484 2578 550 confirmat

453 602 681 650 auctor
712 587 1119 676 panegyrici,
1156 589 1270 676 qui
1290 611 1483 652 versu
1518 589 1603 654 68
1631 575 1809 678 seqq.
1848 613 1998 654 eum
2039 608 2256 656 narrat
2277 606 2580 681 magnam

456 713 535 756 ex
568 691 863 757 oratione
894 693 1165 781 gloriam
1190 693 1515 775 retulisse,
1553 717 1754 782 quam·
1778 696 1883 761 die
1907 698 2294 763 Consulatus
2313 747 2332 781 ‚
2351 698 2582 787 gratias

454 819 653 887 agens
676 797 911 862 Caesari
931 846 951 881 ‚
988 799 1059 862 in
1077 799 1319 864 Senatu
1340 800 1690 866 habuisset.
1717 803 1969 890 Nempe
1995 803 2284 868 suffectis
2307 805 2604 877 maxime.

456 903 853 968 Consulibus
881 904 950 967 in
992 927 1120 970 usu
1158 905 1356 970 fuisse
1376 955 1397 988 ,
1435 923 1512 972 ut
1541 907 1772 996 gratias
1807 924 2072 997 agerent
2099 910 2332 974 Caesari
2369 909 2438 972 in
2467 910 2584 974 Se-

458 1025 617 1074 natu
638 1057 657 1091 ‚
680 1011 915 1099 probat
937 1011 1129 1076 Plinii
1151 1013 1451 1076 Consulis
1467 1062 1486 1095 ,
1511 1014 1790 1095 Trajano
1809 1014 2066 1080 suffecti
2087 1061 2105 1097 ,
2130 1015 2582 1104 Panegyricus.

458 1117 728 1181 Divitias
789 1117 1040 1183 Pisonis
1095 1120 1394 1207 ingentes
1412 1169 1430 1202 ,
1472 1121 1842 1186 comitatem
1891 1122 2468 1210 liberalitatemque
2515 1122 2582 1185 in

460 1223 789 1288 tenuiores
810 1274 827 1308 ‚
861 1225 1213 1313 praesertim
1248 1242 1469 1313 poetas
1488 1275 1509 1308 ,
1545 1242 1612 1290 et
1645 1228 2074 1315 frequentiam
2106 1229 2174 1291 in
2209 1227 2346 1308 ejus
2387 1227 2588 1292 domo

460 1329 875 1394 salutantium
919 1331 1157 1419 passim
1192 1331 1387 1396 etiam
1428 1331 1536 1396 alii
1569 1331 1936 1420 praedicant.
1977 1335 2124 1398 Huc
2153 1335 2360 1398 refero
2389 1336 2586 1400 Juve-

462 1434 673 1498 nalem
694 1483 713 1516 ,
753 1436 869 1523 qui
900 1437 1027 1500 Sat.
1050 1437 1129 1519 V,
1160 1461 1219 1502 v.
1255 1437 1375 1504 108
1406 1462 1422 1502 τ

742 1563 915 1616 Nemo
934 1563 1061 1635 petit
1079 1601 1097 1628 ,
1122 1562 1342 1618 modicis
1362 1582 1483 1635 quae
1507 1565 1853 1618 mittebantur
1877 1565 2064 1619 amicis

744 1652 789 1702 A
814 1651 1011 1707 Seneca
1027 1692 1043 1719 ,
1068 1669 1187 1724 quae
1211 1652 1333 1706 Piso
1350 1653 1524 1706 bonus
1541 1690 1558 1717 ,
1583 1671 1701 1726 quie
1727 1653 1878 1708 Cotta
1907 1653 2114 1708 solebat

746 1740 973 1812 Largiri.

464 1871 771 1938 Martialis
808 1875 1073 1941 Pisones
1106 1877 1207 1941 vel
1238 1876 1668 1966 Calpurnios
1649 1892 1824 1940 inter
1855 1875 2388 1940 celebratissimos
2437 1897 2594 1962 poe·

462 1995 675 2044 tarum
709 1997 775 2046 et
804 1982 1141 2046 rhetorum
1174 1999 1531 2072 patronos,
1569 1983 1656 2046 ob
1685 1983 1866 2047 hunc
1899 1983 2174 2046 maxime
2197 1983 2270 2046 C.
2293 1980 2594 2044 Pisonem

464 2086 700 2168 refert,
742 2109 986 2177 eosque
1016 2112 1241 2178 mque,
1274 2113 1349 2153 ac
1378 2089 1742 2170 Iuvenalis,
1775 2111 1930 2152 cum
1975 2089 2228 2156 Senecae
2259 2087 2460 2152 domo
2509 2087 2595 2152 ob

466 2193 641 2279 paria
700 2194 929 2257 merita
992 2218 1346 2284 paremque
1394 2211 1644 2260 aetatem
1691 2195 2048 2285 conjungit.
2099 2195 2203 2259 Sic
2265 2195 2440 2260 enim
2493 2193 2596 2257 ille

470 2296 588 2362 lib.
608 2296 719 2379 lv,
752 2321 852 2387 ep.
888 2297 973 2386 39
995 2321 1011 2363 z

746 2431 894 2484 Atria
919 2429 1181 2485 Pisonum‘
1205 2433 1414 2486 stabant
1440 2452 1566 2486 cum
1593 2441 1868 2486 stemmate
1889 2443 2031 2496 toto,

850 2519 919 2573 Et
941 2519 1083 2574 docti
1103 2519 1315 2575 senecae
1342 2533 1421 2574 ter
1452 2519 1788 2576 numeranda
1809 2517 2000 2577 domus
2023 2540 2040 2586 3

750 2608 1078 2664 Praetulimus
1100 2611 1260 2664 tantis
1282 2611 1455 2666 solum
1473 2623 1526 2665 te
1540 2652 1557 2679 ,
1581 2612 1832 2668 Postume
1847 2651 1864 2678 ,
1892 2611 2082 2686 regnis.

472 2748 615 2812 Alio
647 2749 1138 2839 epigrammate,
1168 2751 1278 2816 lib.
1302 2751 1383 2830 V,
1412 2749 1495 2831 54
1517 2801 1536 2834 ,
1586 2753 2004 2841 Apollonium
2023 2801 2041 2836 ,
2085 2774 2432 2841 pauperem
2459 2751 2604 2814 rhe-

474 2871 681 2919 torem
696 2905 714 2938 ,
742 2854 927 2940 dicit,
961 2879 1167 2946 quum
1190 2857 1341 2922 alias
1367 2874 1500 2921 tam
1525 2859 1878 2923 obliviosus
1903 2875 2072 2924 esset
2091 2907 2110 2940 ‚
2145 2874 2221 2930 ut
2242 2881 2324 2921 ne
2345 2857 2602 2945 patroni

400 3003 419 3022 .
474 2959 740 3049 quidem
792 2985 827 3026 a
878 2986 947 3026 se
998 2961 1314 3028 salutandi
1368 2986 1611 3028 nomen
1631 3013 1649 3046 ‚
1685 2964 1812 3029 nisi
1846 2963 1930 3028 de
1967 2963 2236 3052 script0,
2291 2961 2606 3051 appellare

545 3135 627 3204 (1)
670 3135 940 3188 Decennio
980 3135 1187 3201 serius,
1226 3153 1421 3207 nempe
1460 3136 1529 3188 A.
1565 3137 1639 3188 U.
1679 3135 1785 3190 810
1823 3135 2166 3190 Consulatum
2208 3133 2412 3188 Pisonis
2457 3135 2609 3205 ponit

475 3223 686 3296 Lipsius
710 3221 779 3275 ad
805 3222 979 3276 Taciti
1004 3222 1196 3276 Annal.
1226 3223 1378 3291 XIV,
1416 3231 1500 3287 14.
1539 3221 1639 3278 Sed
1681 3223 1730 3276 is
1765 3221 2090 3279 confundere
2119 3220 2327 3276 videtur
2350 3241 2474 3276 cum
2501 3222 2608 3274 alio

476 3313 537 3364 L.
582 3310 866 3381 Calpurnio
910 3309 1101 3364 Pisone
1121 3348 1137 3375 ,
1176 3312 1272 3382 qui
1306 3330 1369 3364 eo
1409 3331 1552 3365 anno
1589 3311 1792 3365 Consul
1835 3329 1958 3366 cum
1995 3312 2204 3364 Nerone
2236 3310 2368 3363 Caes.
2401 3311 2456 3362 11
2488 3308 2607 3363 suit.

478 3401 634 3472 Casp.
661 3397 936 3461 Barthius‚
965 3399 1059 3472 qui
1084 3400 1430 3453 Consulatum
1464 3399 1673 3454 Pisonis
1697 3401 1839 3454 circa
1859 3411 2092 3470 tempora
2122 3399 2346 3452 Neronis
2372 3398 2610 3452 invenire

478 3507 586 3541 non
613 3487 813 3560 potuit,
850 3487 1071 3542 collocat
1097 3507 1219 3542 eum
1254 3488 1311 3542 in
1350 3508 1494 3543 anno
1525 3489 1660 3542 XIII
1690 3489 1910 3562 Trajani
1927 3525 1943 3552 ‚
1969 3507 2076 3560 quo
2099 3487 2298 3542 Consul
2325 3487 2457 3554 fuit,
2485 3506 2610 3540 con-

478 3595 634 3629 sensu
672 3577 982 3641 Fastorum,
1016 3577 1079 3629 L.
1118 3575 1434 3648 Calpurnius
1463 3579 1620 3642 Piso;
1643 3589 1799 3650 atque
1840 3577 2003 3652 hujus
2041 3576 2204 3648 igitur
2245 3575 2412 3630 atatis
2453 3575 2612 3630 fuisse

482 3679 761 3720 auctorem
783 3665 1033 3720 carminis
1053 3665 1296 3738 conjicit,
1329 3667 1398 3720 ad
1418 3667 1698 3722 Claudian.
1721 3667 1890 3720 Laud.
1911 3665 2113 3720 Stilich.
2135 3666 2227 3720 lib.
2253 3667 2282 3718 1
2297 3705 2314 3732 ,
2353 3685 2409 3720 v.
2434 3667 2522 3720 28.
2540 3696 2610 3706 -

478 3755 593 3826 Ego
620 3772 744 3808 vero
768 3753 837 3808 de
854 3773 995 3808 anno
1014 3772 1121 3828 quo
1139 3754 1325 3808 consul
1352 3754 1509 3808 fuerit
1540 3756 1605 3809 C.
1625 3755 1942 3826 Calpurnius
1965 3754 2088 3807 Piso
2109 3754 2246 3807 nihil
2277 3754 2470 3808 certius
2501 3753 2611 3808 col-

477 3844 641 3914 ligere
671 3861 883 3915 possum
900 3883 915 3910 ,
932 3861 1095 3918 quam
1122 3842 1268 3916 quod
1297 3843 1578 3897 Creverius
1605 3843 1662 3896 in
1691 3861 1854 3914 opere
1883 3842 2030 3916 qnod
2059 3843 2366 3897 inscribitur
2395 3845 2613 3894 Histoire

480 3937 567 3986 des
588 3937 875 4001 Empe-reare
894 3937 1135 3996 romain,
1172 3945 1213 3987 t.
1233 3934 1311 4001 11,
1338 3933 1498 3986 refert
1519 3934 1574 3986 in
1607 3933 1750 3987 fastis
1781 3933 2150 3990 consularibus
2170 3971 2186 3996 ‚
2219 3933 2312 3985 uhi
2344 3931 2414 3984 ad
2445 3933 2509 3984 A.
2545 3932 2612 3982 U.

485 4027 590 4080 808
612 4022 900 4079 secundum
922 4027 1188 4079 Neronem
1212 4023 1399 4078 Claud.
1426 4024 1556 4078 Coes.
1575 4025 1709 4096 Aug.
1731 4035 1780 4078 et
1807 4025 1870 4077 L.
1893 4023 2046 4095 Calp.
2077 4023 2316 4077 Pisonem
2335 4019 2614 4090 (verisimi-

484 4113 586 4167 lius
614 4113 687 4182 C)
706 4113 961 4167 Consules
987 4113 1271 4185 conjungit.
1293 4113 1395 4165 En.
