2975 4684
551 337 692 433 [¹78
1092 345 1704 415 HOMERISTAE
1770 346 2157 428 LATINI,

645 494 740 542 ιο.
795 472 888 536 Ex
941 472 1110 537 libro
1165 475 1390 539 XXIII
1452 475 1633 540 Iliad.
1697 476 1822 540 sub
1878 475 2104 540 Ninnii
2160 477 2373 541 Crassi
2425 481 2675 548 nomine

723 579 1122 662 Priscianus,
1151 581 1262 675 lib.
1289 583 1418 665 lx,
1451 607 1517 672 p.
1544 583 1704 665 866,
1727 583 1911 647 hunc
1940 605 2201 672 yet-sum
2236 585 2430 650 citat:

929 725 1068 776 Nam
1089 743 1200 778 non
1228 726 1440 779 connivi
1455 728 1651 796 ,oculeo
1676 745 1775 798 ego
1802 725 1994 780 deinde
2018 746 2226 799 sopore.

715 872 844 939 Sed
883 873 1162 962 Scaliger
1196 875 1677 940 restituendum
1725 893 1915 965 putat
1954 876 2182 942 Cneius
2219 879 2487 946 Mattius
2522 883 2673 947 Ilia-

717 979 832 1042 dos
863 979 968 1044 lib.
1003 979 1253 1043 XXIV
1276 1001 1356 1044 ex
1384 981 1531 1044 illo:
1566 993 1640 1042 οὐ
1671 993 1765 1062 γάρ
1804 1011 1886 1042 πο
1915 993 2077 1062 μύσαν
2106 993 2224 1045 ὅσα.
2252 994 2351 1048 ὑπὸ
2379 997 2672 1069 βλεφάροισιν

717 1099 923 1168 ἐμοῖσιν.
959 1089 1078 1152 Est
1108 1109 1332 1153 versus
1366 1087 1517 1176 637.

626 1263 712 1329 Π.
761 1261 1103 1346 Odysseam
1140 1261 1408 1326 Homeri
1443 1263 1669 1327 Latine
1696 1250 2407 1354 vertit'antiqm'ssimus
2443 1270 2673 1334 Roma·

538 1393 778 1435 norum
841 1383 1032 1458 poeta
1088 1367 1302 1432 Livius
1345 1367 1786 1449 Andronicus,
1842 1371 2215 1459 multosque
2271 1372 2407 1453 ejus
2459 1397 2672 1438 versus

537 1478 858 1545 adducere
879 1477 1090 1540 solent
1112 1475 1384 1558 Gellius,
1405 1477 1665 1558 FestuS‚
1688 1477 1749 1540 N
1752 1478 1945 1542 onius
1960 1527 1977 1560 ‚
2000 1477 2347 1543 Diomedes
2365 1528 2384 1557 ‚
2404 1480 2671 1546 Priscia-

538 1607 682 1650 nus·
710 1582 836 1648 Sed
861 1583 1010 1671 quia
1035 1580 1326 1670 plerique
1351 1583 1612 1646 obscuri
1639 1598 1705 1645 et
1721 1580 2024 1648 sordibus
2046 1583 2352 1648 obsoletae
2376 1584 2670 1652 dictionis

535 1691 790 1756 molesti
839 1706 1032 1770 sunt,
1069 1689 1556 1780 nunesquidem
1604 1711 1833 1752 eorum
1874 1690 2251 1754 recensione
2295 1692 2669 1780 supersede-

531 1821 678 1863 mus
699 1845 718 1877 ,
752 1815 1146 1885 quamquam
1181 1816 1292 1857 eos
1325 1816 1361 1856 e
1392 1793 1704 1882 Stephani
1738 1794 1971 1883 fragm.
2016 1795 2195 1860 Poet.
2230 1797 2368 1861 Lat.
2404 1799 2523 1862 ubi
2556 1823 2667 1864 cu·

530 1905 772 1968 mulate
802 1901 1186 1980 afferuntur,
1217 1915 1542 1987 repetere,
1576 1897 1754 1963 haud
1792 1897 2067 1964 difficilis
2098 1901 2285 1965 labor
2316 1921 2505 1969 esset.

616 2092 734 2154 111.
765 2089 996 2178 Cypria
1019 2088 1344 2167 carmina,
1368 2089 1467 2152 vel
1503 2090 1807 2177 Cypriam
1832 2087 2097 2153 Iliadem
2114 2137 2133 2172 ,
2166 2093 2361 2158 latine
2388 2092 2667 2158 reddidit

530 2197 824 2275 Noevius,
867 2195 1020 2258 item
1060 2194 1366 2281 antiquus
1403 2211 1595 2282 poeta
1614 2243 1631 2276 ‚
1670 2196 1782 2282 qui
1824 2211 2130 2282 praeterea
2174 2197 2345 2263 bello
2385 2199 2663 2281 Punico,

529 2301 881 2393 Tragoediis
913 2317 977 2366 et
1007 2297 1350 2364 Comoediis
1389 2299 1745 2364 scribendis
1780 2301 1989 2364 clarus
2024 2301 2168 2367 suit.

613 2408 942 2472 Charisius
978 2405 1146 2469 libro
1182 2405 1213 2469 I
1235 2453 1252 2486 ,
1281 2429 1346 2493 p.
1385 2429 1410 2468 1
1429 2407 1509 2470 18
1544 2428 1626 2469 ex
1660 2405 1861 2471 Naevii
1894 2406 2143 2494 Cypriae
2174 2407 2409 2475 Iliados
2436 2411 2607 2476 libro
2634 2413 2661 2474 1

525 2515 706 2579 hunc
725 2535 986 2577 versum
1019 2510 1298 2599 profert:

795 2651 1004 2706 Collum
1040 2669 1398 2704 marmoreum
1427 2653 1635 2722 torquis
1660 2663 1925 2724 gemmata
1952 2665 2193 2708 coronat.

515 2813 600 2876 Et
623 2833 700 2875 ex
720 2805 957 2873 Iliados
981 2803 1272 2870 secundo
1289 2805 1657 2870 Priscianus
1674 2855 1693 2888 ‚
1716 2807 1885 2872 libro
1908 2809 1969 2870 X
1988 2857 2007 2889 ,
2029 2830 2174 2900 pag.
2202 2809 2323 2875 881
2346 2859 2365 2890 ,
2388 2773 2653 2873 Putsch.

795 2965 837 3016 F
839 2961 1046 3017 ecundo
1073 2973 1314 3034 penetrat
1337 2961 1547 3034 penitus
1581 2963 1917 3036 thalamoque
1940 2965 2161 3036 potitur.

511 3117 908 3199 chalcidius,
941 3139 1082 3206 pag.
1123 3114 1265 3202 159,
1297 3114 1397 3180 ed.
1432 3115 1677 3180 Meum.
1716 3115 1897 3181 hunc
1918 3131 2198 3180 veterem
2227 3139 2485 3181 versum
2514 3119 2652 3184 Nae-

510 3227 596 3289 vii
631 3227 821 3289 citat:

785 3361 1004 3414 Exuviis
1035 3360 1210 3414 rabies
1237 3343 1496 3414 furiarum
1530 3362 1769 3416 examina
1798 3361 1941 3415 mille
1958 3399 1975 3426 ,

501 3529 696 3596 quem
739 3505 1066 3570 Fabricius
1118 3505 1184 3567 in
1241 3523 1380 3570 not.
1433 3505 1515 3570 ad
1561 3507 1627 3570 h.
1680 3507 1721 3570 l.
1766 3507 2036 3570 fortasse
2073 3507 2347 3595 petitum
2392 3531 2471 3572 ex
2505 3509 2640 3589 ejus

497 3611 698 3678 Iliade
725 3626 943 3700 putat,
971 3609 1082 3674 sed
1113 3611 1180 3673 in
1215 3633 1294 3675 eo
1328 3612 1538 3700 legere
1560 3613 1700 3676 vult
1728 3613 2039 3692 Exuozze,
2074 3613 2293 3677 rabia.
2330 3615 2639 3702 Ignorant

495 3741 648 3784 eum
667 3739 926 3781 versum
956 3715 1320 3803 Stephanus
1351 3732 1414 3779 et
1443 3718 1951 3800 AlmeloveriiuS‚
1978 3717 2093 3805 qui
2122 3716 2477 3806 fragmenta
2504 3719 2639 3783 Nae-

492 3827 576 3890 vii
607 3827 1024 3914 collegerunt.

543 3954 686 4052 ἱΝ.
724 3987 1080 4052 Ciceronem
1113 3986 1302 4048 etiam
1339 3983 1420 4048 ad
1458 4007 1567 4049 eos
1601 3979 1957 4073 pertinere,
1987 3985 2100 4072 qui
2134 3983 2403 4048 Homeri
2436 3985 2628 4048 libros

487 4097 772 4182 integros
791 4139 809 4171 ‚
855 4107 968 4156 aut
1002 4093 1178 4156 locos
1215 4091 1559 4179 ampliores
1591 4091 1786 4155 latine
1813 4091 2123 4158 verterint
2143 4140 2161 4170 ,
2209 4091 2392 4156 facile
2427 4091 2628 4156 decla-
