2975 4684
511 359 1063 426 REPOSIANI
1115 359 1559 430 CON-CUB.
1599 361 1895 428 MART.
1940 362 2065 428 ET
2114 361 2343 432 VEN.
2402 357 2491 432 55

365 503 582 550 tarum
613 486 1156 569 exercitamentis,
1193 503 1346 575 quae'
1379 487 1513 552 dixi
1549 512 1587 553 a
1626 491 2001 553 But-manno
2037 490 2323 578 primum
2356 491 2494 556 edi-

363 609 428 658 ta
449 642 466 675 ,
516 593 638 656 tria
687 592 822 656 fere
861 594 1070 682 reperi
1109 596 1392 660 carmina
1415 643 1433 678 ,
1477 619 1622 684 quae
1663 596 1829 660 mihi
1864 595 2145 683 aliquem
2182 614 2494 662 conatum

361 698 610 787 ingenii
639 696 1016 779 ostendere,
1048 715 1182 766 ‘nec
1211 699 1316 763 illa
1347 701 1493 765 labe
1526 701 2119 766 consarcinatarum
2161 702 2495 789 phrasium

361 805 592 868 affecta
619 803 1027 869 videbantur.
1079 807 1304 870 Unum
1338 824 1435 872 est
1453 858 1472 891 ,
1532 807 1713 896 quod
1756 807 2097 896 Reposiam'
2124 807 2501 874 Concubitus

358 910 594 975 Martis
613 923 677 974 et
695 911 949 976 Veneris
976 911 1362 1001 inscriptum
1389 927 1522 995 est3
1560 915 1833 978 alterum
1864 915 2211 978 oraticnem
2227 913 2511 979 Achillis-

361 1018 430 1078 in
469 1017 880 1081 Parthenone
900 1065 919 1097 ,
959 1039 1168 1105 quum
1216 1017 1444 1085 tubam
1494 1019 1828 1084 Diomedis
1874 1019 2183 1084 audiisset
2202 1068 2219 1096 ‚
2266 1023 2496 1104 refert3

363 1125 628 1187 tertium
655 1123 978 1212 qistolam
1009 1125 1278 1190 Didonis
1307 1128 1401 1191 ad
1429 1129 1723 1192 AEneam.
1760 1130 1915 1191 Haec
1944 1126 2142 1216 igitur
2176 1129 2459 1192 carmina
2478 1179 2496 1210 ,

364 1231 678 1316 quoniam
712 1245 777 1292 et
800 1229 1048 1294 fabulas
1073 1232 1362 1296 Deorum
1399 1249 1466 1296 et
1500 1231 1777 1298 heroum
1806 1231 2171 1298 referebant
2190 1281 2209 1314 ,
2233 1255 2369 1298 non
2396 1235 2498 1298 in-

357 1334 556 1424 digna
600 1334 916 1417 judicavi,
955 1359 1100 1424 quae
1140 1339 1207 1400 in
1262 1338 1462 1402 classe
1514 1339 1877 1404 carminum
1928 1340 2344 1404 heroicorum
2396 1363 2493 1404 re-

354 1457 668 1528 peterem.

441 1547 620 1611 vm.
669 1549 754 1611 Et
789 1549 1146 1612 Rarosum
1183 1549 1449 1636 quidem
1498 1572 1731 1638 poema
1774 1573 1999 1616 eorum
2024 1601 2042 1632 ,
2090 1559 2233 1639 quat
2276 1553 2493 1614 nomi-

355 1653 504 1716 navi
521 1701 542 1734 ,
573 1653 706 1717 sere
741 1653 1338 1741 praestantissimum
1365 1654 1589 1734 judico
1609 1705 1626 1732 ,
1654 1655 1836 1744 quod
1856 1656 2028 1721 Petr.
2060 1659 2492 1737 Burmannus,

353 1755 702 1847 Antholog.
729 1758 952 1822 Latina
972 1805 990 1839 ,
1039 1758 1149 1823 lib.
1184 1762 1216 1825 Ι
1237 1809 1256 1840 ,
1299 1782 1484 1824 num.
1517 1783 1637 1848 72,
1692 1785 1729 1824 e
1759 1761 2161 1825 Salmasianis
2196 1776 2263 1825 et
2282 1761 2497 1825 Divio-

351 1863 668 1928 nensibus
699 1863 984 1946 schedis,
1019 1881 1084 1928 et
1115 1886 1154 1928 e
1183 1865 1407 1930 codice
1433 1867 1765 1932 Leidensis
1802 1867 2217 1932 Bibliothecoe
2249 1867 2496 1955 produ-

349 1971 444 2034 xit
461 2019 480 2052 ,
517 1984 741 2057 postea
773 1970 1034 2058 repetiit
1067 1969 1280 2035 editor
1305 1972 1727 2036 Collectionis
1762 1973 2163 2037 Pisaurensis
2196 1973 2496 2038 omnium

347 2093 726 2166 poematum
742 2125 760 2160 ,
812 2077 1174 2142 carminum
1197 2127 1215 2160 ,
1267 2077 1783 2167 fragmentorum
1834 2081 2216 2144 Latinorum
2234 2129 2253 2161 ‚
2308 2095 2491 2145 tomo

345 2183 461 2265 IV,
495 2205 560 2272 p.
595 2181 741 2247 233.
782 2184 859 2246 In
899 2183 1128 2272 Msptis
1161 2182 1332 2247 idem
1367 2185 1598 2248 titulus
1630 2185 2087 2274 praescribitur,
2126 2206 2323 2273 quem
2370 2187 2493 2274 ipsi

345 2288 726 2376 posuimus;
760 2304 1015 2352 tantum
1047 2289 1116 2353 in
1142 2288 1441 2353 Leidensi
1472 2290 1710 2378 legitur
1738 2291 2092 2354 Rarosum
2120 2291 2493 2356 Cosconia-tr

343 2393 439 2459 Μ.
471 2417 530 2457 n.
560 2393 636 2457 V.
657 2442 674 2475 ‚
716 2392 786 2456 id
809 2409 942 2476 est,
981 2392 1065 2458 de
1098 2393 1497 2460 Concubitu.
1524 2395 1837 2460 Fabulam
1866 2411 2093 2460 auctor
2130 2395 2251 2459 sibi
2289 2419 2487 2484 expo-

346 2497 630 2563 nendam
663 2500 972 2587 sumpsit,
1007 2521 1204 2587 quam
1240 2499 1513 2564 Ovidius
1546 2499 1805 2566 duobus
1842 2501 2043 2582 locis',
2071 2500 2337 2566 Metam.
2370 2503 2487 2582 IV,

353 2603 516 2691 189,
553 2609 778 2699 etlArt.
805 2607 954 2670 Am.
980 2605 1078 2687 II,
1106 2605 1256 2687 561,
1287 2619 1416 2670 toto
1449 2608 1837 2670 notissimam
1861 2604 2021 2670 coelo
2050 2604 2209 2670 dicit
2227 2655 2245 2686 ‚
2275 2629 2488 2694 eoque

339 2711 618 2776 oonsilio
648 2711 936 2800 plurium
964 2728 1306 2799 poetarum
1327 2713 1503 2777 inter
1528 2712 1789 2778 Graecos
1818 2728 1885 2776 et
1914 2713 2249 2777 Romanos
2275 2735 2487 2776 exem·

339 2816 528 2906 plum
577 2833 894 2904 sequutus
944 2833 1041 2882 est
1062 2864 1080 2899 ,
1126 2819 1242 2906 qui
1293 2817 1541 2882 fabulas
1591 2817 1675 2882 de
1715 2817 2047 2883 amoribus
2092 2818 2369 2882 heroum
2418 2834 2485 2884 et

337 2923 694 2988 heroidum
749 2925 1200 2990 celebratiores
1253 2926 1689 3016 singularibus
1738 2926 2139 2991 carminibus
2180 2925 2482 2990 decanta-

339 3045 534 3112 runt,
569 3046 645 3095 ut
685 3031 860 3096 inter
899 3031 1162 3106 Graecos
1206 3032 1468 3110 Musaei,
1503 3035 1619 3120 qui
1659 3032 1741 3097 de
1782 3033 2063 3098 Heronis
2101 3049 2167 3097 et
2205 3031 2485 3098 Leandri

337 3137 726 3219 Amor-ibus,
759 3137 1054 3218 Coluthi‚
1101 3139 1213 3226 qui
1265 3137 1348 3203 de
1395 3140 1615 3228 Raptu
1660 3139 1920 3203 Helenae
1938 3188 1956 3220 ,
2004 3153 2071 3202 et
2106 3137 2477 3218 Claudiani,

338 3243 460 3331 qui
490 3243 572 3308 de
597 3245 811 3330 Raptu
833 3242 1234 3332 Proserpinae
1263 3245 1539 3332 scripsit.
1568 3244 1811 3308 Fabula
1844 3245 1983 3332 ipsa
2015 3267 2093 3308 ex
2122 3247 2307 3310 fonte
2340 3245 2480 3309 Ho-

337 3349 508 3412 meri
540 3348 734 3413 ducta
765 3365 865 3414 est
889 3398 907 3430 ,
945 3349 1179 3438 Odyss.
1207 3350 1321 3414 lib.
1351 3350 1548 3432 VIII,
1602 3373 1664 3414 v.
1710 3351 1838 3415 266
1886 3371 2020 3438 seq.
2072 3350 2184 3414 ubi
2230 3373 2370 3414 eam
2408 3350 2477 3413 in

336 3455 512 3520 ludis
544 3455 800 3519 Alcinoi
833 3453 917 3518 ad
960 3455 1166 3544 lyram
1199 3456 1498 3520 decantat
1525 3455 1965 3522 Demodocus.
2002 3457 2179 3520 Inter
2214 3456 2476 3522 Latinos

335 3562 672 3626 luculente
706 3563 1008 3649 exposuit
1057 3563 1328 3628 Ovidius
1351 3612 1368 3644 ,
1415 3563 1678 3628 Metam.
1719 3563 1831 3645 IV,
1866 3585 1979 3649 17¹
2016 3585 2197 3649 seqq.
2234 3577 2301 3625 et
2334 3565 2473 3626 Art.

331 3669 486 3732 Ani.
515 3665 792 3762 11,·561
837 3689 1017 3756 seqq.
1064 3669 1271 3757 tetigit
1317 3669 1454 3734 aliis
1501 3670 1695 3749 lociS,
1734 3685 1809 3733 ut
1844 3671 2064 3732 Amor.
2109 3670 2173 3748 I,
2220 3689 2301 3752 9,
2356 3666 2473 3752 39,

333 3773 534 3838 Trist.
560 3773 664 3855 11,
699 3771 862 3860 377:
903 3790 1208 3863 praeterea
1222 3776 1563 3864 Virgilius,
1610 3775 1845 3865 Georg.
1876 3773 1990 3854 IV,
2030 3771 2197 3853 3453
2246 3773 2469 3860 Papin.

331 3879 574 3944 Statius
592 3925 610 3958 ,
634 3877 780 3942 silv.
805 3881 869 3960 l,
901 3902 937 3942 2
956 3929 973 3961 ,
1005 3877 1128 3966 593
1166 3882 1452 3945 Juvenal.
1477 3880 1605 3944 Sat.
1628 3881 1723 3962 X,
1751 3879 1898 3944 312.
1938 3881 2180 3943 Auctor
2204 3876 2468 3965 quidem

334 4007 472 4047 non
505 3983 768 4071 optimae
801 3985 998 4060 aetatis
1040 4007 1178 4049 esse
1220 3985 1509 4066 videtur,
1543 3984 1722 4073 quod
1767 4001 2027 4073 peccata
2068 3984 2133 4046 in
2185 3999 2465 4046 metrum

327 4088 648 4154 nonnulla
703 4107 766 4154 et
823 4091 1014 4156 verba
1069 4092 1483 4155 insolentiora
1544 4091 2027 4172 demonstrant5
2081 4089 2192 4154 sed
2248 4105 2467 4154 tamen
