2975 4684
361 399 452 421 w·
457 403 547 422 m
557 399 1012 420 mmm
1019 399 1070 418 Ἀ
1079 401 1096 418 ἱ
1104 398 1775 420 mmm-MUWC
1780 399 2379 422 ”fflffl‘wm
2386 401 2474 422 m

1099 616 1731 702 PRAEFATIO

519 845 722 954 JO.
804 847 1137 950 CHR.
1195 844 2312 954 WERNSDORFII

395 1109 494 1164 An
531 1109 800 1159 'murm
842 1109 1238 1176 QUARTUM,
1279 1109 1407 1169 Qm
1447 1107 1674 1156 nutus
1716 1109 2067 1156 Enlrloms
2109 1109 2425 1162 TERTIUS.

1037 1339 1774 1368 ’ψ

343 1499 867 1624 Canusinam
901 1546 1360 1620 heroicorum
1398 1545 1611 1618 titulo
1648 1545 2070 1646 complexus
2105 1569 2267 1620 sum
2302 1573 2468 1648 poe·

337 1695 566 1770 mata,
599 1705 761 1778 quae
794 1694 1056 1778 quarto
1092 1679 1234 1752 hoc
1266 1679 1638 1752 volumine
1682 1683 2057 1756 Poetarum
2106 1681 2473 1754 minorum

335 1810 834 1910 proferuntur,
854 1814 1182 1910 quamvis
1213 1835 1366 1883 non
1394 1812 1637 1882 omnia
1664 1813 1817 1909 pari
1844 1801 2311 1909 argumento,
2332 1841 2470 1888 nec

333 1944 550 2042 digna
581 1943 975 2016 admodum
1006 1967 1094 2015 eo
1124 1943 1420 2014 nomine
1454 1965 1609 2013 esse
1640 1943 1880 2013 sciam.
1907 1944 2159 2014 Visum
2194 1960 2302 2016 est
2333 1943 2469 2018 hac

331 2075 469 2147 sub
506 2077 978 2174 inscriptione
1021 2073 1316 2144 classem
1356 2073 1801 2144 consti-tuere
1838 2075 2275 2166 carminum,
2308 2099 2471 2176 quae

329 2207 446 2278 vel
459 2212 780 2279 Deorum
796 2209 1266 2304 virorumque
1280 2204 1785 2277 excellentium
1808 2205 2040 2304 elogia
2056 2263 2076 2298 ,
2092 2208 2205 2280 vel
2219 2234 2465 2282 rerum

328 2337 829 2438 factorumque
880 2337 1460 2411 memorabilium
1511 2340 2041 2412 enarrationem
2092 2353 2462 2430 tenerent,

327 2487 400 2543 et
419 2497 634 2545 versu
659 2469 959 2545 heroico
987 2472 1255 2570 scripta
1280 2484 1543 2552 essent.
1578 2469 1695 2541 Ob
1725 2473 2125 2546 carminum
2157 2475 2465 2574 longitu-

324 2601 566 2675 dinem
597 2604 886 2701 pariter,
918 2627 1000 2674 ac
1031 2603 1767 2690 commentationum,
1796 2627 1957 2700 quae
1989 2605 2073 2674 iis
2105 2605 2460 2680 illustran-

321 2731 433 2804 dis
481 2749 652 2806 sunt
698 2737 1080 2834 appositae,
1115 2732 1521 2806 ubertatem
1558 2757 1789 2831 quum
1822 2734 2166 2807 volumen
2203 2737 2343 2810 hoc
2378 2741 2457 2810 in

319 2865 868 2964 amplitudinem
897 2866 1096 2962 justo
1128 2867 1472 2963 majorem
1511 2866 1967 2956 excrevisset,
1994 2867 2455 2942 dividendum

319 2997 392 3066 in
432 2995 609 3069 duas
643 3013 919 3096 partes,
947 2999 1398 3096 reliquorum
1435 2998 1894 3068 voluminum
1932 2999 2157 3072 modo
2192 3014 2454 3072 attem-

317 3141 600 3224 peratas
621 3183 641 3218 ,
673 3129 911 3200 statui.

409 3263 494 3330 In
534 3260 718 3332 serie
759 3269 1218 3360 poematum,
1262 3287 1424 3360 quae
1467 3261 1609 3332 hoc
1646 3274 1851 3334 tomo
1892 3277 2447 3361 proponuntur,

313 3389 498 3464 forte
535 3393 892 3466 lectorum
927 3396 1179 3468 oculos
1215 3395 1593 3468 advertent
1628 3417 1813 3467 nova
1851 3393 2162 3466 duorum
2198 3411 2441 3493 poeta-

310 3549 474 3595 rum
533 3523 832 3599 nomina
854 3581 876 3618 ‚
923 3553 1086 3626 quoe
1137 3529 1374 3601 adhuc
1421 3531 1612 3601 inter
1662 3542 1991 3600 auctores
2040 3530 2442 3602 carminum

309 3658 778 3754 superstitum
804 3683 955 3730 non
983 3659 1225 3732 audita
1251 3674 1450 3747 sunt,
1479 3660 1734 3732 Lucilii
1760 3661 2109 3748 Junioris‚
2134 3675 2209 3730 et
2233 3660 2445 3733 Saleii

307 3788 534 3875 Bassi,
564 3814 881 3887 quorum
913 3791 1119 3864 alteri
1153 3815 1444 3862 carmen
1481 3789 1574 3861 de
1607 3795 1854 3880 AEtna,
1884 3789 2090 3862 alteri
2121 3814 2445 3889 panegy-

305 3921 534 3992 ricum
583 3923 676 3996 ad
719 3925 1194 4024 Calpurnium
1237 3926 1572 3997 Pisonem
1617 3923 1933 3996 attribui.
1989 3922 2128 3995 Sed
2172 3923 2375 3996 hoc
2357 3923 2443 3996 iis

307 4052 708 4128 rationibus
759 4080 876 4126 me
927 4053 1252 4129 effecisse
1300 4079 1557 4154 spem,
1594 4055 1861 4154 quihus
1915 4080 2100 4152 aegre
2153 4054 2439 4127 credam

550 4189 691 4256 III.
2070 4207 2097 4255 1
