2975 4684
469 274 612 347 616
716 277 1194 347 EXCURSUS
1244 277 1310 344 II
1355 281 1482 347 AD
1532 280 1750 347 EPIT.
1800 279 2068 351 ILIAD.
2114 282 2340 348 ΗΟΜ.

481 415 546 462 et
571 400 766 463 maria
789 421 850 463 v.
870 397 1020 485 870.
1047 396 1164 463 His
1191 397 1388 485 igitur
1415 419 1623 487 quum
1660 400 1930 473 numina
1959 399 2285 475 undarum
2318 416 2384 465 et
2410 404 2609 467 maris

481 498 802 587 Nymphae
829 514 894 563 et
919 497 1230 565 Nereides
1259 499 1801 587 interponuntur,
1834 517 1900 565 et
1928 500 2196 589 quidem
2231 518 2379 567 ante
2406 503 2615 569 Ocea-

482 623 642 665 num
683 616 748 665 et
781 600 1028 681 Nerea,
1059 600 1172 687 qui
1203 600 1661 689 Nympharum
1692 616 1903 689 patres
1936 618 2000 667 et
2040 602 2341 691 praesides
2377 604 2611 671 ferun·

485 718 624 783 tur,
661 701 792 767 hoc
821 717 1047 766 contra
1075 700 1374 767 ordinem
1421 716 1487 765 et
1527 702 1739 767 alieno
1770 702 1915 767 loco
1948 700 2085 767 fieri
2114 702 2374 771 abunde
2409 719 2609 793 patet.

487 803 554 867 Si
585 804 823 869 Noster
860 802 1196 891 Nymphas
1235 819 1300 867 et
1331 802 1641 867 Nereides
1664 805 2001 867 nominare
2036 805 2281 885 voluit,
2316 821 2490 869 certe
2530 827 2613 871 eo

482 905 627 969 loco
658 903 920 986 debuit,
959 928 1092 993 quo
1137 904 1308 971 Deos
1349 906 1541 969 maris
1584 904 1935 985 referebat,
1980 906 2319 993 quomodo
2350 922 2417 971 et
2457 908 2613 995 qui-

487 1006 762 1071 busdam
797 1007 864 1069 in
901 1006 1234 1071 codicibus
1281 1004 1414 1070 fieri
1457 1007 1853 1069 monuimus.
1893 1008 1971 1069 In
2017 1006 2093 1070 iis
2142 1029 2297 1071 vero
2344 1031 2379 1071 a
2418 1030 2615 1074 versu

487 1106 610 1194 877
659 1106 938 1173 redeunt
987 1108 1233 1171 Nereus
1287 1124 1354 1171 et
1403 1109 1701 1173 Oceanus
1758 1130 1908 1175 cum
1948 1108 2304 1196 Nymphis,
2355 1124 2421 1173 et
2473 1109 2618 1173 reli-

486 1231 694 1295 quum
729 1210 927 1298 igitur
961 1225 1090 1291 est,
1121 1225 1199 1272 ut
1231 1208 1364 1273 duo
1415 1231 1637 1273 versus
1690 1208 1865 1290 illos,
1913 1209 2152 1295 quibus
2188 1209 2509 1298 Nymphae
2552 1225 2619 1273 et

483 1308 794 1375 Nereides
848 1309 1296 1389 adducuntur,
1352 1332 1781 1397 supervacuos
1832 1332 2261 1399 agnoscamus
2278 1360 2297 1393 ,
2346 1327 2411 1375 et
2452 1328 2617 1377 tam-

487 1434 680 1498 quam
720 1414 972 1502 spurios
1011 1411 1372 1494 ejiciamus,
1411 1428 1607 1499 atque
1640 1411 1731 1475 sic
1760 1412 2153 1477 scribamus:

769 1558 882 1611 Illic
911 1558 1208 1629 Ignipotens
1239 1557 1421 1613 mnndi
1448 1559 1724 1617 culaverat
1750 1576 1898 1620 axes,

768 1641 1055 1713 Sideraque
1079 1654 1132 1695 et
1161 1655 1348 1708 terras,
1369 1654 1420 1695 et
1443 1656 1657 1696 euntem
1674 1645 1841 1697 Nerea
1866 1646 2085 1697 circum.

493 1794 644 1857 Haec
669 1794 860 1857 verba
879 1840 895 1873 ,
926 1815 1069 1879 quae
1095 1810 1240 1880 post
1267 1794 1465 1873 ejecta
1496 1795 1713 1883 spuria
1733 1794 1999 1883 reliqui,
2030 1794 2313 1883 genuina
2339 1793 2622 1855 auctoris

494 1918 664 1977 esse,
701 1896 881 1959 facile
917 1894 1294 1982 persuadeat
1333 1894 1546 1958 Ovidii
1575 1917 1798 1961 versus
1830 1894 2093 1959 Metam.
2125 1895 2279 1959 XIII
2301 1942 2318 1974 ,
2357 1915 2473 1978 291
2494 1941 2513 1973 ,
2536 1892 2622 1957 de

492 1996 633 2083 ipso
674 1994 937 2059 Achillis
975 1996 1200 2083 clypeo
1233 2017 1427 2085 agens
1447 2045 1463 2075 ,
1504 2018 1698 2083 quem
1733 1996 1837 2059 ille
1871 2018 1987 2083 pro
2028 2017 2209 2058 more
2242 2018 2363 2058 suo
2388 1994 2624 2083 procul

496 2094 699 2157 dubio
733 2112 882 2160 ante
918 2097 1139 2159 oculos
1171 2095 1400 2159 habuit
1430 2120 1444 2159 :

785 2272 1046 2287 ........
1057 2252 1230 2306 neque
1253 2234 1397 2303 enim
1423 2236 1593 2307 clypei
1624 2235 1897 2289 calamina
1927 2236 2067 2287 norit
2084 2272 2099 2297 ,

777 2319 1048 2370 Oceanum
1073 2330 1124 2371 et
1149 2329 1314 2371 terras
1335 2359 1349 2383 ,
1379 2337 1609 2389 cumque
1638 2320 1743 2371 alto
1771 2318 1934 2371 sidera
1966 2318 2109 2371 calo.

500 2484 580 2545 Et
609 2481 806 2563 idem,
835 2482 1097 2546 Metam.
1125 2484 1206 2547 ΙΙ.
1243 2482 1277 2547 5
1296 2533 1314 2563 ,
1349 2482 1428 2547 de
1453 2486 1647 2549 valvis
1674 2486 1861 2574 regiae·
1889 2484 2053 2549 Solis
2077 2508 2093 2547 τ

795 2670 1158 2687 ...........
1169 2635 1854 2693 .............Muleiber
1884 2638 1990 2691 illic

780 2723 1016 2791 AEquora
1045 2719 1252 2773 caelarat
1275 2720 1471 2775 medias
1500 2722 1762 2793 cingentia
1790 2734 1954 2773 terras
1975 2759 1989 2784 ,

779 2804 1170 2877 Terrarumque
1199 2804 1382 2857 orbem
1399 2846 1414 2872 ‚
1446 2806 1735 2878 caelumque
1760 2804 1907 2877 quod
1934 2804 2173 2855 imminet
2202 2803 2296 2854 ini.

505 2974 826 3035 Caeterum
842 3020 860 3052 ,
891 2973 974 3034 ne
994 2971 1228 3059 spuriis
1253 2972 1390 3035 istis
1425 2972 1640 3051 ejectis
1658 3019 1676 3051 ‚
1710 2992 2059 3034 numerum
2080 2984 2146 3032 et
2167 2968 2465 3032 ordinem
2492 2992 2633 3033 ver-

501 3096 694 3138 suum
713 3122 730 3153 ,
763 3075 875 3160 qui
909 3074 977 3135 in
1015 3073 1286 3161 vulgatis
1319 3088 1386 3135 et
1411 3072 1598 3136 editis
1630 3072 1959 3159 scriptoris
1998 3072 2202 3134 nostri
2248 3071 2630 3159 exemplari-

503 3175 626 3237 bus
664 3190 791 3254 est,
827 3175 1101 3237 nimium
1139 3175 1508 3254 turbemuS,
1542 3172 1799 3237 suffecit
1840 3171 2001 3236 mihi
2036 3171 2105 3234 in
2142 3171 2284 3259 ipso
2319 3186 2632 3234 contextu

503 3272 932 3337 describendo
968 3271 1164 3337 verba
1195 3298 1301 3354 ea,
1340 3296 1482 3361 quae
1518 3273 1724 3338 deleta
1758 3274 1987 3353 velim,
2026 3272 2278 3336 uncinis
2318 3272 2563 3336 inclusa
2594 3296 2629 3335 a

507 3374 770 3461 reliquis
793 3372 1082 3438 versibus
1107 3396 1398 3463 separare
1415 3423 1433 3455 ‚
1464 3398 1675 3463 eoque
1699 3377 1929 3441 seriem
1954 3396 2255 3439 versuum
2282 3374 2633 3463 genuinam

509 3490 574 3539 et
602 3498 819 3540 veram
848 3474 1191 3539 lectionem
1219 3474 1523 3541 indicare.

1459 3754 1666 3787 „3⁵
