2975 4684
716 392 1179 462 EPITOME
1237 390 1662 460 ILIADOS
1726 391 2153 461 HOMERI.

2370 390 2510 479 543

463 515 572 586 Ad
609 516 824 585 socios
858 514 1322 609 traheretque,
1363 514 1493 583 nisi
1527 510 1815 608 caligine
1854 538 2030 585 caeca

463 627 760 697 Texisset
795 626 1126 720 Cytherea
1153 627 1372 694 virum
1389 678 1408 710 ‚
1445 624 1879 719 subjectaque
1913 641 2143 695 mento

461 740 693 808 Fortia
723 739 1011 833 rupisset
1045 735 1280 806 laxatis
1323 733 1592 804 vincula
1628 736 1858 823 nodis,
2074 796 2079 801 .
2433 766 2511 805 ³1·

464 845 766 919 Ultimus
804 846 914 917 ille
954 847 1097 917 dies
1135 845 1362 917 Paridi
1407 845 1579 916 foret
1616 872 1632 914 ε
1672 847 1999 917 abstrahit
2039 873 2213 920 auro

462 964 517 1029 F
521 959 858 1055 ulgentem
902 958 1156 1055 galeam
1199 982 1426 1027 secum
1469 955 1853 1047 MenelauS,
1903 973 1969 1028 et
2002 959 2243 1031 ardens

460 1073 544 1140 In
583 1070 840 1139 medios
873 1069 1082 1139 mittit
1117 1092 1463 1163 procera,
1508 1092 1911 1164 rursumque
1946 1072 2262 1160 recurrit,

463 1183 552 1251 Et
587 1206 902 1277 magnam
941 1179 1176 1252 validis
1219 1179 1549 1249 contorsit
1592 1179 1847 1249 viribus
1886 1180 2147 1251 hastam

461 1294 546 1361 In
575 1290 834 1362 cladem
860 1292 1170 1387 Phrygii3
1207 1314 1327 1359 sua
1363 1313 1567 1383 quem
1592 1292 1825 1361 Venus
1858 1292 2307 1387 eripithosti,

2432 1316 2514 1357 315

460 1403 548 1471 Et
591 1394 816 1471 secum
854 1403 926 1471 in
969 1400 1297 1471 thalamos
1333 1398 1551 1469 defert
1584 1401 1915 1472 testudine
1956 1401 2214 1476 cultos:

437 1625 560 1680 308.
595 1630 858 1691 mltos-et,
901 1631 1001 1681 nisi
1038 1642 1140 1680 tum
1173 1627 1394 1694 ealigine

367 1704 434 1759 G.
460 1726 510 1759 2.
540 1712 798 1780 frabent,
832 1710 932 1760 m'si
953 1710 1172 1777 ealigt'ne
1189 1707 1250 1759 A.
1271 1706 1392 1759 Non

369 1784 507 1839 bene
534 1786 648 1839 haec
682 1800 733 1839 et
765 1792 1040 1858 sequentia
1079 1805 1202 1838 cum
1234 1804 1394 1840 versu

369 1865 432 1919 31
447 1884 468 1918 1
490 1865 773 1920 coherent.
797 1869 972 1938 Atque
991 1866 1120 1919 hinc
1141 1864 1210 1918 ad
1235 1866 1395 1918 ratio-

365 1964 490 1999 nem
511 1944 757 1999 codicum
773 1984 789 2009 ,
811 1964 946 2018 quos
967 1945 1150 2011 citavi,
1166 1945 1396 1999 scriben-

366 2022 497 2077 dum
531 2036 696 2096 puto:
747 2050 772 2070 c
796 2025 864 2077 Et
895 2026 1147 2097 juvenem
1187 2035 1396 2095 arrepta

365 2116 704 2177 prosternens
722 2105 922 2171 casside
943 2104 1108 2157 victor
1125 2102 1209 2157 Ad
1225 2104 1397 2157 socios

367 2184 529 2237 trahit
546 2225 562 2251 ,
591 2196 644 2237 et
661 2184 762 2237 nisi
779 2196 894 2237 tum
921 2184 1145 2256 caligine
1163 2202 1298 2237 coca
1311 2222 1326 2236 .
1343 2222 1356 2235 .
1371 2220 1386 2233 .

367 2264 604 2318 Ultimus
625 2263 714 2317 ille
733 2262 847 2318 dies
864 2262 1040 2317 Paridi
1070 2263 1204 2315 foret
1221 2288 1267 2315 ι.

442 2344 561 2398 313.
584 2351 867 2412 Rursusque
889 2345 1094 2395 recurrit
1115 2342 1183 2395 G.
1209 2361 1258 2396 2.

442 2425 562 2487 314.
585 2428 828 2477 contorsit
841 2426 1026 2476 viribus
1045 2426 1256 2485 hastam,
1274 2432 1396 2476 sunt

369 2504 524 2559 verba
545 2503 782 2557 Maronis
796 2542 813 2568 ‚
833 2506 957 2556 AEn.
979 2505 1032 2557 11
1048 2544 1064 2570 ,
1099 2502 1182 2557 50.

443 2584 565 2639 315.
591 2589 691 2636 Sua
719 2603 860 2652 quem
889 2591 1070 2636 Venus.
1097 2584 1224 2636 Erat
1253 2582 1394 2636 enim

370 2662 614 2717 assiduus
665 2665 779 2738 ejus
839 2665 1016 2719 cultor
1067 2661 1360 2717 Alexander
1377 2700 1394 2727 ,

369 2747 518 2798 unde
543 2763 694 2799 suam
725 2746 1022 2817 appellavit.
1058 2746 1144 2802 Sic
1174 2765 1268 2796 sua
1298 2766 1393 2797 nu·

370 2827 508 2877 retina
525 2827 726 2898 aequori
745 2825 927 2879 addita
944 2827 1016 2878 ait
1030 2845 1079 2878 v.
1100 2829 1204 2897 877
1223 2844 1237 2879 :
1256 2824 1397 2876 «Ad-

371 2903 684 2978 dida-atque
703 2907 837 2959 freto
858 2926 952 2959 sua
972 2905 1210 2971 numina,
1225 2906 1396 2959 Nerea

371 3002 628 3055 magnum
647 3012 688 3037 ι.
715 2986 902 3041 Venus
929 2998 1107 3039 autem
1143 2986 1258 3057 ipsa
1294 2985 1396 3037 sibi

373 3062 644 3117 addictum
665 3062 912 3117 Paridem
935 3064 1272 3119 commendat
1293 3064 1396 3116 He·

371 3141 504 3195 leno
549 3143 691 3215 apud
737 3144 1030 3197 Homerum
1053 3181 1070 3208 ‚
1112 3156 1396 3217 postquam

377 3222 622 3275 manibus
665 3221 894 3277 Menelai
937 3224 1144 3294 eripuit.
1189 3224 1392 3277 Bsaru.

379 3300 518 3353 Adv.
546 3302 676 3354 LIX
695 3344 710 3368 ,
740 3320 786 3356 1.
818 3303 1134 3357 Pronomine
1159 3324 1275 3355 setus
1300 3323 1399 3356 sm-

373 3398 441 3452 pe
479 3380 774 3447 faventem,
796 3398 982 3455 aptum
1017 3396 1070 3437 et
1105 3385 1288 3437 utilem
1328 3384 1396 3437 si·

375 3460 620 3532 gnificari
637 3500 652 3525 ‚
667 3463 930 3516 neminem
949 3464 1086 3537 fugit
1101 3465 1157 3517 in
1174 3465 1398 3519 lectione

374 3540 738 3597 Romanorum
762 3544 1080 3617 scriptorum
1104 3558 1368 3600 versatum
1382 3585 1398 3612 ,

375 3632 437 3673 ut
477 3621 582 3675 hoc
621 3624 861 3694 pluribus
909 3625 1160 3699 exemplis
1207 3624 1398 3678 docere

376 3702 700 3773 superfluum
751 3705 837 3757 sit.
883 3705 1064 3758 Horat.
1111 3705 1283 3777 Epod.
1326 3724 1359 3774 9
1379 3742 1396 3769 ,

380 3786 448 3834 30
466 3819 482 3844 ,
526 3807 548 3829 ι
577 3783 789 3837 Cretam
833 3787 1004 3839 ventis
1061 3786 1231 3839 iturus
1286 3804 1396 3839 non

377 3878 488 3913 ama
512 3886 554 3915 ι.

452 3941 572 3995 316.
599 3944 833 4015 Scriptus
859 3945 920 3997 A.
947 3956 1000 3998 et
1022 3942 1146 3998 edd.
1167 3956 1272 3998 vet.
1300 3944 1400 4000 ha-

377 4022 508 4075 bent
533 4027 776 4077 testudine
808 4038 1025 4077 structos.
1059 4026 1304 4079 Bai-thius
1339 4044 1400 4079 ex

377 4100 484 4157 hoe
511 4104 628 4157 loco
654 4106 898 4159 observat
915 4144 931 4171 ,
959 4106 1272 4179 scriptorem
1304 4126 1400 4161 no-

381 4194 548 4239 strum
572 4203 684 4239 non
709 4184 876 4239 solere
897 4226 916 4253 ,
941 4186 1088 4260 quod
1114 4186 1206 4242 alii
1232 4196 1406 4263 poetn'

1479 1623 1711 1688 faciant,
1750 1626 1825 1681 ob
1848 1640 2125 1701 sequentes
2150 1630 2329 1685 literas
2354 1650 2409 1683 sc
2430 1634 2517 1688 vel

1482 1718 1527 1755 st
1540 1703 1797 1777 syllabam
1812 1708 2014 1778 proced
2020 1720 2193 1763 entem
2214 1710 2427 1783 longam
2440 1713 2516 1766 sa-

1480 1801 1627 1849 cere,
1661 1784 1923 1859 affertque
1959 1787 2107 1841 aliud
2146 1791 2443 1862 exemplum
2480 1811 2513 1847 e

1481 1864 1701 1929 Nostro,
1725 1884 1798 1916 vs.
1820 1883 1918 1935 791
1937 1906 1952 1932 ,
1968 1872 2285 1920 Pronnachum
2317 1890 2512 1939 quoque

1480 1948 1653 2005 sternit
1676 1959 1909 1999 ccv-ocem.
1958 1946 2073 2019 Ego
2100 1966 2225 2001 vero
2258 1947 2381 2003 fieri
2407 1951 2513 2007 hoc

1479 2023 1747 2078 rarissime
1786 2044 1817 2079 a
1862 2026 2018 2079 bonis
2056 2028 2225 2099 poetis
2260 2031 2511 2100 arbitror,

1481 2103 1585 2156 nisi
1610 2103 1787 2157 media
1815 2104 1867 2156 in
1892 2124 2041 2159 voce.
2072 2108 2384 2179 Exemplum
2413 2110 2511 2165 ha·

1482 2183 1577 2235 bes
1605 2182 1751 2253 Virg.
1778 2188 1901 2237 AEu.
1932 2186 2040 2250 VI,
2064 2187 2193 2259 687,
2214 2188 2306 2239 ubi
2331 2200 2510 2244 tamen

1481 2274 1536 2315 et
1572 2263 1739 2315 variat
1776 2264 1949 2318 lectio.
1992 2265 2060 2318 Et
2088 2266 2231 2336 apud
2256 2268 2509 2325 Nostrum

1482 2341 1711 2413 vulgato
1756 2343 1973 2414 quidem
2018 2343 2221 2399 habent
2262 2354 2511 2405 testudine

1481 2436 1713 2484 semotos,
1743 2434 1798 2476 at
1820 2422 1908 2475 G..
1924 2441 1952 2474 a
1982 2422 2111 2477 alias
2135 2444 2290 2481 voces
2316 2434 2471 2481 cultos
2489 2471 2508 2499 ,

1481 2516 1635 2554 tectos
1648 2540 1663 2565 ‚
1677 2517 1890 2572 comptos
1910 2504 2234 2575 conjunctim
2257 2508 2511 2579 exhibet3

1483 2600 1513 2634 e
1557 2582 1753 2653 quibus
1808 2586 1964 2634 cultos
2008 2601 2187 2637 veram
2230 2586 2511 2645 lectionem

1481 2678 1595 2713 esse
1618 2673 1746 2732 puto
1768 2673 1983 2735 propter
2000 2678 2299 2719 consuetam
2317 2668 2513 2723 Nostro

1481 2740 1832 2796 imitationem
1860 2743 2085 2795 Nasonis
2106 2782 2123 2803 ‚
2146 2744 2239 2816 qui
2264 2746 2391 2800 Met.
2420 2749 2511 2815 11,

1484 2820 1621 2890 737:
1642 2846 1664 2868 ι
1690 2822 1815 2874 Pars
1840 2834 2035 2875 secreta
2062 2822 2251 2877 domus
2274 2827 2433 2881 ebore
2456 2842 2511 2885 et

1481 2899 1749 2955 testudine
1775 2902 1943 2955 cultos
1968 2904 2099 2957 Tres
2126 2903 2309 2958 habuit
2336 2907 2507 2962 thala·

1483 3000 1655 3034 moa»,
1680 2982 1937 3035 Caeterum
1956 2987 2197 3036 thalamos
2219 2993 2512 3043 testudineus

1481 3057 1616 3113 dixit
1641 3062 1833 3115 Noster
1868 3080 1979 3115 non
2018 3062 2085 3116 ad
2132 3078 2361 3120 mentem
2400 3070 2512 3123 Ho-

1483 3142 1617 3193 meri
1636 3182 1651 3205 ,
1680 3152 1731 3193 et
1768 3160 1971 3195 morem
2014 3144 2111 3195 evi
2154 3144 2387 3211 heroici,
2413 3149 2509 3204 sed

1482 3220 1709 3273 luxuria!
1733 3220 2058 3274 recentioris.
2088 3222 2273 3295 Neque
2306 3226 2363 3279 in
2404 3228 2511 3285 hoc

1484 3300 1703 3353 Homeri
1720 3301 1866 3363 loco,
1888 3300 1991 3363 Ill,
2018 3304 2141 3370 390,
2163 3305 2255 3357 ubi
2272 3318 2323 3358 et
2348 3307 2515 3363 thala·

1483 3382 1557 3434 mi
1578 3394 1922 3443 memoratur,
1940 3383 2085 3435 nulla
2109 3384 2161 3435 in
2190 3384 2373 3441 'icatur
2392 3408 2509 3443 ma.

1483 3464 1636 3516 teria.
1662 3464 1725 3513 At
1752 3462 1983 3528 Plinius,
2011 3463 2099 3515 lib.
2115 3464 2222 3532 lx,
2250 3480 2375 3521 sect.
2406 3472 2469 3525 13
2489 3509 2507 3536 ‚

1483 3555 1739 3612 memorat
1762 3580 1778 3605 ,
1812 3542 2181 3595 «testudinum
2232 3549 2510 3617 putamina

1482 3642 1664 3678 secare
1694 3623 1751 3675 in
1790 3623 2036 3685 laminas,
2061 3624 2327 3695 lectosque
2351 3640 2403 3680 et
2428 3618 2511 3683 re-

1484 3704 1735 3776 positoria
1791 3702 1873 3754 bis
1918 3702 2109 3755 vestire
2131 3727 2154 3748 ι
2193 3704 2423 3773 primum
2478 3728 2512 3763 a

1485 3783 1733 3837 Cornelio
1746 3782 1981 3835 Pollione
1998 3784 2173 3834 Romo
2190 3782 2511 3859 institutum,

1487 3864 1579 3937 qui
1632 3866 1773 3916 circa
1818 3860 2033 3935 Syllana
2081 3872 2319 3931 tempora
2362 3868 2509 3923 vixit.

1486 3947 1624 3998 Ante
1656 3944 1769 3996 baec
1799 3956 2037 4012 tempora
2055 3981 2072 4006 ,
2102 3952 2161 3993 ut
2195 3959 2317 3995 cum
2352 3947 2509 4003 Juve-

1487 4024 1625 4089 nale‚
1644 4022 1720 4076 XI
1738 4061 1753 4086 ,
1782 4023 1874 4091 93,
1902 4022 2110 4091 loquar,
2134 4048 2157 4069 ι
2177 4021 2348 4075 Nemo
2374 4028 2513 4084 inter

1488 4122 1645 4157 curas
1687 4114 1741 4155 et
1789 4102 1925 4154 seria
1972 4100 2122 4152 duxit
2166 4099 2473 4161 habendum
2490 4150 2509 4177 ‚

1488 4182 1675 4251 Qualis
1692 4182 1749 4235 in
1768 4180 1975 4235 Oceani
1992 4177 2161 4234 fluctu
2181 4184 2389 4240 testudo
2412 4206 2511 4243 na.
