2975 4684
490 383 625 455 190
710 445 715 453 .
1192 355 1720 426 EXCURSUS
1779 357 1886 424 v1

482 503 677 570 quam
717 501 849 567 proe
882 499 953 542 se
986 476 1232 543 ferebat
1252 525 1270 556 ‚
1298 476 1671 566 philosophi
1707 494 1842 542 erat
1858 526 1879 559 ,
1925 494 2002 541 ut
2035 477 2105 540 in
2139 478 2310 543 sacto
2335 478 2610 544 fratrum

483 580 939 648 Catanensium
972 577 1299 642 narrando
1331 593 1696 642 moraretur
1717 625 1736 660 ‚
1789 600 1926 666 quo
1957 578 2094 666 ipse
2127 579 2372 644 montis
2401 581 2570 670 ignis
2589 629 2610 662 ‚

486 705 685 772 quem
711 679 1116 745 describebat
1136 728 1155 762 ,
1194 679 1566 744 nobilitatus
1583 725 1602 760 ,
1630 694 1826 766 atque
1852 680 2107 768 pietatis
2139 702 2289 771 erga
2313 698 2612 769 parentes

477 785 729 873 insigne
755 781 1037 871 pretium
1078 779 1385 846 divinitus
1420 779 1942 846 demonstratum
1973 779 2334 846 videbatur.
2365 782 2608 870 Aptum

483 887 611 949 hoc
644 884 837 947 etiam
874 899 940 946 et
970 897 1483 946 consentaneum
1529 881 1864 946 sententiae
1883 929 1902 962 ‚
1938 904 2136 968 quam
2168 883 2358 948 toties
2384 883 2454 946 in
2475 907 2608 948 car·

483 988 661 1051 mine
688 984 1031 1048 declaravit
1064 982 1351 1047 Lucilius
1370 1029 1388 1062 ,
1416 981 1638 1071 ignem
1673 981 1890 1047 AEtnae
1926 981 2218 1048 divinum
2263 999 2330 1046 et
2353 1005 2612 1050 sacrum

484 1109 649 1178 opus
684 1109 853 1168 esse,
896 1087 1085 1173 eique
1116 1086 1335 1148 Deum
1364 1083 1645 1170 aliquem
1689 1083 2028 1171 praesidere
2061 1083 2389 1150 artificem.
2417 1084 2608 1173 (vid.

482 1211 647 1253 vers.
688 1190 811 1274 194
841 1185 1055 1275 seqq.)
1084 1185 1250 1250 Nam
1272 1201 1336 1249 et
1367 1184 1474 1248 alii
1498 1185 1840 1274 scriptores
1858 1234 1877 1267 ‚
1906 1185 2019 1273 qui
2039 1201 2320 1251 servatos
2339 1187 2610 1266 juvenes

484 1291 873 1355 Catanenses
904 1311 981 1352 ex
1012 1287 1141 1351 hoc
1168 1286 1320 1375 igne
1352 1303 1650 1368 narrant,
1687 1285 2134 1352 demonstrare
2169 1310 2250 1352 eo
2283 1289 2452 1352 facto
2493 1311 2610 1352 vo-

481 1390 649 1472 lunt,
676 1390 885 1452 inesse
908 1387 1166 1454 AEtnaeo
1192 1386 1329 1476 igni
1350 1402 1668 1452 rectorem
1701 1387 1984 1475 aliquem
2003 1435 2022 1470 ,
2055 1388 2170 1476 qui
2193 1411 2610 1454 remunerare

481 1491 785 1579 pietatem
825 1511 1055 1554 eorum
1100 1487 1169 1550 in
1204 1502 1502 1575 parentes
1521 1534 1540 1569 ,
1575 1503 1642 1552 et
1684 1489 2111 1554 reverentiam
2153 1489 2355 1556 divini
2392 1491 2608 1556 numi·

484 1591 583 1654 nis
604 1637 623 1672 ,
659 1590 955 1654 voluerit.
1002 1589 1199 1653 Hunc
1256 1588 1325 1652 in
1368 1587 1639 1654 modum
1697 1589 1992 1679 inprimis
2036 1589 2320 1679 disputat
2359 1592 2607 1658 Aristo-

484 1693 639 1756 teles
664 1741 683 1774 ‚
717 1693 850 1756 sive
890 1691 1037 1779 quis
1086 1690 1247 1754 alius
1298 1705 1524 1754 auctor
1569 1690 1721 1754 libri
1767 1690 1850 1754 de
1889 1691 2144 1756 Mundo
2185 1692 2355 1758 inter
2410 1714 2606 1781 opera

481 1793 847 1858 Aristotelis
870 1808 1003 1875 est,
1033 1814 1173 1880 cap.
1203 1790 1295 1855 Vl
1313 1839 1332 1872 ‚
1364 1789 1571 1878 quiid
1589 1792 1720 1880 agit
1736 1840 1756 1874 ,
1787 1809 1863 1856 ut
1883 1794 2334 1862 conversiones
2357 1816 2606 1877 omnes,

478 1895 952 1960 vicissitudines
996 1911 1065 1960 et
1096 1893 1485 1960 mutationes
1525 1916 1744 1958 rerum
1769 1942 1788 1977 ‚
1836 1895 1969 1959 sive
2009 1896 2089 1974 in
2137 1897 2293 1960 caelo
2307 1944 2324 1979 ‚
2359 1896 2492 1960 sive
2533 1896 2605 1960 in

480 1997 666 2062 terris
700 1997 893 2077 fiant,
930 2012 1121 2060 testes
1150 2017 1288 2060 esse
1312 1993 1778 2060 moderationis
1804 1995 1961 2078 Dei,
2000 1997 2113 2084 qui
2144 1996 2466 2063 mundum
2493 2019 2608 2086 gu·

478 2100 744 2181 bernet‚
778 2099 1063 2178 evincat3
1104 2113 1171 2162 et
1204 2097 1528 2186 sigillatim
1563 2095 1646 2160 de
1678 2097 1950 2162 terreni-s
1978 2098 2344 2187 exemplum
2367 2097 2605 2164 AEtnaei

478 2199 765 2265 incendii
795 2201 1070 2264 afferens
1089 2246 1108 2279 ‚
1136 2201 1203 2262 in
1228 2198 1359 2263 hoc
1380 2197 1471 2261 ait
1502 2220 1747 2262 numen
1793 2198 2026 2262 eximio
2058 2199 2311 2263 honore
2339 2198 2604 2264 Piorum

477 2302 783 2366 familiam
810 2299 1133 2382 affecisse,
1168 2298 1347 2387 quod
1373 2297 1455 2362 ab
1484 2299 1626 2384 ipso
1657 2296 1927 2362 flumine
1955 2299 2122 2388 ignis
2146 2298 2606 2388 deprehensos,

476 2425 683 2489 quum
712 2423 897 2464 senes
930 2416 1229 2488 parentes
1262 2397 1558 2463 servandi
1589 2421 1812 2463 caussa
1842 2398 2129 2464 humeris
2161 2401 2604 2478 sustulissent,

472 2517 686 2564 tamen
710 2518 962 2565 torrens
984 2499 1153 2586 ignis
1178 2521 1314 2562 non
1345 2498 1587 2588 attigit,
1619 2498 1736 2564 sed
1767 2498 2050 2566 diffissus
2073 2501 2406 2566 hincinde
2433 2525 2604 2567 aver·

476 2601 557 2665 tit
596 2623 664 2666 se
700 2615 767 2664 et
810 2599 1085 2664 servavit
1136 2600 1383 2664 illaesos.
1420 2599 1692 2680 Subjicit
1742 2599 2025 2688 denique
2057 2651 2074 2684 ,
2134 2601 2312 2690 quod
2347 2603 2417 2666 in
2453 2603 2604 2668 navi

477 2703 871 2792 gubernator
898 2702 981 2766 sit
996 2749 1014 2782 ,
1056 2701 1239 2789 quod
1260 2701 1331 2764 in
1365 2724 1565 2765 curru
1590 2701 1808 2790 auriga
1825 2749 1843 2782 ,
1872 2703 1939 2766 in
1974 2703 2178 2768 choro
2210 2691 2600 2792 praecen'tor,

476 2802 659 2891 quod
696 2802 978 2890 denique
1014 2803 1117 2866 lex
1152 2803 1221 2866 in
1267 2802 1557 2883 civitate,
1607 2819 1674 2866 et
1713 2801 1848 2867 dux
1888 2804 1956 2868 in
1996 2806 2321 2887 exercitu3
2364 2806 2494 2871 hoc
2531 2807 2599 2869 in

474 2905 727 2970 mundo
762 2907 975 2969 Deum
1001 2926 1159 2968 esse.

560 3007 725 3071 Mira
762 3029 916 3070 vero
965 3022 1063 3070 est
1110 3004 1460 3070 multitudo
1509 3003 1901 3093 scriptorum
1944 3024 2236 3072 veterum
2254 3057 2271 3090 ,
2314 3009 2426 3096 qui
2471 3008 2602 3072 hoc

476 3109 857 3172 miraculum
894 3109 1059 3197 ignis
1086 3107 1323 3173 AEtnaei
1348 3107 1723 3195 attigerunt.
1747 3107 1802 3170 E
1831 3107 2067 3172 Graecis
2095 3125 2326 3198 praeter
2357 3110 2601 3174 Aristo-

477 3211 669 3274 telem
696 3209 830 3288 jam
878 3208 1211 3272 laudatum
1264 3207 1700 3273 nominandus
1751 3225 1851 3272 est
1895 3211 2230 3299 Lycurgus
2251 3257 2268 3292 ‚
2304 3211 2483 3276 Orat.
2529 3212 2597 3274 in

471 3309 758 3373 Leocrat.
808 3331 947 3398 cap.
998 3309 1114 3391 23,
1154 3327 1219 3374 et
1266 3333 1412 3400 pag.
1454 3332 1576 3396 199
1599 3356 1617 3388 ,
1653 3306 1804 3374 edit.
1843 3311 2057 3376 Reisk.
2101 3313 2354 3376 Orator.
2396 3312 2600 3378 Graec.

472 3427 653 3476 tomo
697 3410 854 3492 XV;
910 3411 1179 3494 Conon,
1219 3412 1402 3491 cujus
1446 3417 1703 3492 διηγήσεις
1747 3413 1879 3478 sive
1925 3414 2339 3479 Narrationes
2384 3416 2436 3478 L
2484 3437 2603 3478 ex·-

468 3527 717 3600 cerptas
754 3510 935 3575 dedit
967 3511 1238 3576 Photius
1268 3561 1287 3594 ‚
1333 3512 1494 3577 Cod.
1536 3513 1960 3598 CLXXXVI,
2009 3531 2076 3579 et
2113 3538 2262 3579 cum
2301 3517 2602 3581 Historioe

470 3614 737 3703 poeticae
783 3613 1207 3701 scriptoribus
1244 3613 1447 3678 edidit
1488 3615 1722 3682 Thom.
1759 3617 2018 3682 Galeus.
2054 3618 2131 3681 In
2175 3617 2278 3681 his
2313 3617 2598 3682 narratio

471 3717 680 3780 XLIII
707 3715 790 3781 de
816 3714 1121 3779 fratribus
1162 3717 1628 3782 Catanensibus
1655 3719 1804 3808 agit.
1835 3718 2066 3782 Strabo
2091 3739 2229 3782 eam
2262 3718 2599 3783 historiam

468 3816 748 3882 breviter
781 3817 1080 3905 exposuit
1104 3817 1216 3881 lib.
1250 3817 1342 3881 VI
1358 3865 1375 3898 ,
1414 3840 1556 3909 pag.
1590 3819 1716 3906 269
1738 3868 1756 3901 ,
1788 3817 1942 3884 edit.
1969 3819 2166 3883 Paris·
2199 3819 2598 3888 luculentius

469 3918 810 3984 Pausanias
856 3919 925 3982 in
971 3919 1267 3984 Phocicis
1292 3965 1311 4000 ,
1344 3919 1477 3982 sive
1515 3919 1682 3985 libro
1719 3921 1780 3984 X
1805 3968 1824 4002 ,
1858 3943 1997 4008 cap.
2029 3919 2135 4002 283
2169 3917 2597 3986 Philostratus

465 4019 611 4081 vitae
637 4019 939 4107 Apollon.
966 4020 1077 4086 lib.
1113 4022 1194 4103 V,
1214 4043 1352 4108 cap.
1393 4043 1489 4107 17.
1517 4020 1753 4085 Adhuc
1783 4021 2116 4087 AElianum
2143 4021 2209 4083 in
2238 4023 2388 4086 Var.
2421 4023 2594 4088 Hist.

468 4143 503 4183 a
539 4121 761 4185 multis
805 4123 985 4186 citari
1032 4122 1223 4188 video
1248 4171 1267 4206 ‚
1304 4122 1417 4187 sed
1462 4123 1573 4188 hic
1605 4123 1788 4190 locus
1827 4125 1896 4188 in
1939 4124 2077 4204 ejus
2109 4122 2316 4192 Variis
2356 4124 2595 4190 flustra
