2975 4684
695 380 831 447 AD
894 381 1298 449 LUCILII
1355 379 1557 449 JU’N.
1611 379 2006 448 AETNAM.
2145 459 2161 490 x
2289 401 2422 472 ¹99

293 523 471 566 mero
504 499 620 566 fini
644 517 717 564 et
746 501 904 567 laevo
944 499 1210 568 brachio
1242 491 1586 580 sustineii3
1631 515 1902 564 matrem
1927 521 2114 580 vem,
2154 498 2422 586 trepidis

292 602 593 668 manibus
639 601 723 668 ad
768 603 997 668 coelum
1044 602 1313 668 sublatis
1364 617 1660 668 orantem
1703 603 1882 667 Deos
1901 649 1920 682 ,
1951 600 2272 664 ambabus
2309 598 2422 663 filii

294 706 466 770 ulnis
480 755 503 788 ,
532 722 613 770 ut
639 727 803 771 sexu
832 703 1214 770 debiliorem
1230 751 1251 785 ,
1285 704 1654 768 conclusam
1691 701 1916 766 teneri.
1953 699 2208 766 Scilicet
2239 701 2423 764 Cata-

294 827 523 872 nenses
542 807 827 874 nummis
859 807 995 872 suis
1019 807 1281 896 piorum
1300 804 1870 894 juvenumfigum
1890 853 1909 886 ‚
1938 820 2270 892 tamquam
2288 803 2422 890 pri·
2562 845 2569 848 -

292 907 569 972 marium
606 907 879 974 civitatis
914 929 1047 972 sum
1079 907 1447 996 symbolum
1464 955 1481 988 ‚
1512 923 1579 971 et
1617 905 2190 972 celebratissimum
2231 925 2424 966 ornn-

292 1022 589 1074 mentum
606 1055 627 1087 ‚
664 1009 1011 1096 saepissime
1056 1009 1413 1098 signarunt.
1458 1011 1642 1073 Duos
1673 1008 1812 1088 ejus
1839 1007 2094 1098 generis
2117 1026 2424 1072 nummos

292 1110 553 1176 exhibet
566 1111 757 1178 Laut.
776 1113 1057 1201 Begerus
1078 1111 1277 1179 Thes.
1295 1110 1662 1176 Brandenb.
1681 1127 1730 1175 t.
1749 1111 1782 1174 1
1799 1157 1817 1191 ‚
1855 1131 2000 1200 pag.
2017 1107 2184 1194 390:
2213 1127 2422 1170 unum

292 1211 461 1278 Pete.
498 1213 941 1294 Burmannus,
976 1213 1299 1278 Numism.
1334 1213 1459 1278 Sic.
1486 1213 1618 1277 tab.
1651 1212 1778 1276 IV:
1811 1211 2128 1301 plurimos
2156 1207 2233 1272 P.
2265 1209 2422 1273 Car·
2499 1228 2516 1244 ·

289 1333 429 1378 rere
472 1312 775 1378 Menum.
820 1317 1045 1378 Gatan.
1096 1313 1209 1380 lib.
1254 1315 1349 1379 111
1370 1361 1391 1395 ‚
1434 1335 1578 1402 eap.
1635 1336 1758 1395 22,
1801 1313 1932 1378 tab.
1963 1313 2088 1377 VI}
2119 1359 2138 1393 ,
2182 1310 2310 1374 vol.
2358 1311 2422 1374 X
2517 1359 2524 1376 .

288 1411 481 1478 Thes.
513 1412 687 1478 Sicil.
720 1437 1005 1501 quorum
1040 1415 1534 1502 explicationem
1571 1413 1750 1480 dedit
1789 1437 1935 1504 pag.
1973 1435 2092 1501 291
2143 1429 2210 1478 et
2256 1431 2420 1497 292:

289 1513 575 1602 denique
602 1515 701 1580 10.
726 1517 856 1582 Jac.
886 1517 1213 1582 Gesnerus
1247 1515 1572 1582 Numism.
1606 1515 1723 1582 Gr.
1757 1516 1980 1605 popul.
2015 1529 2081 1578 et
2107 1512 2255 1577 urb.
2289 1511 2418 1574 tab.

292 1613 393 1678 30.
429 1617 647 1682 Etiam
664 1617 1111 1682 Romanorum
1142 1619 1209 1680 in
1249 1618 1536 1682 nummis
1560 1618 1688 1682 hoc
1705 1639 1822 1706 par
1855 1618 2118 1706 piorum
2149 1615 2422 1678 fratrum

288 1737 601 1782 excusum
647 1733 779 1799 est,
818 1733 1145 1806 tamquam
1190 1719 1561 1807 symbolum
1602 1718 1887 1783 Pietatis.
1943 1714 2306 1781 Praesertim
2355 1712 2422 1775 in

287 1819 541 1886 familia
579 1821 901 1910 Pompe'ue
928 1823 1215 1888 nmumis
1250 1845 1421 1888 unus
1467 1838 1567 1888 est
1609 1846 1649 1886 a
1681 1823 1876 1888 Sexto
1907 1820 2222 1908 Pompeio
2243 1867 2262 1899 ‚
2297 1819 2420 1882 Cn.

288 1927 518 2016 Pomp.
568 1929 643 1992 F.
676 1928 971 2016 signatus
987 1975 1008 2009 ,
1038 1929 1227 2016 plane
1272 1927 1707 1994 memorabilis
1723 1975 1744 2010 ‚
1785 1949 1984 2016 quem
2029 1925 2424 2012 descripmm

288 2027 507 2094 videre
536 2029 685 2093 lieet
712 2027 889 2116 apud
926 2029 1265 2108 Ursinum,
1298 2051 1445 2117 pag.
1474 2051 1632 2115 219,
1663 2051 1730 2093 n.
1754 2050 1812 2109 1,
1843 2029 1912 2091 in
1943 2027 2136 2090 Thes.
2169 2023 2422 2089 Mon-cll.

284 2147 329 2196 t.
358 2131 461 2212 11,
509 2153 657 2220 pag.
696 2129 855 2218 3373
889 2129 1223 2210 Vesulum,
1274 2129 1500 2194 Famil.
1531 2131 1722 2194 Rom.
1761 2143 1807 2194 t.
1832 2130 1932 2210 ΙΙ,
1981 2151 2127 2217 pag.
2163 2127 2322 2213 269,
2359 2141 2426 2190 et

287 2233 410 2297 tab.
447 2232 687 2314 CXIV,
714 2255 783 2296 n.
817 2255 927 2320 173
954 2233 1226 2296 Carrei-a
1251 2231 1552 2296 Monam.
1582 2233 1806 2296 Catan.
1845 2231 1976 2294 tab.
2013 2229 2198 2312 vlu,
2223 2249 2290 2290 n.
2315 2225 2423 2307 45,

284 2362 347 2427 p.
378 2337 509 2426 293
527 2362 547 2420 ς
566 2339 734 2403 Petr.
754 2341 875 2402 Bm
892 2338 1115 2402 manni
1142 2340 1510 2402 Comment.
1543 2336 1624 2401 ad
1656 2337 1980 2402 Numism.
2011 2335 2136 2399 Sic.
2169 2357 2232 2423 p.
2265 2333 2424 2419 319,

287 2455 349 2506 et
390 2441 463 2504 in
512 2441 981 2530 Nummophyl.
1026 2439 1413 2504 Schulziano
1430 2487 1449 2520 ,
1498 2463 1564 2528 p.
1604 2437 1757 2516 234.
1813 2439 1888 2500 In
1934 2436 2196 2501 adversa
2245 2451 2429 2524 parte

287 2542 459 2608 Sexti
510 2543 809 2631 Pompeii
860 2557 1055 2632 eaput
1107 2559 1207 2608 est
1262 2565 1413 2606 cum
1468 2541 1815 2632 epigraphe
1875 2539 2183 2605 MAGnus
2237 2537 2426 2602 PIVS

286 2643 658 2708 IMPerator
670 2643 1020 2708 ITERum:
1042 2659 1193 2708 ante
1215 2643 1438 2727 lituus,
1463 2661 1637 2732 pone
1658 2657 1900 2732 guttus.
1923 2643 2000 2706 In
2026 2641 2220 2706 altera
2246 2655 2429 2729 parte

288 2746 527 2836 leg-itur
561 2745 832 2812 PRAEF.
877 2748 1162 2811 CLAssis
1193 2748 1306 2811 ET
1338 2745 1544 2810 011AE
1573 2743 1996 2810 MARITimoe
2020 2743 2140 2806 Ex
2168 2743 2430 2808 Senatus

289 2846 623 2928 consulte,
649 2862 716 2911 et
742 2848 1043 2912 visuntur
1078 2865 1209 2912 tres
1245 2869 1540 2936 personae
1555 2894 1574 2929 ,
1607 2869 1884 2936 quarum
1917 2846 2128 2910 media
2150 2845 2434 2933 aliquun-

289 2965 429 3011 tum
475 2948 783 3012 inclinata
820 2947 1041 3030 dextra
1072 2964 1252 3014 tenet
1288 2951 1700 3014 aerostolium
1726 2998 1744 3031 ‚
1787 2961 1854 3012 et
1875 2947 2174 3012 dextrum
2201 2947 2430 3035 pedem

293 3071 503 3136 [ποτε
538 3050 719 3114 navis
754 3051 1073 3140 imponit:
1102 3053 1433 3139 utrimque
1466 3071 1779 3138 persona,
1805 3071 1952 3136 quoe
1982 3047 2273 3112 humeris
2305 3047 2432 3112 im-

290 3151 583 3238 positum
614 3167 841 3242 gestat.
871 3153 951 3216 In
986 3153 1092 3217 his
1123 3152 1548 3239 Amphinomi
1581 3167 1646 3217 et
1663 3150 1946 3238 Anapiae‚
1963 3151 2234 3212 fratrum
2249 3151 2435 3213 Cata-

292 3253 620 3335 nensium,
636 3255 942 3342 pietatem
966 3277 1114 3346 erga
1132 3271 1429 3343 parentes
1450 3253 1686 3342 signari
1709 3253 1993 3315 fatentur
2011 3273 2434 3315 nummorum

290 3355 699 3443 interpretes.
727 3358 945 3444 Atque
974 3357 1019 3420 ii
1046 3356 1400 3444 respiciunt
1430 3353 1514 3418 ad
1543 3369 2055 3442 cognomentum
2092 3353 2225 3434 Pii,
2255 3349 2436 3441 quod

290 3455 682 3520 attributum
694 3455 889 3521 Sexto
925 3457 1241 3546 Pompeio
1274 3457 1339 3519 in
1374 3455 1663 3519 nummis
1695 3471 1814 3536 est,
1829 3454 2010 3542 quod
2035 3454 2306 3544 receptis
2343 3454 2436 3516 ci-

290 3556 481 3621 vibus
500 3605 521 3638 ‚
552 3556 1075 3624 Triumvirorum
1125 3557 1628 3648 proscriptiones
1687 3555 2150 3646 effugientibus
2170 3604 2189 3636 ‚
2239 3554 2440 3643 patris

290 3659 635 3746 fratrisque
660 3659 903 3723 caedem
924 3660 1251 3726 vindicare
1276 3658 1548 3724 studuit.
1577 3661 1859 3722 Caeteros
1890 3657 2178 3746 Pompeii
2209 3657 2437 3721 titulos

289 3758 419 3824 hoc
450 3783 729 3825 nummo
758 3761 1067 3851 legendos
1084 3786 1260 3827 nunc
1281 3778 1612 3850 praetereO.
1631 3759 1756 3826 Sed
1772 3759 2027 3825 Pietatis
2063 3759 2437 3848 symbo⁴1um

290 3885 329 3926 a
353 3863 659 3928 fratribus
691 3863 919 3929 Siculis
945 3865 1131 3955 petiit
1154 3865 1323 3928 hanc
1350 3865 1626 3929 maxime
1653 3863 1740 3927 ob
1768 3883 2055 3926 caussam
2074 3911 2092 3943 ,
2120 3859 2300 3948 quod
2332 3860 2428 3922 rei

294 3965 502 4030 navali
534 3988 573 4030 a
609 3983 837 4031 senatu
874 3967 1209 4056 praefectus
1242 3966 1518 4030 Siciliam
1557 3966 1753 4029 classe
1789 3963 2127 4052 occupavit
2151 4011 2167 4044 ,
2216 3977 2280 4026 et
2323 3960 2434 4024 diu

295 4065 509 4129 tenuit
549 4082 775 4132 contra
814 4069 1127 4134 Caesarem
1159 4070 1524 4157 Augustum
1546 4116 1562 4149 ,
1597 4068 1708 4155 qui
1745 4089 1895 4130 eum
1917 4114 1935 4147 ,
1968 4067 2087 4130 hac
2122 4063 2436 4153 dignitate

294 4167 675 4254 spoliatum,
739 4170 1073 4257 aliquoties
1108 4173 1344 4235 frustra
1381 4169 1638 4258 petivit,
1665 4183 1740 4231 ut
1771 4167 1944 4255 apud
1983 4167 2258 4232 Dionem
2295 4169 2446 4230 Cas-
