2975 4684
500 364 634 438 522

1339 371 1788 441 INCERTI

588 494 677 561 Et
713 517 923 588 prope
955 507 1370 588 consumptae
1400 495 1579 562 vires
1614 493 1988 564 redduntur
2019 495 2313 567 Achivis.

589 604 748 672 Non
788 617 1012 671 tamen
1049 603 1302 673 Atridae
1340 604 1729 699 chryseidis
1760 603 2007 675 excidit
2045 605 2283 676 ardor:

593 717 874 801 Moeret,
907 729 976 783 et
1005 715 1280 784 amissos
1307 714 1629 810 deceptus
1665 712 1850 810 luget
1882 739 2167 786 amores.

592 827 756 894 Mox
797 841 988 920 rapta
1025 849 1346 920 magnum
1383 824 1679 895 Briseide
1720 824 1939 919 privat
1972 825 2336 911 Achillem,

593 932 996 1030 Solaturque
1033 961 1190 1006 suos
1226 934 1458 1006 alienis
1502 935 1771 1031 ignibus
1808 936 2015 1031 igneS.

691 1051 780 1117 At
815 1045 994 1116 ferus
1029 1048 1336 1118 AEacides
1379 1047 1637 1118 nudato
1677 1049 1989 1143 protinus
2022 1073 2180 1118 ense

591 1157 834 1227 Tendit
869 1159 935 1227 in
967 1158 1248 1229 Atriden
1272 1213 1291 1240 ,
1317 1160 1424 1230 cui
1445 1209 1465 1246 ,
1498 1159 1570 1227 ni
1606 1159 1733 1227 sibi
1766 1158 2001 1230 reddat
2028 1159 2323 1231 honestae
2592 1186 2641 1240 7⁵

591 1269 876 1337 Munera
913 1267 1206 1356 militiae,
1235 1268 1440 1339 letum
1477 1269 1747 1339 crudele
1780 1272 2099 1342 minatur.

589 1380 734 1450 Nec
765 1379 990 1448 minus
1029 1378 1141 1448 ille
1181 1395 1377 1475 parat
1411 1395 1651 1449 contra
1686 1379 2045 1450 defendere
2088 1405 2263 1468 sese,

592 1487 680 1554 Et
717 1489 844 1556 nisi
881 1504 1062 1558 casta
1099 1515 1308 1559 manu
1342 1489 1563 1560 Pallas
1600 1492 1923 1563 tenuisset
1948 1490 2312 1580 Achillem,

593 1600 890 1692 Turpem
920 1625 1135 1670 caecus
1175 1626 1368 1671 amor
1409 1601 1653 1671 famam
1694 1599 1992 1696 liquisset
2026 1603 2097 1671 in
2132 1627 2344 1671 aevum

592 1709 927 1780 Gentibus
968 1710 1300 1807 Argolicis
1336 1737 1354 1782 ε
1395 1727 1753 1782 contentus
1796 1738 1960 1784 voce
1990 1715 2363 1808 minisque,
2596 1737 2648 1773 ⁸0

566 1907 651 1973 69.
693 1910 756 1956 Ee
798 1925 951 1975 prope
1003 1921 1317 1976 consumpta.
1363 1905 1523 1960 Hunc

493 2002 702 2037 versum
746 1986 802 2039 in
843 1999 1092 2040 contextu
1128 1986 1328 2041 omittit
1363 1985 1431 2040 G.
1463 2005 1487 2040 1
1506 2033 1522 2058 ,

491 2063 586 2118 sed
629 2063 684 2118 in
721 2067 956 2138 margine
995 2079 1238 2132 notatur,
1277 2067 1428 2120 hunc
1463 2067 1519 2119 in

491 2143 608 2196 aliis
644 2147 1038 2218 exemplaribus
1075 2145 1219 2199 addi.

561 2241 651 2294 70.
695 2230 808 2278 Non
835 2241 998 2279 tamen
1024 2231 1191 2280 Avidi
1209 2227 1275 2280 G.
1301 2245 1348 2280 ι.

565 2303 651 2372 73.
675 2308 876 2374 Ignibus
896 2311 1066 2376 ignes,
1097 2319 1156 2360 ut
1181 2305 1342 2360 ovid.
1357 2305 1517 2360 Trist.

491 2381 596 2448 IV,
639 2385 670 2437 3
689 2422 705 2449 ,
753 2386 845 2450 65,
899 2387 1269 2458 «compescuit
1309 2387 1519 2458 ignibus

489 2460 636 2533 ignes
655 2491 696 2517 -.
717 2466 832 2518 Pari
849 2467 1108 2519 sententia
1121 2467 1242 2518 val.
1265 2466 1486 2519 Flaccus
1500 2507 1517 2530 ,

489 2543 544 2595 11
561 2583 576 2604 ,
613 2543 740 2610 151,
783 2565 846 2598 ex
873 2545 1244 2600 emendatione
1267 2546 1467 2600 Heinsii
1498 2568 1512 2601 :

501 2649 522 2668 ιι
543 2625 790 2678 Attamen
813 2623 916 2678 hos
937 2627 1055 2680 aliis
1083 2628 1260 2696 forsan
1281 2627 1521 2682 solabere

489 2720 644 2758 cesus
659 2705 748 2761 Tu
775 2705 1022 2759 thalamis
1051 2731 1094 2760 ι.
1122 2707 1486 2773 Quintilianus
1502 2747 1517 2774 ‚

489 2783 725 2836 Declam.
758 2785 844 2850 11,
883 2785 952 2840 3:
1001 2813 1025 2834 ι
1057 2787 1171 2839 Hoc
1195 2788 1383 2859 Juveni
1421 2787 1522 2840 fuit

490 2863 772 2918 consilium
794 2908 808 2932 ,
850 2878 909 2919 ut
935 2879 1102 2937 pater,
1139 2868 1228 2920 cui
1253 2867 1525 2921 matrimo-

489 2945 638 2997 nium
691 2945 972 3019 filiumque
1014 2948 1300 3001 abstulerat
1348 2949 1524 3002 incen-

489 3023 638 3078 dium
659 3065 674 3090 ,
701 3025 914 3080 residua
951 3027 1232 3081 senectutis
1261 3027 1363 3082 alia
1389 3030 1525 3082 sola·

489 3117 636 3159 retur
657 3125 824 3159 uxore
842 3133 882 3157 ιι.

563 3185 651 3256 75.
687 3191 750 3238 Ec
785 3190 841 3238 ιη’
880 3189 974 3238 sibi
1007 3191 1186 3238 reddat
1201 3207 1222 3238 .·
1248 3187 1324 3241 sic
1362 3188 1519 3240 Basil-

493 3269 631 3330 quod
646 3267 702 3315 m’
716 3267 808 3315 sibi
827 3261 896 3317 G.
923 3283 972 3317 1.
999 3269 1086 3333 qui
1103 3269 1160 3318 m'
1176 3269 1268 3318 sibi
1290 3269 1353 3319 Α.
1377 3278 1430 3319 et
1456 3267 1518 3320 L.

491 3353 543 3396 et
567 3342 671 3396 hoc
701 3355 1028 3414 postremum
1051 3346 1272 3416 protuli.
1310 3377 1382 3388 --
1412 3345 1519 3400 Sed

491 3439 588 3494 ego
623 3433 676 3476 et
718 3422 860 3476 hanc
897 3423 1178 3478 lectionem
1223 3424 1282 3478 in
1327 3425 1520 3480 melius

491 3502 797 3570 imm'utavi,
819 3515 874 3556 et
898 3503 1119 3576 scripsi,
1145 3509 1245 3557 cui.
1266 3505 1372 3558 En.

562 3585 650 3652 76.
682 3587 893 3635 Munera
917 3585 1115 3636 utilitia.
1149 3585 1361 3638 Rectius
1375 3604 1516 3653 pra·-

489 3666 591 3714 mia
619 3661 869 3717 dixisset:
897 3681 1020 3716 nam
1051 3663 1292 3736 intelligit
1323 3664 1517 3718 Brisei-

491 3741 612 3795 dem
635 3780 651 3806 ,
670 3761 790 3815 quae
809 3742 866 3795 in
887 3741 1165 3814 praemium
1187 3741 1339 3809 belli,
1361 3743 1517 3814 quasi

489 3822 668 3893 praeda
697 3835 750 3876 et
775 3822 1002 3894 spolium
1022 3861 1039 3887 ,
1061 3835 1288 3876 cesserat
1303 3823 1515 3876 Achilli.

565 3903 653 3972 78.
689 3909 757 3955 Ee
791 3905 892 3954 nisi
929 3917 1074 3955 easta
1117 3923 1284 3955 manu.
1316 3906 1519 3957 Auctor

490 3981 758 4054 Epitomes
793 3981 1038 4035 ordinem
1069 3993 1122 4037 et
1155 3984 1517 4036 narrationem

491 4079 670 4111 rerum
699 4062 938 4131 paullum
971 4073 1138 4114 mutet
1180 4063 1248 4115 ab
1283 4063 1519 4116 Homero

491 4138 818 4190 observatam
829 4177 839 4188 .
856 4137 1389 4196 HomerusAchillem
1407 4161 1522 4195 uar-

1608 1918 1693 1959 rat
1714 1923 1895 1960 ensem
1912 1907 2141 1962 voluisse
2158 1907 2413 1980 stringere
2432 1908 2490 1960 in
2511 1909 2645 1979 Aga-

1610 2003 1950 2039 memnonem
1971 2028 1988 2053 ,
2012 1997 2065 2040 et
2100 2007 2131 2040 a
2159 1987 2401 2042 Minerva
2434 1987 2645 2040 cohibi-

1607 2079 1722 2120 tum
1749 2083 1863 2119 esse
1880 2107 1895 2132 ,
1920 2081 2203 2138 antequam
2232 2067 2427 2122 Briseis
2450 2067 2647 2120 Achilli

1609 2147 1922 2200 auferretur.
1949 2146 2143 2201 Noster
2168 2147 2237 2201 de
2264 2167 2326 2200 ea
2350 2147 2647 2200 eontentio-

1606 2243 1675 2280 ne
1692 2265 1707 2289 ,
1743 2227 1891 2300 quasi
1922 2239 2041 2299 post
2080 2228 2311 2282 ablatam
2346 2226 2643 2282 Briseidem

1612 2307 1781 2374 faeta,
1814 2307 2069 2380 loquitur.

1680 2407 1764 2458 79.
1804 2393 2007 2456 ssopem
2044 2407 2207 2439 eoecus
2248 2406 2394 2438 arnor·
2408 2388 2637 2456 famam.

1607 2470 1725 2521 Non
1746 2466 1854 2521 hoc
1876 2467 1944 2520 ed
1970 2477 2201 2520 mentem
2222 2465 2441 2518 Homeri
2462 2504 2480 2531 ,
2500 2478 2555 2520 et
2575 2465 2645 2520 ad

1608 2565 1783 2601 mores
1826 2546 2122 2620 priscorum
2167 2546 2395 2599 heroum
2436 2545 2645 2601 dictum

1609 2627 1823 2681 videtur
1846 2627 1939 2700 qui
1972 2627 2076 2680 sibi
2103 2626 2325 2680 minime
2352 2639 2515 2698 turpe
2540 2645 2641 2699 pu·

1608 2717 1789 2762 terunt
1818 2707 1999 2762 furore
2022 2705 2219 2760 amoris
2244 2717 2463 2778 propter
2488 2706 2644 2778 puel-

1610 2788 1717 2840 lam
1760 2788 1813 2839 in
1853 2805 2000 2840 arma
2034 2786 2137 2858 agi.
2166 2784 2270 2838 Sed
2298 2784 2517 2839 videtur
2555 2804 2643 2838 rs·

1612 2867 1811 2921 tionem
1840 2870 1953 2940 ejus
1980 2865 2109 2919 dicti
2134 2885 2165 2920 e
2190 2866 2363 2919 verbis
2388 2865 2643 2930 Achillis,

1613 2968 1664 3001 v.
1693 2949 1793 3016 298
1814 2984 1829 3010 ‚
1855 2947 2069 3020 petiisse
2088 2987 2103 3012 ,
2126 2947 2321 3017 quihus
2352 2944 2607 2999 adfirmat
2622 2985 2637 3006 ‚

1613 3027 1813 3080 scilicet
1838 3027 2070 3080 monitus
2094 3045 2123 3078 a
2152 3023 2367 3080 Pallade
2388 3066 2403 3090 ,
2434 3043 2493 3077 se
2518 3025 2641 3097 qni-

1613 3105 1733 3159 dem
1750 3124 1936 3160 caussa
1954 3105 2140 3176 puella
2158 3123 2264 3156 non
2278 3115 2641 3176 pugnaturum

1616 3187 1893 3239 manibus:
1924 3191 2080 3258 Χιρσὶ
2104 3185 2191 3256 μὶν
2224 3187 2329 3240 οὔτι
2355 3189 2511 3258 ἔγωγε
2539 3207 2641 3256 μα·

1608 3269 1831 3340 χῆσομαι
1864 3268 2027 3321 sivae.
2054 3267 2245 3337 κούρης.

1680 3347 1767 3400 80.
1796 3348 2027 3398 Gentibus
2044 3345 2307 3414 Argolicis.
2328 3343 2397 3398 G.
2416 3363 2445 3397 ι
2472 3345 2639 3396 tond-

1608 3429 1697 3476 bus
1714 3427 1964 3494 ArgoIicae's
1976 3462 1992 3484 ,
2013 3421 2283 3476 mendose.
2310 3453 2379 3466 -
2396 3422 2640 3494 'vulgatu

1608 3502 1865 3573 edd-Bas.
1880 3515 1935 3557 et
1944 3501 2149 3574 Spond.
2166 3503 2347 3574 legunt
2364 3517 2639 3571 conoempaea

1606 3603 1764 3645 ὐοοος
1790 3583 1912 3637 cod.
1946 3585 2007 3636 A.
2044 3593 2097 3636 et
2132 3581 2214 3635 ed.
2249 3583 2313 3634 L.
2342 3583 2503 3635 habet
2522 3601 2639 3648 eop-

1604 3679 1811 3732 temptas
1832 3681 2027 3735 nempe
2045 3661 2312 3715 Achilles.-
2332 3661 2495 3715 Unde
2520 3662 2638 3733 lego

1596 3757 1861 3812 ‘contentas
1878 3763 2007 3796 voce
2028 3745 2295 3810 minisque,
2316 3741 2373 3794 h.
2398 3759 2447 3794 e.
2464 3741 2637 3794 Achil-

1608 3821 1683 3876 les
1704 3834 1983 3876 contentus
2002 3841 2139 3874 voce
2157 3863 2172 3889 ,
2192 3821 2453 3875 conviciis
2470 3834 2525 3875 et
2544 3820 2636 3873 mi-

1606 3903 1690 3956 nis
1728 3902 2024 3957 decertasse
2055 3919 2178 3954 cum
2208 3901 2631 3972 Agamemnone,

1608 4003 1717 4037 nou
1762 3983 2009 4036 manibus
2042 3993 2095 4035 et
2132 3982 2275 4034 ferro
2308 3981 2453 4049 (hoc
2492 3981 2631 4033 enim

1608 4063 1655 4117 ei
1694 4075 2011 4134 praeceperat
2045 4061 2351 4130 Minerva),
2380 4061 2627 4113 ultionem

1608 4143 1819 4214 injurio
1848 4144 1947 4196 sibi
1968 4142 2127 4195 illatae
2152 4143 2283 4214 petit
2304 4160 2337 4194 a
2365 4153 2549 4194 mnu-e.
