2975 4684
517 373 656 444 528

1375 370 1792 441 INCERTI

607 501 1076 592 Compressam
1120 494 1268 563 miti
1311 492 1567 563 sedavit
1598 508 1866 588 pectore
1902 493 2167 562 turbam
2188 548 2208 582 ,

608 603 1356 702 Admonuitque⁴duces
1399 604 1633 693 dictis,
1671 630 1987 700 responsa
2024 606 2381 676 recordans
2584 627 2654 672 ιιι

605 719 955 813 Temporis
994 714 1210 802 illius,
1241 739 1378 808 quo
1413 715 1595 784 visus
1636 716 1707 784 in
1747 714 1989 787 Aulide
2030 741 2303 812 serpens

607 825 1042 922 Consumpsit
1078 823 1427 894 volucrum
1463 825 1568 894 bis
1609 841 1899 920 quatuor
1940 827 2181 898 arbore
2220 827 2431 914 fetu3‚

607 947 830 1036 Atque
868 941 1076 1033 ipsam
1111 935 1404 1006 invalido
1436 952 1847 1032 pugnantem
1886 954 2157 1033 pectore
2195 953 2434 1009 contra

615 1049 894 1120 Addidit
925 1065 1226 1119 extremo
1261 1061 1575 1116 natorum
1617 1046 1847 1118 funere.
1886 1064 2191 1118 matrem.

703 1161 868 1231 Infit
888 1158 1131 1229 deinde
1149 1183 1387 1227 senex:
1413 1161 1733 1244 «Manem,
1755 1173 2251 1252 remaneteque,
2281 1157 2546 1243 Achivi,
2586 1177 2658 1216 ¹⁵0

605 1278 685 1345 In
725 1271 984 1342 decimo
1012 1268 1202 1339 labor
1237 1283 1374 1357 est,
1409 1293 1611 1362 quem
1644 1266 1932 1338 Calchas
1968 1268 2259 1354 dixerat,
2290 1291 2511 1350 ann0‚

607 1385 767 1473 Quo
805 1381 1071 1452 caderet
1107 1382 1420 1448 Danaum
1458 1378 1851 1450 victricibus
1886 1378 2061 1450 Ilion
2106 1379 2381 1449 armis».

507 1601 632 1638 suos
667 1581 877 1653 signare
891 1618 907 1645 ,
937 1577 1180 1649 exemplo
1223 1577 1442 1630 Homeri
1483 1587 1537 1630 et

461 1681 471 1690 ·
507 1663 763 1715 aliorum:
785 1657 944 1732 quale
961 1671 1038 1712 est
1055 1656 1159 1711 alio
1176 1658 1294 1710 loco
1313 1658 1535 1709 Nestoris

508 1757 630 1795 oeeas
641 1779 657 1804 ,
681 1759 778 1812 pro
804 1740 920 1812 ipso
945 1740 1164 1793 Nestore
1178 1779 1195 1806 ‚
1212 1740 1433 1790 Menelai
1452 1754 1538 1787 ar-

508 1827 616 1884 dor,
645 1823 806 1873 Ithaci
822 1821 1022 1870 solercia
1037 1857 1052 1879 ,
1079 1831 1132 1872 et
1148 1823 1308 1871 vinus
1333 1819 1535 1868 Catonis

507 1900 649 1975 apud
675 1899 974 1954 Horatium.

585 1988 700 2047 144.
721 1984 1053 2049 Compi-essum
1071 1981 1174 2030 uniti
1187 1981 1389 2030 sedavit.
1409 1977 1537 2030 For-

507 2073 644 2114 tasse
695 2059 922 2133 petitum
967 2071 1047 2112 est
1095 2077 1160 2111 ex
1214 2057 1298 2109 his
1322 2055 1534 2127 Virgilii

505 2140 700 2211 Georg.
735 2140 838 2202 lv,
865 2139 933 2192 86
953 2155 968 2189 z
992 2137 1101 2189 «Hi
1129 2148 1302 2190 motus
1328 2135 1535 2189 animo-

505 2237 628 2273 rum
677 2229 838 2290 atque
885 2217 1000 2270 haee
1049 2215 1341 2270 certamino
1388 2227 1535 2269 tanta

505 2298 739 2353 Pulveris
797 2297 972 2368 exigui
1035 2297 1175 2364 iactu
1235 2313 1537 2368 compressa

504 2379 777 2452 quiescent
799 2401 840 2428 ιι.
867 2376 936 2427 Et
970 2380 1142 2427 sedato
1170 2391 1368 2444 peecare
1405 2373 1537 2428 dicit

507 2458 655 2528 Virg.
673 2459 799 2508 AEn.
827 2453 938 2518 lx,
972 2463 1096 2525 740.

581 2539 698 2600 145.
721 2541 975 2603 Responsa
993 2539 1264 2588 recordans
1287 2538 1535 2603 stmpon's

475 2673 480 2686 1
504 2617 652 2668 illius.
673 2614 754 2667 Cl.
773 2611 1096 2666 Bondamius
1121 2653 1136 2677 ,
1152 2631 1278 2687 pag.
1302 2620 1400 2677 144
1415 2651 1430 2676 ,
1458 2615 1535 2666 ef-

505 2695 692 2749 fictum
713 2703 860 2766 putat
879 2711 940 2746 ex
965 2691 1052 2746 his
1073 2692 1232 2746 Ovid.
1251 2694 1376 2746 Met.
1399 2694 1529 2745 280:

503 2801 528 2822 ιι
547 2785 750 2847 quanto
795 2791 960 2843 cogor
1001 2772 1304 2826 meminisse
1346 2771 1535 2824 dolore

500 2852 782 2925 Temporis
813 2851 983 2918 iliius,
1007 2870 1117 2923 quo
1153 2851 1376 2904 Graium
1410 2870 1533 2904 mu·

501 2953 596 2988 rus
614 2932 846 2987 Achilles
869 2931 1164 2984 Procubuit
1181 2958 1226 2984 a.

581 3032 605 3067 1
615 3022 699 3084 47.
720 3001 1023 3080 Consumpsi]
1032 3015 1310 3065 volucrum.
1323 3010 1428 3063 Vix
1443 3008 1535 3063 du-

499 3093 648 3146 bium
679 3105 754 3146 est
772 3134 787 3159 ,
817 3103 1086 3145 auctorem
1118 3091 1208 3143 hic
1238 3089 1529 3162 respexisse

503 3171 754 3227 Ovidium
775 3208 791 3234 ,
821 3169 953 3223 Met.
1001 3171 1108 3222 XII
1129 3209 1144 3234 ,
1181 3171 1241 3224 15
1267 3188 1281 3222 ε
1321 3167 1531 3224 «Nidus

503 3264 618 3306 erat
642 3252 920 3304 volucrum
957 3251 1038 3302 bis
1073 3261 1302 3323 quatuor
1337 3249 1527 3303 arbore

502 3351 707 3386 summa
723 3370 738 3396 ‚
759 3331 906 3395 Quas
929 3330 1084 3382 simul
1111 3343 1161 3382 et
1185 3341 1403 3382 matrem
1425 3328 1527 3382 cir·

501 3431 626 3468 cum
647 3429 742 3464 sua
763 3409 957 3463 damna
973 3409 1240 3462 volantem
1261 3408 1530 3480 Corripuit

501 3509 770 3565 sei-pensa.
799 3489 1090 3542 Dussenius
1106 3525 1122 3552 ,
1145 3506 1200 3559 p.
1235 3491 1298 3542 18
1315 3526 1331 3552 ,
1356 3507 1418 3542 ex
1445 3489 1530 3542 his

498 3571 715 3647 conjicit
727 3610 743 3637 ,
762 3581 1034 3624 auctorem
1056 3566 1326 3639 scripsisse
1343 3594 1369 3615 α
1381 3568 1530 3621 volu-

498 3671 650 3708 crum
677 3649 756 3703 bis
788 3661 1021 3721 quatuor
1051 3647 1240 3700 arbore
1269 3647 1456 3700 nidum
1483 3673 1531 3714 -,

501 3733 586 3787 vel
601 3733 746 3783 nidos
756 3751 777 3791 ,-
794 3742 846 3783 et
859 3729 1036 3800 pullos
1047 3727 1333 3800 aviumque
1348 3727 1483 3780 fetus
1499 3746 1532 3781 a

496 3813 667 3885 poetis
695 3811 920 3882 aliisque
951 3809 1296 3881 scriptoribus
1323 3808 1529 3880 egregie

500 3897 645 3946 nidos
663 3890 846 3942 vocari
863 3901 1063 3943 monet.
1085 3889 1201 3942 Hoc
1221 3887 1318 3941 etsi
1341 3907 1527 3939 verum

499 3984 597 4034 est,
613 3983 884 4041 propterea
905 3981 1082 4023 tamen
1103 3967 1246 4041 apud
1269 3969 1523 4021 Nostrum

502 4055 645 4102 nidos
668 4052 918 4120 proferres
945 4049 1116 4120 legere
1143 4067 1252 4102 non
1280 4065 1523 4112 necesse,

496 4145 596 4180 nec
616 4126 889 4197 probabile
908 4139 1001 4180 est.
1023 4127 1160 4180 Nam
1181 4129 1350 4178 nidum
1371 4145 1400 4178 a
1423 4126 1526 4178 for·

1626 1594 1715 1630 ma
1728 1578 1873 1632 vocis
1875 1578 2018 1645 fetus
2033 1617 2047 1640 ,
2061 1595 2224 1650 quun
2240 1595 2429 1631 omnes
2445 1573 2657 1630 codices

1624 1670 1838 1711 servant
1852 1695 1867 1722 ,
1888 1657 2111 1711 nimium
2133 1657 2343 1710 aberrat
2362 1695 2379 1720 ,
2398 1669 2450 1710 et
2472 1668 2656 1710 auctor

1624 1736 1830 1790 etiamsi
1876 1738 2105 1810 respexit
2144 1736 2401 1791 Ovidium
2424 1779 2441 1806 ,
2486 1737 2657 1790 noluit

1621 1827 1803 1869 tamen
1837 1817 1995 1890 plane
2030 1817 2343 1872 exscribere.
2393 1818 2463 1871 G.
2495 1838 2526 1872 s
2557 1817 2654 1870 ha-

1624 1896 1715 1949 bet
1733 1899 1805 1947 bis·
1822 1912 2031 1964 quantor
2050 1901 2103 1950 in
2126 1899 2319 1950 arbore.

1702 1977 2061 2048 148.Vulgstae
2072 1995 2257 2030 omnes
2272 1975 2479 2030 habent
2493 1982 2656 2045 Aeque

1620 2055 1779 2124 ipsam
1797 2058 1989 2108 valido.
2010 2056 2301 2109 Bussenius
2315 2094 2331 2119 ,
2352 2076 2411 2129 p.
2434 2075 2529 2123 ιο,
2547 2074 2655 2109 sen·

1622 2135 1693 2188 sit
1710 2135 2052 2188 scribendum
2075 2153 2187 2189 esse
2212 2138 2462 2198 invalido,
2494 2135 2655 2207 idque

1624 2215 1799 2284 ipsum
1816 2213 2189 2268 confirmatum
2202 2213 2309 2268 vidi
2322 2212 2515 2268 codice
2524 2215 2591 2268 G.
2611 2234 2655 2280 1,

1624 2293 1719 2366 qui
1745 2294 1954 2366 prafert
1972 2298 2181 2367 «Atque
2206 2295 2374 2366 ipsam
2412 2292 2653 2348 invalido

1622 2385 1947 2446 pugnantem
1976 2392 2198 2446 corpore
2225 2386 2411 2428 contra
2428 2380 2650 2427 -.-Pe-

1624 2469 1757 2506 otor-e
1800 2467 1853 2508 et
1890 2475 2093 2524 corpore
2139 2472 2275 2526 sape
2316 2455 2652 2526 multumque

1622 2534 1942 2587 commutari
1962 2552 1993 2587 a
2008 2534 2243 2587 librariis
2258 2534 2509 2588 novimus
2522 2552 2537 2598 3
2552 2533 2651 2586 hoc

1620 2612 1743 2666 loco
1776 2625 1955 2666 tamen
1990 2613 2120 2686 quid
2162 2614 2349 2668 melius
2378 2613 2477 2678 sit,
2507 2612 2649 2667 diffi-

1624 2692 1727 2744 cile
1752 2705 1832 2746 est
1860 2691 2161 2746 adfirmare.

1699 2771 1818 2824 150.
1838 2771 2073 2844 Vulgatae
2094 2773 2296 2827 habent
2314 2775 2493 2842 Inquit
2512 2775 2650 2824 dein-

1622 2854 1719 2912 de,·
1743 2849 1889 2921 quod
1911 2851 2146 2924 ineptum
2160 2865 2382 2924 putans,
2408 2871 2439 2904 e
2464 2851 2650 2905 codice

1620 2928 1687 2982 G.
1720 2947 1743 2982 1
1770 2934 1893 3002 Infit
1920 2931 2153 3002 reposui.
2190 2931 2251 2984 In
2291 2931 2514 3003 reliquis
2541 2949 2649 2983 ver-

1624 3009 1706 3062 bis
1742 3011 1971 3063 multum
2012 3011 2263 3064 variatur.
2305 3010 2375 3063 G.
2424 3030 2446 3064 1
2486 3011 2649 3064 habet

1617 3093 1740 3161 Irfit
1769 3095 1950 3143 deinde
1990 3111 2174 3154 senet,
2217 3111 2391 3144 moneo
2428 3111 2647 3143 remone-

1620 3173 1776 3238 boque
1792 3173 1983 3223 Achivi.
2019 3170 2085 3224 G.
2110 3191 2137 3224 2
2164 3177 2283 3222 Tum
2322 3174 2393 3222 sie
2420 3174 2541 3222 inde
2570 3190 2645 3222 se·

1618 3270 1754 3311 nex,
1792 3269 1966 3302 moneo
2004 3265 2241 3302 removete
2272 3253 2465 3302 Achivi.
2502 3251 2643 3302 Ann.

1614 3341 1667 3381 et
1696 3329 1841 3402 Lips.
1872 3349 2047 3382 moneo
2080 3345 2425 3397 reinaneteque
2448 3331 2640 3382 Achivi.

1614 3409 1803 3463 Torini
1843 3421 1895 3461 et
1937 3408 2215 3481 Spondani
2235 3409 2365 3464 edd.
2395 3409 2641 3462 exhibent

1617 3509 1825 3550 maneo,
1858 3504 2205 3558 romanamque
2235 3491 2447 3542 Achivi·-
2478 3509 2642 3562 quam

1616 3568 1895 3622 lectionem
1956 3569 2213 3640 optimam
2258 3582 2417 3640 puto,
2476 3581 2529 3622 et
2580 3589 2639 3622 ex

1617 3648 1852 3702 Homero
1896 3648 2294 3711 confirmatam,
2344 3647 2502 3730 Iiiad.
2549 3649 2602 3700 11
2621 3687 2639 3712 ,

1622 3729 1749 3792 331,
1778 3729 1874 3782 ubi
1894 3729 2111 3802 Ulysses
2132 3737 2343 3781 monet:
2366 3737 2482 3811 AQ’
2514 3730 2603 3803 ᾶγι
2618 3767 2634 3792 ,

1620 3811 1825 3882 μίμνιη
1876 3811 2063 3872 πάντ-ις
2103 3805 2391 3881 &iias-iapida
2436 3811 2632 3880 Δχαιοὶ·

1614 3889 1827 3943 Scilicet
1884 3887 2024 3962 apud
2084 3888 2377 3940 Homerum
2434 3888 2635 3960 Ulyssis

1614 3968 1787 4020 oratio
1838 3981 1942 4034 est,
1988 3987 2149 4041 qnam
2194 3969 2389 4022 Noster
2432 3967 2633 4022 Nestori

1615 4047 1815 4101 tribuit.

1692 4129 1811 4180 151.
1832 4133 1893 4179 In
1922 4131 2111 4179 decimo
2140 4131 2281 4180 labor
2304 4141 2406 4188 est,
2442 4128 2495 4178 h.
2514 4147 2559 4179 e.
2578 4128 2630 4178 iu
