2975 4684
501 357 634 440 242

1222 342 1566 414 SALEII
1631 341 1905 410 BASSI

594 477 751 546 Vim
792 469 1194 555 Laertiadae,
1225 466 1615 536 brevitatem
1653 464 1866 532 vincis
1905 461 2190 534 Atridae:

530 621 536 626 ·
598 584 841 655 Dulcia
878 606 996 651 seu
1026 579 1274 664 mavis,
1306 575 1696 670 liquidoque
1728 572 2004 642 fluentia
2043 595 2240 640 cursu

592 694 855 779 Verba,
892 715 1015 760 nec
1054 687 1309 758 incluso
1330 740 1349 772 ‚
1386 685 1502 755 sed
1536 698 1772 779 aperto
1815 683 2094 777 pingere.
2129 681 2328 762 flore,

594 803 851 898 Inclyta
890 800 1197 870 Nestorei
1234 796 1413 866 cedit
1452 795 1576 864 tibi
1617 795 1828 889 gratia
1863 791 2097 862 mellis.

594 920 737 987 Nec
778 928 883 998 te,
926 913 1116 995 Piso,
1145 923 1365 977 tamen
1402 903 1658 1001 populo
1695 905 1819 973 sub
1846 902 2073 998 judice
2111 900 2249 969 sola
2578 923 2633 958 ω

596 1025 935 1096 Mirantur
978 1021 1158 1104 fora3
1202 1018 1316 1088 sed
1354 1041 1710 1086 numerosa
1750 1013 1944 1085 laude
1981 1026 2250 1082 senatus

595 1133 897 1228 Excipit,
932 1145 1001 1199 et
1036 1130 1307 1198 meritas
1348 1127 1568 1196 reddit
1603 1127 1726 1195 tibi
1763 1126 1950 1195 curia
1992 1147 2208 1192 voces,

500 1401 561 1452 fit
576 1399 785 1456 subtilis,
809 1393 1047 1466 gracilis,
1074 1389 1270 1444 tenuis.
1292 1388 1524 1456 Gellius,

500 1479 609 1530 vn
626 1516 644 1542 ‚
666 1483 730 1540 14
748 1515 764 1540 ,
797 1471 977 1545 gracili
1004 1468 1221 1524 dicendi
1242 1469 1424 1540 generi
1442 1469 1523 1522 in-

1609 1391 1778 1442 dulcia
1804 1397 1856 1438 et
1883 1388 2069 1454 liquido
2087 1383 2300 1438 fluentia
2321 1402 2512 1446 cursu,
2537 1403 2642 1438 nec

1609 1471 1802 1522 incluso
1822 1505 1838 1528 ‚
1876 1463 1970 1518 sed
2023 1479 2191 1534 aperto
2233 1463 2400 1518 flore?
2449 1465 2646 1518 Nonne

502 1577 613 1612 esse
639 1567 943 1608 venustatem
974 1565 1026 1604 ee
1051 1552 1359 1602 subtilitatem
1379 1547 1525 1602 dicit.
1608 1557 1793 1618 tropus
1815 1545 1974 1600 unice
1999 1565 2033 1598 a
2059 1545 2216 1598 melle
2243 1543 2312 1598 ad
2337 1563 2646 1600 sermonem

504 1643 693 1691 catena
734 1632 895 1705 igitur
946 1640 1212 1684 structura
1252 1642 1303 1683 et
1358 1647 1524 1682 nexus

504 1717 815 1778 verborum,
851 1723 913 1767 ut
954 1713 1231 1778 compedem
1266 1711 1412 1760 mete-i
1447 1706 1526 1760 di-

502 1810 646 1850 ctum
668 1791 901 1848 vidimus
918 1790 1042 1862 Lyr.
1062 1788 1172 1841 XII
1186 1828 1201 1854 ,
1230 1805 1311 1840 πο.

573 1879 658 1928 61.
684 1876 793 1924 Vim
810 1870 1108 1930 Iaeru'adoe,
1120 1869 1397 1920 brevitatem
1411 1868 1528 1916 vin-

504 1958 573 2006 cis
598 1954 807 2004 Atridae.
824 1949 889 2002 11.
912 1950 1029 2002 111:
1058 1951 1143 2007 ἤτι
1168 1950 1255 2020 μὲν
1276 1950 1526 2008 Μενέλαος

505 2027 839 2106 ἐπιτροχάδην
869 2031 1069 2102 ἀγόρευε
1096 2035 1277 2100 Παῦρα.
1301 2029 1383 2099 μὲν
1415 2029 1524 2080 ἀλλ·

506 2110 631 2164 vid.
667 2109 805 2162 Gell.
834 2108 927 2160 lib.
944 2108 1083 2180 YII,
1122 2125 1174 2158 c.
1202 2113 1286 2170 14.
1324 2105 1528 2157 Banu.

505 2191 710 2246 Gellius
728 2189 762 2240 l.
776 2207 825 2242 c.
854 2187 958 2240 tria
980 2183 1192 2238 dicendi
1210 2203 1400 2256 genera
1414 2185 1528 2255 jam

506 2267 793 2340 antiquitus
828 2265 1019 2319 tradita
1054 2265 1299 2317 observat
1327 2263 1394 2316 ab
1424 2263 1532 2316 Ho-

504 2367 652 2402 mero
670 2347 725 2400 iu
750 2345 918 2398 tribus
949 2342 1148 2408 fuisse;
1180 2342 1530 2414 magnificum

502 2429 558 2480 in
576 2427 768 2500 Ulysse
784 2462 802 2489 ‚
828 2423 1025 2477 subtile
1044 2423 1099 2476 in
1116 2423 1381 2486 Menelao,
1398 2423 1532 2482 mix-

500 2520 617 2560 tum
632 2503 1071 2574 moderatumque
1088 2503 1145 2556 in
1156 2503 1534 2557 Nestore.Ante

502 2585 737 2640 Gellium
771 2582 916 2636 idem
940 2581 1226 2636 discrimen
1261 2593 1532 2637 oratorum

504 2663 911 2719 Homericorum
956 2661 1201 2733 exposuit
1245 2659 1431 2716 Cicero
1474 2662 1533 2714 in

504 2743 651 2803 Brut.
674 2761 788 2814 cap.
816 2763 879 2794 xo
896 2779 910 2804 ‚
938 2753 989 2794 et
1012 2740 1238 2806 Quintil.
1260 2741 1365 2794 XII
1380 2779 1397 2805 ,
1436 2760 1500 2794 xo
1515 2779 1533 2806 ,

506 2828 593 2887 64.
615 2823 681 2877 Et
700 2820 789 2874 alii
806 2835 975 2894 poetae
998 2837 1306 2892 comparare
1329 2839 1453 2874 cum
1472 2821 1535 2874 iis

505 2915 741 2956 oratores
759 2938 776 2965 ‚
804 2919 943 2973 quos
968 2898 1188 2954 laudare
1206 2899 1425 2968 volunt,
1450 2919 1534 2953 so-

504 2981 649 3046 lent;
700 2980 949 3034 Tibullus
984 2981 1290 3044 Messalam,
1337 2981 1437 3047 IV,
1474 2999 1533 3050 1,

510 3065 577 3128 48
595 3103 611 3128 ,
635 3088 661 3108 α
688 3062 809 3114 Non
842 3060 1003 3133 Pylos
1034 3072 1129 3112 aut
1160 3060 1340 3114 Ithace
1362 3071 1536 3116 tantos

509 3143 750 3215 genuisse
774 3142 1020 3197 feruntur
1039 3143 1258 3198 Nestora
1274 3183 1291 3209 ,
1313 3145 1395 3198 vel
1413 3162 1536 3214 par·

512 3241 591 3274 νε
616 3239 869 3292 magnum
890 3220 1055 3274 decus
1084 3223 1229 3278 urbis
1246 3223 1457 3296 Ulyxen
1478 3242 1534 3288 »ς

508 3299 705 3353 Statius
746 3311 945 3370 patrem
984 3319 1139 3356 suum
1160 3342 1176 3368 ‚
1202 3303 1330 3358 Silv.
1363 3306 1435 3369 V,
1472 3305 1536 3370 3,

518 3397 539 3430 1
556 3380 621 3444 14
654 3397 668 3431 :
714 3405 739 3424 α
764 3380 873 3432 Ora
904 3399 1273 3453 supergressus
1298 3385 1437 3456 Pylii
1462 3403 1541 3436 se·

510 3460 595 3510 nis
611 3500 627 3524 ,
651 3476 849 3529 oraque
884 3460 1019 3530 regis
1044 3461 1307 3526 Dulichii,
1336 3464 1539 3535 specie·

511 3557 616 3611 que
630 3555 835 3594 comam
852 3540 1121 3594 subnexus
1140 3553 1413 3614 utraque».
1428 3545 1537 3596 Au-

513 3617 693 3672 sonius
737 3617 973 3688 singulos
1022 3631 1127 3672 tres
1170 3623 1445 3696 conjungit
1477 3624 1536 3676 in

512 3697 738 3756 profess.
784 3696 1003 3769 Burdig.
1042 3719 1206 3754 carm.
1250 3719 1311 3754 αι
1332 3739 1349 3766 ,
1390 3715 1443 3756 et
1474 3704 1534 3757 in

511 3776 750 3831 Iambico
766 3778 998 3848 epistola
1018 3779 1145 3833 xvl
1161 3817 1177 3844 ,
1198 3801 1249 3836 v.
1276 3801 1361 3847 10,
1380 3793 1539 3854 atque

516 3857 573 3908 in
602 3855 757 3910 Grat.
782 3869 883 3910 act.
904 3877 1019 3930 cap.
1040 3861 1093 3912 8.

582 3939 671 3990 62.
696 3940 877 3990 Dulcia
896 3958 981 3990 seu
1005 3943 1175 4003 innuis,
1197 3940 1318 3994 Mic.
1339 3941 1538 3994 Bet-sm.

511 4015 629 4068 Col.
656 4021 803 4068 Dulci
818 4037 905 4070 seu
932 4023 1106 4082 mavis,
1144 4020 1205 4073 C.
1228 4021 1431 4074 Verum
1462 4033 1542 4074 est

518 4097 706 4146 [helcia.
731 4095 835 4150 sed
852 4097 1108 4169 quidnam
1129 4099 1211 4154 est'
1224 4099 1327 4154 hoc
1341 4101 1540 4154 :Verba

1611 1624 1957 1690 mellifluum?
1975 1643 2084 1697 quo
2101 1625 2262 1692 igitur
2279 1626 2646 1696 cursus,quasi

1612 1704 1681 1760 de
1702 1725 1835 1777 aqua
1857 1703 2063 1778 liquida
2081 1717 2132 1757 et
2152 1704 2342 1758 leniter
2360 1717 2606 1758 currente
2619 1705 2646 1755 ‘z‘

1613 1789 1694 1840 An
1713 1785 1961 1858 scripsit:
1986 1789 2270 1854 liquidoque
2285 1787 2506 1854 fluentia
2539 1805 2648 1838 rur-

1613 1887 1718 1919 sum
1734 1906 1750 1928 ‚
1785 1865 1972 1918 eodem
2006 1883 2167 1920 sensu
2193 1883 2302 1936 quo
2329 1864 2648 1920 Graecorum

1613 1950 1760 2004 πάλιν
1775 1989 1791 2013 ,
1819 1947 2080 2002 ἀνάπαλιν.
2103 1946 2648 2018 Hqus'doffiemiajatm

1616 2037 1801 2090 erunt,
1835 2043 1954 2096 quse
1985 2025 2154 2080 mellis
2183 2025 2446 2095 liquorem
2467 2024 2648 2078 dulci-

1615 2106 1782 2160 fluum
1819 2106 2022 2159 habent
2039 2143 2056 2170 ,
2093 2105 2301 2177 qualem
2333 2123 2396 2158 ex
2419 2105 2650 2160 floribus

1616 2187 1810 2258 apertis
1839 2186 2140 2256 constipant
2160 2203 2306 2257 apes.
2339 2186 2548 2239 Laeron.
2573 2218 2648 2226 —

1621 2269 2142 2335 Liquidoquefluencia
2165 2285 2327 2327 cursu,
2346 2284 2466 2336 quae
2489 2266 2650 2320 facile

1617 2345 1908 2400 decurrunt
1933 2383 1948 2409 ,
2003 2357 2054 2398 et
2095 2345 2228 2400 nihil
2271 2364 2516 2417 asperum
2557 2349 2648 2402 vel

1619 2438 1862 2480 coactum
1888 2426 2088 2482 hahent
2109 2464 2128 2492 ,
2153 2425 2341 2498 liquidi
2367 2426 2538 2480 mellis
2565 2428 2650 2479 in-

1619 2518 1746 2560 star.
1767 2506 2000 2578 Respicit
2015 2506 2358 2560 Homericum
2371 2510 2474 2579 ῥίεν
2493 2504 2647 2564 αὐδή.

1619 2585 1869 2658 Calpurn.
1893 2586 1994 2652 IV,
2019 2585 2118 2640 1⁵0
2135 2627 2152 2654 ‚
2168 2586 2337 2640 «Tam
2360 2585 2652 2657 liquidum,

1619 2676 1728 2720 tam
1771 2665 1928 2719 dulce
1975 2679 2240 2731 sonant-3
2279 2677 2330 2718 et
2355 2685 2514 2719 mox:
2547 2666 2651 2719 «O

1621 2745 1752 2800 mihi
1791 2763 1950 2817 quam
1985 2758 2171 2801 tenero
2205 2747 2498 2800 decurrunt
2519 2766 2644 2800 car-

1621 2829 1768 2878 mina
1793 2843 1948 2878 versu
1971 2825 1985 2878 l
2019 2851 2042 2871 ι

1693 2909 1783 2958 63.
1817 2909 1916 2956 Sed
1947 2919 2116 2972 aperto
2136 2907 2348 2973 pingere
2361 2908 2516 2976 flore.
2549 2905 2651 2957 Or·

1620 2995 1806 3036 natum
1847 2995 1900 3034 et
1936 2982 2185 3037 floridum
2225 2983 2438 3036 dicendi
2482 3002 2648 3055 genus

1621 3062 1890 3130 describit,
1913 3065 2196 3118 verborum
2215 3062 2441 3130 delectu,
2457 3065 2648 3136 wopis,

1622 3143 1805 3215 figuris
1822 3181 1837 3207 ,
1858 3143 2126 3196 sententiis
2149 3144 2379 3196 venustis
2401 3143 2610 3216 insigne
2630 3182 2648 3209 ,

1623 3224 1677 3276 in
1711 3243 1820 3296 quo
1857 3235 2144 3296 appareant
2178 3223 2338 3278 flores
2356 3266 2372 3291 ,
2401 3244 2432 3277 e
2452 3224 2650 3297 quibus

1623 3303 1850 3358 dulcedo
1867 3305 2120 3357 orationis
2138 3305 2376 3358 confecta
2394 3315 2490 3357 est.

1695 3387 1783 3446 64.
1827 3389 2022 3450 Inclyta
2067 3388 2304 3436 Nestorei.
2351 3383 2646 3436 Homerus:

1626 3469 1722 3518 Τοῦ
1745 3465 1828 3519 καὶ
1851 3467 1951 3520 ἀπὸ
1976 3467 2206 3537 γλώσσης
2231 3469 2428 3536 μέλιτος
2445 3466 2649 3537 γλυκίων

1625 3546 1728 3616 βίαν
1769 3541 1924 3602 αὐδή.
1967 3545 2168 3598 Busa.

1695 3625 1784 3677 66.
1823 3629 2100 3678 Numerum
2139 3627 2319 3685 laude,
2355 3623 2576 3694 copiosa
2599 3634 2652 3676 et

1625 3703 1914 3775 multiplice
1931 3741 1947 3768 ,
1979 3715 2040 3756 ut
2067 3722 2328 3758 numerosa
2341 3706 2508 3772 gloria
2522 3703 2656 3756 Tra-

1621 3782 1734 3854 jani
1753 3783 1946 3836 dicitur
1961 3783 2136 3837 Plinio
2153 3823 2170 3849 ,
2209 3782 2402 3854 Paneg.
2425 3801 2540 3852 cap.
2563 3783 2650 3834 28.

1697 3865 1788 3932 67.
1807 3865 2010 3916 uenias
2029 3867 2195 3916 reddit
2210 3865 2297 3914 eibi
2309 3865 2447 3914 curia
2465 3881 2616 3914 voces
2631 3882 2651 3913 :

1628 3961 1821 4016 nempe
1849 3943 2249 3997 acclamationes
2262 3981 2278 4009 ‚
2298 3940 2486 3994 laudes
2503 3977 2522 4003 ,
2537 3959 2654 4010 gra-

1627 4022 1908 4076 tulationes
1927 4061 1942 4085 ‚
1996 4023 2190 4095 quibus
2227 4021 2490 4076 orationes
2535 4032 2657 4073 tuas

1625 4104 1978 4175 prosequitur.
2003 4133 2060 4146 --
2078 4107 2300 4156 Reddere
2325 4120 2476 4154 voees
2499 4111 2578 4153 est
2595 4099 2654 4152 iu
