2975 4684
419 354 512 375 m
518 352 975 375 mmm
985 354 2549 377 mmmmmmmmmm

842 541 2127 742 ExcURsUS1v

619 886 744 951 AD
789 884 1083 953 SALEII
1133 884 1380 953 BASSI
1430 884 1850 970 CARMEN‚
1900 907 2003 954 vs.
2064 885 2193 953 180
2248 908 2353 979 sq.

1103 1086 1480 1120 ——-——*O

707 1295 990 1377 callidiore
1019 1296 1182 1349 modo
1210 1296 1384 1349 tabula
1418 1295 1655 1348 variatur
1680 1306 1861 1367 aperta

709 1380 982 1447 Calculus,
1007 1391 1060 1435 et
1083 1379 1250 1433 vitreo
1277 1390 1599 1451 peraguntur
1618 1379 1784 1432 milite
1804 1378 1943 1433 bella
1958 1416 1975 1440 ‚

713 1460 784 1512 Ut
807 1462 991 1517 niveus
1011 1462 1192 1535 nigros
1203 1500 1221 1528 ,
1239 1480 1384 1517 nuuc
1403 1474 1458 1516 et
1473 1463 1626 1535 niger
1642 1462 1819 1534 alliget
1835 1461 1986 1515 albos
1998 1502 2016 1529 ,
2034 1472 2130 1515 ete.

517 1614 836 1703 Quonuu
865 1616 974 1679 hic
1003 1617 1184 1681 locus
1216 1616 1403 1682 Saleii
1423 1640 1462 1681 a
1481 1638 1675 1681 versu
1706 1614 1828 1679 180
1852 1613 1937 1679 ad
1967 1616 2089 1701 196
2121 1613 2469 1703 primarius
2496 1630 2565 1679 et

430 1717 976 1783 luculentissimus
1009 1718 1305 1782 omnium
1350 1735 1642 1783 veterum
1691 1718 2083 1806 scriptorum
2117 1732 2215 1781 est
2235 1763 2253 1796 ‚
2310 1717 2425 1804 qui
2478 1714 2565 1780 de

431 1818 591 1884 ludo
622 1818 1173 1902 latrunculorum,
1221 1820 1410 1885 lautis
1451 1835 1519 1884 et
1570 1818 1923 1909 ingeniosis
1970 1818 2350 1883 hominibus
2404 1817 2565 1883 olim

429 1918 928 1984 celebratissimo
976 1920 1069 2009 (1)
1088 1968 1107 2003 ,
1161 1938 1398 2011 agunt,
1449 1943 1664 2009 neque
1702 1938 1915 1985 tamen
1963 1918 2047 1984 ad
2096 1920 2388 2010 singulos
2426 1918 2569 1997 ejus

433 2041 656 2084 versus
701 2021 920 2085 omnia
963 2021 1049 2088 ad
1105 2022 1401 2087 notitiam
1451 2021 1590 2087 ludi
1624 2022 1796 2087 illius
1835 2021 2281 2087 instruendam
2322 2020 2563 2087 idonea

433 2121 826 2185 exVeterum
845 2124 1288 2187 monumentis
1305 2124 1641 2187 cumulare
1662 2123 1880 2188 licebit
1896 2171 1915 2203 ,
1932 2122 2359 2211 suscipiemus
2385 2122 2569 2186 hunc

433 2220 720 2285 laborem
741 2270 760 2297 ‚
797 2239 864 2289 et
907 2224 1216 2313 singulari
1253 2223 1813 2289 dissertatiuncula
1856 2224 2120 2304 tabulae‚
2178 2240 2245 2288 et
2282 2222 2567 2287 oelculo-

435 2346 582 2387 rum
599 2372 616 2399 ‚
673 2340 738 2387 et
787 2325 966 2392 lusus
1016 2326 1218 2413 ipsius
1265 2324 1613 2415 peragendi
1666 2326 1985 2389 rationem
2038 2340 2234 2411 atque
2287 2323 2563 2388 formam

434 2423 894 2489 describemus.
933 2426 1070 2489 Etsi
1106 2428 1279 2490 enim
1313 2426 1452 2491 haee
1485 2426 1751 2492 materia
1782 2424 2044 2491 'dudum
2080 2448 2117 2489 a
2156 2423 2366 2489 doctis
2410 2424 2561 2489 viris

433 2523 694 2591 abunde
738 2542 1119 2614 pertractata
1151 2543 1280 2611 est,
1319 2544 1385 2592 et
1427 2551 1564 2592 non
1607 2529 1821 2593 solum
1858 2528 1930 2591 in
1967 2526 2449 2591 commentariis
2481 2524 2579 2593 ad.

437 2642 680 2691 veteres
733 2628 1124 2716 scriptores,'
1157 2646 1233 2693 ut
1262 2630 1497 2694 Matth.
1540 2629 1773 2694 Raderi
1812 2629 1897 2694 ad
1924 2628 2334 2723 ‘Martialem,
2368 2644 2435 2691 et
2482 2627 2563 2690 cl.

438 2727 723 2792 Salmasii
759 2726 841 2791 ad
863 2728 1127 2817 Vopisci
1157 2730 1503 2815 Carinum3
1542 2730 1656 2795 sed
1689 2747 1754 2795 et
1785 2730 1851 2794 in
1886 2730 2345 2821 antiquitatum
2374 2727 2569 2792 colle-

440 2828 803 2911 ctionibus,
836 2830 1202 2897 Alexandro
1234 2832 1316 2897 ab
1349 2832 1525 2897 Alex.
1560 2832 1673 2896 lib.
1708 2833 1839 2914 111,
1872 2856 2009 2921 cap.
2049 2854 2152 2913 21,
2189 2834 2572 2918 Dempstero

441 2929 508 2992 in
547 2929 818 3018 Paralip.
847 2928 930 2995 ad
955 2931 1182 2995 Rosini
1221 2935 1370 2998 Ant.
1393 2934 1582 2997 Rom.
1614 2932 1809 3014 lih.V,
1844 2955 1980 3021 cap.
2012 2956 2067 3013 1,
2105 2934 2205 2997 Io,
2238 2932 2529 2995 Meursio
2550 2980 2567 3011 ,

439 3032 492 3096 J.
522 3034 593 3096 C.
630 3033 992 3122 Bulengero
1014 3031 1097 3097 de
1123 3032 1324 3098 Ludis
1353 3035 1655 3124 privati33‘
1688 3050 1829 3097 tum
1854 3055 2008 3096 vero
2036 3030 2465 3121 singularibus
2497 3032 2573 3094 li-

511 3229 589 3299 (1)
623 3226 704 3279 Ne
730 3226 850 3299 quis
876 3228 1119 3291 miretur,
1153 3227 1290 3281 inter
1311 3226 1497 3281 laudes
1515 3226 1791 3299 Calpurnii
1808 3224 2009 3278 Pisonis
2030 3242 2062 3277 a
2086 3224 2256 3277 Saleio
2287 3222 2573 3277 dexterita-

445 3323 553 3364 tem
575 3311 692 3382 ejus
708 3322 761 3363 et
779 3309 1058 3364 scientium
1079 3310 1299 3365 ludendi
1320 3312 1428 3383 pila
1449 3321 1503 3364 et
1526 3311 1742 3365 calculis
1768 3310 2026 3363 recenseri
2043 3346 2059 3373 ,
2090 3308 2390 3362 meminisse
2410 3328 2576 3381 opor·

447 3404 520 3449 tet
535 3434 550 3461 ,
577 3392 1024 3455 excellentissimis
1063 3394 1375 3467 antiquioris
1407 3395 1507 3447 aevi
1537 3392 1663 3447 viris
1698 3392 1841 3447 idem
1870 3394 2017 3449 laudi
2041 3392 2226 3447 datum
2246 3434 2260 3460 ,
2286 3391 2578 3465 dignasque

449 3479 514 3532 iis
536 3477 872 3533 remissiones
900 3479 1064 3532 animi
1086 3478 1292 3536 habitas
1307 3519 1324 3545 ‚
1357 3478 1412 3531 in
1437 3478 1634 3551 quibus
1655 3497 1743 3531 ars
1769 3479 1948 3551 aliqua
1970 3490 2023 3533 et
2048 3477 2353 3531 exercitatio
2378 3477 2581 3550 ingenii

447 3576 738 3636 appareret.
757 3561 840 3616 Ad
866 3561 1227 3617 excusandum
1258 3562 1505 3617 Pisonem
1532 3560 1770 3634 inprimis
1801 3563 1953 3627 facit,
1990 3561 2135 3635 quod
2166 3561 2351 3615 Cicero
2386 3562 2521 3615 libro
2551 3562 2577 3613 1

446 3646 515 3699 de
543 3646 794 3711 Oratore,
816 3664 934 3718 cap.
953 3646 1048 3711 50,
1067 3658 1354 3699 memorat:
1387 3672 1412 3691 «-
1432 3644 1580 3698 Licet
1597 3646 1697 3699 ista
1715 3646 1921 3701 ratione
1945 3646 2213 3711 dieamus,
2242 3646 2349 3717 pila
2370 3647 2505 3699 bene
2530 3656 2585 3699 et

453 3728 734 3784 duodecim
757 3730 959 3802 scriptis
981 3730 1166 3783 ludere
1193 3729 1470 3801 proprium
1492 3748 1606 3782 esse
1624 3729 1761 3801 juris
1786 3729 1953 3782 civilis
1970 3769 1986 3796 ,
2018 3726 2270 3801 q'uoniam
2296 3738 2581 3799 utrumque

447 3813 502 3867 P.
523 3812 730 3867 Mucius
747 3813 948 3885 optime
969 3812 1146 3867 fecerit
1163 3838 1205 3864 a.
1235 3813 1358 3866 Haec
1386 3812 1716 3866 consuetudo
1738 3812 1981 3867 Scaevolae
2000 3850 2017 3875 ‚
2041 3811 2387 3886 jureconsulti
2410 3854 2426 3877 ,
2470 3823 2577 3863 tam

449 3894 706 3949 celebrata
725 3895 1010 3949 Veteribus
1033 3907 1146 3959 est,
1179 3908 1240 3948 ut
1275 3894 1363 3947 ille
1401 3908 1621 3967 propter
1651 3896 1803 3969 juris·
1822 3914 1928 3949 non
1968 3896 2137 3967 magis
2156 3936 2169 3961 ,
2202 3914 2363 3965 quain
2397 3912 2585 3948 eorum

453 3977 702 4032 ludorum
733 3980 1005 4033 seientiam
1037 3979 1296 4034 laudetur.
1317 3980 1442 4033 val.
1463 3980 1601 4034 Max.
1618 3981 1751 4033 VIII
1770 4016 1785 4045 ‚
1823 3986 1853 4033 8
1876 4017 1890 4042 ,
1916 4000 1943 4033 s
1963 4000 1979 4045 3
2016 3980 2239 4047 Quintil.
2260 3981 2335 4036 Xl
2354 4018 2369 4043 ,
2390 3999 2417 4034 2
2438 4018 2453 4043 ‚
2478 3978 2543 4035 38
2564 3999 2581 4044 ς

451 4074 601 4118 vetus
626 4066 949 4141 epigramma
973 4062 1192 4121 Anthol.
1213 4066 1332 4121 Lat.
1352 4064 1437 4119 m
1452 4104 1470 4133 ,
1504 4082 1589 4137 77.
