2975 4684
623 401 756 467 DE
813 401 888 466 C.
939 398 1384 466 PEDONIS
1436 397 1765 464 ALBIN.
1820 398 2201 466 FRAGM.
2391 397 2483 492 39

349 527 560 590 ximus
601 527 671 588 in
721 526 918 591 classe
961 541 1374 613 poematum,
1419 547 1615 612 quam
1652 546 1828 587 nunc
1861 523 2325 611 producimus,
2366 526 2482 590 he-

346 633 679 698 roicorum
703 679 722 713 ‚
761 629 1054 718 quamvis
1089 630 1226 711 ejus
1261 630 1629 696 carminum
1660 629 1825 692 nihil
1858 627 2035 694 aliud
2055 675 2075 711 ,
2109 653 2305 718 quam
2338 653 2484 696 mo-

345 735 570 802 dicum
601 737 1038 824 fragmentum
1062 784 1081 818 ,
1128 735 1359 800 afferre
1391 735 1597 800 liceat.
1638 733 1827 803 Falso
1862 735 1922 798 ei
1954 733 2305 824 adscriptas
2344 759 2483 802 esse

345 843 598 932 Elegias
611 841 695 906 ad
719 842 966 908 Liviam
1001 858 1066 906 et
1099 841 1180 906 de
1206 841 1395 906 obitu
1417 841 1785 907 Maecenatis
1813 842 2007 929 (nost.
2028 841 2164 921 huj.
2190 841 2293 907 ed.
2322 859 2371 908 t.
2394 843 2485 924 ΙΙ,

347 971 413 1037 p.
461 971 606 1034 177‚
643 970 822 1037 seqq.
861 947 1016 1034 En.)
1039 995 1058 1029 ‚
1109 964 1252 1012 tum
1301 947 1699 1036 argumentis
1752 964 1893 1012 tum
1936 948 2318 1012 testimoniis
2362 946 2485 1012 do-

347 1069 606 1118 ctorum
649 1053 940 1118 virorum
987 1052 1508 1141 approbavimus.
1555 1051 1804 1117 Ibidem
1850 1053 2035 1142 plura
2080 1051 2361 1118 diximus
2400 1053 2485 1118 ad

345 1159 684 1233 Pedonem
719 1177 785 1226 et
818 1163 958 1241 ejus
992 1161 1274 1226 carmina
1309 1161 1735 1250 pertinentia,
1774 1182 1921 1249 quae
1972 1159 2100 1224 hoc
2150 1160 2295 1224 loco
2344 1183 2482 1224 non

343 1267 722 1356 repetimus·
768 1267 912 1331 Hoc
959 1283 1213 1332 tantum
1263 1267 1665 1332 inculcamus
1683 1314 1702 1348 ,
1735 1290 1772 1331 a
1806 1265 2217 1350 Quintiliano
2246 1265 2485 1331 diserte

344 1371 518 1436 inter
555 1386 778 1459 poetas
823 1371 1120 1436 heroicos
1175 1371 1438 1455 referri,
1476 1393 1763 1460 quocum
1801 1371 2071 1436 Ovidius
2113 1371 2443 1459 conspirat
2464 1420 2481 1454 ,

346 1479 462 1566 qui
490 1479 725 1543 Thesei
757 1495 932 1568 gesta
979 1501 1214 1568 magno
1257 1501 1368 1543 ore
1415 1479 1498 1543 ab
1536 1501 1615 1543 eo
1650 1494 1900 1544 cantata
1942 1494 2243 1559 testatur,
2294 1493 2358 1540 et
2396 1477 2485 1541 ob

345 1585 810 1650 sublimitatem
841 1585 992 1673 styli
1021 1585 1330 1648 sidereum
1361 1585 1677 1650 Pedonem
1708 1601 1913 1650 vocat.
1966 1585 2063 1648 Ex
2106 1583 2323 1650 studio
2366 1584 2484 1647 he·-

345 1691 536 1755 roicoe
570 1691 824 1755 virtutis
852 1689 1046 1756 etiam
1074 1692 1423 1779 sumpsisse
1459 1691 1583 1754 sibi
1621 1689 1990 1756 scribendas
2016 1691 2279 1754 Caesaris
2317 1691 2482 1756 Ger-

343 1797 581 1862 manici
608 1821 707 1862 res
739 1805 943 1888 gestas
977 1799 1045 1861 in
1075 1798 1422 1865 Germania
1449 1798 1741 1879 videtur,
1775 1797 1959 1878 cujus
1988 1798 2302 1885 poematis
2334 1819 2483 1885 pars

341 1919 640 1991 superest
694 1903 894 1968 hodie
953 1905 1390 1992 fragmentum
1453 1902 1653 1985 illud,
1702 1902 1884 1989 quod
1936 1901 2017 1966 de
2074 1902 2483 1989 navigatione

344 2007 713 2074 Germanici
745 2011 892 2099 agit.
925 2009 1232 2074 Martialis
1265 2027 1481 2074 tamen
1516 2007 1800 2074 indicare
1831 2007 2109 2089 videtur,
2147 2005 2482 2072 Pedonem
2589 2039 2599 2048 ·

344 2129 650 2204 praeterea
699 2115 1266 2204 epigrammatibus
1311 2112 1671 2178 scribendis
1721 2136 1983 2201 operam
2039 2112 2293 2178 dedisse
2342 2137 2356 2174 :
2420 2130 2488 2176 et

342 2219 556 2284 festivi
591 2220 834 2310 ingenii
866 2221 1200 2285 hominem
1237 2222 1434 2284 fuisse
1465 2220 1746 2285 declarat
1770 2219 1975 2284 faceta
2000 2220 2284 2284 narratio
2296 2197 2445 2300 'ejus
2466 2270 2484 2303 ,

343 2350 382 2392 a
409 2327 654 2392 Seneca
686 2329 889 2416 Epist.
931 2351 1108 2392 cun
1151 2343 1657 2393 commemorata
1678 2375 1696 2408 ,
1745 2327 1857 2414 qui
1891 2326 2319 2390 fabulatorem
2358 2328 2488 2392 ele-

343 2433 796 2521 gantissimum
823 2435 1119 2524 appellat.
1154 2432 1283 2500 Sed
1317 2433 1455 2498 haec
1487 2449 1553 2496 et
1590 2433 1707 2496 alia
1753 2447 1983 2496 notatu
2018 2431 2215 2520 digna
2254 2431 2337 2496 de
2370 2434 2484 2498 Al·

344 2539 674 2604 binovano
711 2538 966 2627 plenius
1001 2539 1277 2627 perspici
1317 2561 1352 2602 e
1386 2539 1773 2604 testimoniis
1799 2537 2111 2602 Veterum
2140 2553 2485 2625 poterunt,

344 2667 493 2734 quae
528 2643 685 2708 huic
714 2643 934 2708 libello
969 2643 1379 2733 praefigimus.
1412 2643 1751 2730 Navigatio
1770 2692 1787 2726 ‚
1819 2666 1963 2730 quae
2003 2642 2365 2732 fragmento
2404 2667 2483 2708 eo

333 2750 765 2834 describitur,
796 2773 870 2814 ea
904 2767 1034 2833 est,
1073 2773 1268 2842 quam
1297 2752 1721 2816 Germanicus
1753 2751 1951 2816 Drusi
1990 2749 2161 2816 filius
2202 2773 2353 2816 cum
2390 2751 2483 2816 le-

339 2857 646 2947 gionibus
697 2857 880 2922 classi
925 2857 1242 2945 impositis
1288 2857 1560 2920 tentavit
1608 2879 1725 2944 per
1771 2843 2013 2919 flumen
2058 2857 2365 2920 Amisiam
2413 2856 2481 2918 in

345 2965 684 3027 Oceanum
725 2962 1328 3050 Septemtrionalem
1350 3009 1369 3043 ,
1411 2963 1603 3024 tertio
1642 2962 1885 3026 Tiberii
1931 2983 2143 3042 anno,
2180 2978 2247 3024 et
2286 2983 2481 3048 quam

345 3067 654 3134 describit
693 3069 950 3133 Tacitus
968 3116 987 3149 ,
1046 3068 1273 3133 Annal.
1320 3068 1432 3132 lib.
1472 3069 1538 3131 ΙΙ
1558 3115 1577 3148 ,
1634 3090 1771 3156 cap.
1810 3067 1912 3130 23.
1958 3066 2149 3130 Unde
2184 3083 2481 3155 apparet,

343 3175 674 3240 Tiberiani
707 3177 910 3265 magis
925 3225 942 3253 ‚
983 3197 1180 3262 quam
1217 3175 1527 3262 Augustei
1562 3174 1679 3238 aevi
1710 3188 1969 3261 poetam
1998 3172 2479 3236 Albinovanum

343 3303 516 3362 esse,
548 3281 666 3369 qui
694 3297 758 3346 et
792 3281 1114 3345 familiaris
1147 3281 1218 3345 L.
1246 3281 1503 3346 Senecae
1538 3281 1695 3360 fuit,
1728 3281 1917 3362 cujus
1948 3278 2381 3344 adolescentia
2408 3280 2477 3342 in

345 3386 590 3452 Tiberii
637 3389 1072 3476 principatum
1111 3387 1340 3452 incidit
1365 3435 1382 3468 ,
1443 3402 1519 3449 ut
1571 3388 1705 3475 ipse
1748 3387 1986 3452 fatetur
2034 3386 2239 3473 Epist.
2294 3407 2474 3450 cvm.

345 3473 660 3581 Pleraque
705 3495 841 3576 ejus
886 3492 1186 3558 carminis
1240 3492 1495 3558 tumida
1539 3507 1725 3573 sunt,
1772 3492 1967 3556 rebus
2004 3507 2071 3556 et
2116 3491 2267 3554 visis
2312 3489 2481 3554 illius

345 3599 770 3688 navigationis
815 3615 1048 3687 praeter
1089 3598 1362 3665 modum
1403 3599 1641 3680 auctis,
1682 3614 1760 3663 ut
1805 3597 2011 3662 ferme
2048 3596 2265 3660 omnia
2284 3643 2303 3675 ,
2336 3617 2480 3682 quae

345 3727 426 3769 eo
455 3705 692 3770 saeculo
727 3705 900 3770 inter
935 3705 1263 3769 Romanos
1309 3703 1392 3770 de
1425 3704 2093 3792 septemtrionalibuS,
2134 3702 2339 3764 immo
2374 3723 2481 3766 ex-

343 3811 568 3874 tremis
599 3811 970 3898 quibusque
1001 3811 1180 3876 orbis
1213 3809 1454 3900 cogniti
1494 3811 1747 3898 populis
1776 3826 1844 3876 et
1868 3806 2271 3897 regionibuS,
2308 3806 2477 3870 fere-

344 3916 607 3998 bantur,
636 3916 806 3980 sicut
831 3939 909 3981 ex
930 3917 1131 3982 Taciti
1163 3916 1342 3981 libris
1367 3916 1448 3980 de
1480 3917 1770 3980 moribus
1801 3917 2275 3979 Germanorum
2304 3928 2368 3976 et
2397 3909 2477 3975 de

341 4024 470 4086 vita
495 4023 810 4111 Agricolae
841 4023 1194 4112 intelligere
1219 4023 1392 4087 licet.
1427 4024 1511 4086 Et
1544 4039 1840 4110 apparet,
1864 4041 2164 4109 expressa
2194 4043 2267 4084 ea
2294 4043 2327 4082 a
2356 4020 2476 4082 Pe·

342 4127 516 4194 done
543 4151 684 4192 esse
708 4153 744 4192 e
770 4129 1079 4193 relatione
1102 4128 1513 4194 redeuntium
1540 4153 1617 4192 ex
1644 4153 1717 4192 ea
1742 4126 2151 4216 expeditione
2176 4126 2475 4206 militum,
