2975 4684
820 378 1241 449 CARMEN
1304 380 1437 450 AD
1461 377 1469 385 “
1497 379 1978 449 PISONEM.

2323 384 2458 480 237

426 500 587 570 Non
630 500 830 594 periit
861 501 1105 589 virtus3
1136 498 1292 571 licet
1328 524 1635 571 exercere
1667 516 1914 597 togatae

429 613 713 681 Munera
748 609 1039 700 militiae3
1077 610 1234 683 licet
1274 628 1343 682 et
1384 611 1530 681 sine
1567 613 1910 706 sanguinis
1950 614 2193 683 haustu

430 720 629 789 Mitia
674 720 971 814 legitimo
1008 722 1133 791 sub
1169 722 1394 816 judice
1433 719 1606 791 bella
1643 746 1930 791 movere.

428 832 605 901 Hinc
636 856 905 927 quoque
942 834 1183 903 servati
1222 832 1554 926 contingit
1588 831 1802 928 gloria
1833 833 2026 919 civis,
2411 858 2463 895 ³0

434 939 719 1037 Altaque
754 943 1055 1013 victrices
1092 944 1403 1012 intexunt
1439 941 1670 1011 limina
1699 940 1956 1036 palmae.

410 1128 494 1180 ²7·
520 1112 711 1163 Occidit
732 1124 783 1161 et
798 1115 981 1174 virens,
1000 1112 1129 1167 Mic.
1152 1114 1356 1166 Reum.

336 1188 453 1243 Col.
476 1189 623 1261 quod
642 1209 741 1261 ego
766 1191 935 1263 magia
954 1192 1189 1265 probem.

408 1270 497 1322 28.
539 1274 742 1341 Togata
786 1276 997 1324 Munera
1038 1275 1243 1326 militiae.
1285 1272 1358 1325 Ut

335 1364 453 1418 toga
472 1348 543 1403 de
560 1370 693 1422 pace
711 1390 727 1415 ,
744 1349 917 1424 deque
938 1353 1097 1405 rebus
1115 1354 1355 1421 urbanis,

336 1428 577 1483 civilibus
582 1472 599 1497 ,
620 1432 919 1485 forensibus
934 1431 1217 1485 adhibetur
1228 1433 1357 1501 (vid.

336 1507 517 1573 Bmh,
544 1510 615 1565 ad
631 1510 759 1565 Stat.
780 1512 909 1565 silv.
932 1513 959 1564 1
978 1550 993 1575 ‚
1031 1519 1062 1576 4
1082 1553 1099 1579 ,
1128 1514 1197 1575 48
1211 1516 1255 1584 >,
1282 1514 1359 1567 aie

336 1591 509 1641 mizina
546 1588 615 1644 de
654 1593 837 1664 quavis
868 1612 1061 1666 opera,
1102 1611 1321 1646 munere
1338 1629 1355 1655 ,

336 1667 516 1721 officio
538 1710 555 1736 ‚
582 1680 635 1722 et
672 1692 815 1723 arma
848 1671 919 1727 de
951 1674 1135 1746 quovis
1164 1674 1357 1726 instm-

340 1759 537 1801 mento.
578 1748 739 1803 ovid.
767 1752 911 1806 Fast.
940 1754 997 1805 11
1016 1794 1032 1820 ,
1070 1772 1135 1824 9:
1176 1780 1201 1799 α
1232 1754 1356 1805 Ηωο

340 1844 453 1879 mea
478 1828 665 1883 militia
694 1841 801 1894 est,
825 1832 1069 1897 ferimus,
1097 1850 1211 1905 qnoe
1240 1850 1359 1905 poa-

339 1923 550 1968 sumnn,
592 1926 739 1963 arma
756 1950 773 1975 ‚
798 1910 1101 1984 Dextraque
1122 1930 1231 1964 non
1249 1929 1361 1964 om-

340 1984 395 2037 ni
416 2004 637 2041 munere
647 2002 824 2043 nostra
844 2003 996 2043 vacat
1014 2014 1058 2043 ι.
1072 1990 1360 2043 Recentior

340 2082 465 2119 naua
508 2066 565 2119 in
611 2067 817 2139 legibus
853 2069 1025 2122 attulit
1040 2106 1057 2133 ‚
1094 2081 1153 2122 ut
1188 2071 1359 2121 militia

340 2158 506 2215 togata
524 2146 791 2218 sigillatim
811 2147 879 2201 de
904 2147 1203 2202 ministeriis
1216 2148 1363 2202 Pala-

339 2224 461 2279 tinia
480 2238 533 2279 et
548 2226 731 2281 aulicis
746 2226 1023 2281 diceretur.
1038 2228 1105 2281 Et
1124 2228 1361 2281 scholam

340 2304 539 2362 militia
564 2318 753 2379 togata
778 2306 1043 2380 duplicem
1060 2348 1075 2374 ,
1092 2308 1361 2381 agentium

339 2384 397 2436 in
409 2386 569 2439 rebus
584 2399 635 2441 et
646 2399 1000 2459 protectorum
1018 2388 1177 2441 fuisse
1197 2399 1363 2442 osten-

341 2464 419 2517 dit
446 2466 771 2522 Boehmerus
792 2468 891 2521 vir
916 2468 1049 2521 Incl-
1089 2468 1145 2521 in
1172 2468 1363 2523 Electis

337 2544 480 2599 Juris
492 2546 658 2601 civilis
666 2580 752 2601 .—
760 2553 875 2601 Sine
888 2551 1147 2618 sanguinis
1164 2550 1359 2611 haustu,

340 2624 395 2678 id
420 2638 499 2680 est
516 2668 532 2693 ‚
568 2628 839 2699 sanguinis
882 2628 1159 2682 effusione.
1194 2628 1363 2681 Graeci

343 2709 506 2779 ἐρύειν
518 2706 719 2761 dicunt.
733 2718 807 2765 Ῑλ.
822 2710 870 2775 ξ,
886 2715 917 2764 5
928 2733 947 2764 1
960 2732 1009 2777 7,
1022 2705 1113 2763 dt&
1126 2704 1180 2762 δ’
1191 2712 1363 2783 ἔντιρα

340 2792 521 2857 χαλκὸς
544 2791 747 2860 ἄφυσσε.
786 2790 985 2843 Banu.
1022 2788 1363 2843 Homericum

344 2865 477 2918 illud
508 2868 759 2939 expressit
778 2868 932 2940 Virg-
956 2872 1081 2921 AEn.
1112 2868 1195 2933 11,
1222 2872 1326 2921 600
1344 2905 1361 2932 ,

343 2944 629 3001 «inimicus
651 2960 703 3000 et
718 2948 951 3002 hauserit
970 2948 1108 3002 ensis
1124 2966 1181 3013 ις
1210 2960 1260 3001 et
1282 2948 1333 3001 X
1346 2986 1363 3013 ‚

347 3025 449 3091 314
483 3044 497 3078 :
543 3052 568 3071 ‹-
591 3025 771 3099 gladio
808 3028 945 3082 latus
992 3028 1169 3081 haurit
1213 3046 1367 3100 aper·

344 3114 455 3157 tum
488 3132 531 3159 ι.
566 3136 637 3147 —-
676 3110 811 3159 Libet
832 3106 935 3161 hoc
956 3126 1108 3161 versu
1128 3126 1229 3179 pro
1256 3110 1369 3159 licet

347 3184 484 3238 male
511 3183 695 3239 laudat
731 3186 887 3259 Casp.
918 3186 1229 3257 Sagittarius
1248 3226 1265 3253 ,
1298 3184 1367 3239 de

345 3266 531 3321 sannis
551 3278 677 3320 vett.
698 3287 755 3339 p.
776 3274 899 3331 ²²4·
926 3268 1131 3319 Lacon.

420 3364 507 3413 29.
549 3350 643 3399 Sub
670 3348 843 3415 judice
877 3349 1007 3399 bella
1044 3365 1251 3398 movere.
1296 3346 1363 3398 Et

347 3426 451 3481 hoc
498 3427 747 3499 frequens
792 3439 869 3480 est
886 3464 902 3489 ,
968 3438 1029 3478 ut
1068 3424 1265 3499 judicia
1312 3436 1365 3479 et

347 3507 584 3561 actiones
604 3508 837 3561 forenses
860 3510 988 3559 bella
1010 3518 1061 3558 et
1090 3524 1241 3559 arma
1261 3505 1365 3559 fori

349 3586 612 3642 dicantur.
630 3585 793 3641 ovid,
810 3587 972 3641 Trist.
994 3586 1077 3639 111
1094 3623 1112 3650 ,
1141 3604 1203 3639 12
1222 3623 1238 3649 ,
1265 3587 1329 3639 18
1350 3601 1365 3637 :

349 3694 375 3715 κ
386 3667 596 3722 Cedunt
608 3666 817 3721 verbosi
826 3666 1039 3739 garrula
1053 3664 1190 3718 bella
1210 3664 1312 3717 fori
1326 3688 1367 3737 ξ.

350 3746 499 3801 Idem
518 3788 535 3814 ‚
560 3747 721 3801 Trist.
751 3747 848 3810 IV,
886 3764 947 3798 10
967 3783 981 3809 ‚
1012 3765 1075 3816 ¹7
1098 3764 1111 3799 ε
1140 3770 1167 3791 σι
1186 3744 1367 3796 Frater

351 3825 419 3879 ad
466 3827 737 3899 eloquium
784 3824 942 3877 viridi
992 3822 1241 3877 tendebat
1302 3824 1371 3877 ab

352 3926 461 3960 avo
482 3948 499 3976 ,
530 3907 709 3961 Fortia
728 3906 937 3960 verbosi
960 3918 1117 3957 natus
1132 3901 1201 3957 ad
1222 3920 1373 3955 arma

354 3984 1154 4052 fori-,Statius‚Silv.V,2,1o8:
1182 3981 1375 4037 «medii

352 4067 554 4120 bellare
570 4078 740 4138 togata
760 4068 943 4137 Strage
961 4064 1062 4116 fori
1081 4088 1101 4109 ι
1114 4102 1125 4115 .
1152 4092 1215 4103 --
1236 4067 1371 4114 Mar-

352 4148 709 4216 eemforensem
734 4164 795 4197 ex
821 4142 1011 4197 ovidio
1030 4181 1045 4207 ,
1063 4154 1117 4195 et
1140 4141 1245 4195 alia
1264 4141 1369 4195 huc

1440 1113 1751 1184 pertinentia
1777 1112 2076 1166 notavimus
2107 1123 2144 1167 t.
2166 1114 2246 1179 11,
2268 1134 2324 1187 p.
2344 1118 2464 1182 423,

1443 1192 1514 1247 ad
1538 1193 1714 1266 Lyric.
1741 1192 1828 1259 11,
1861 1196 1950 1246 51.
1977 1192 2082 1246 En.

1517 1274 1620 1326 30:
1643 1276 1770 1325 Hine
1805 1292 2002 1341 qaoque
2032 1278 2214 1325 servaci
2239 1277 2460 1343 contigit.

1442 1351 1548 1405 Sed
1561 1392 1578 1419 ‚
1611 1356 1704 1403 Hic
1741 1372 1936 1421 quoque
1973 1356 2154 1405 servati
2184 1356 2434 1425 continget
2448 1395 2462 1416 ,

1442 1430 1568 1486 Mic.
1586 1432 1786 1485 Bersm.
1807 1430 1902 1504 qui
1931 1446 2108 1485 tamen
2138 1432 2196 1484 in
2229 1433 2463 1505 margine

1442 1512 1634 1581 probat
1649 1516 1798 1575 Hinc,
1817 1509 1964 1583 quod
1983 1529 2052 1563 ex
2069 1510 2334 1584 Scaliger-o
2351 1514 2466 1567 nolo

1442 1590 1749 1655 affc1·t;aed
1778 1590 1854 1643 ita
1883 1608 2098 1663 quoque
2135 1590 2326 1645 sanim
2344 1628 2360 1656 ,
2381 1593 2463 1645 Pi-

1444 1668 1634 1723 thoeua.
1654 1669 1817 1737 Quod
1831 1670 2073 1724 dedimus
2091 1671 2258 1723 multo
2277 1672 2468 1727 tolera·

1444 1748 1604 1803 bilius
1623 1762 1721 1802 est.
1745 1750 1843 1801 En.

1517 1829 1604 1882 31.
1621 1832 1841 1895 Altaque
1873 1832 2086 1880 victores
2122 1828 2249 1901 legit
2271 1830 2466 1885 Casan-

1444 1909 1618 1961 bonus
1649 1907 1719 1960 ad
1753 1906 1968 1959 Sueton.
1996 1908 2194 1961 Domit.
2222 1926 2340 1981 cap.
2369 1911 2464 1963 ult.

1445 1998 1500 2042 et
1523 2006 1584 2041 ex
1600 2006 1662 2039 eo
1679 1986 1986 2057 Sagittarius
2003 1986 2072 2038 de
2092 1986 2280 2040 Januis
2293 2028 2309 2053 ,
2345 2007 2462 2062 cap.

1448 2068 1518 2121 30
1537 2106 1552 2132 ,
1589 2086 1640 2137 p.
1664 2071 1780 2128 224.
1799 2064 1958 2131 Quod
1985 2066 2163 2119 nescio
2181 2065 2322 2121 unde
2345 2087 2468 2141 pro-
2545 2094 2550 2099 ’

1448 2146 1644 2199 fectum
1683 2146 1768 2197 sit.
1805 2144 1893 2199 Sic
1913 2156 2090 2197 autem
2118 2145 2364 2200 videntur
2388 2150 2464 2203 vi-

1448 2238 1618 2280 ctores
1652 2224 1973 2279 causaidicos
2003 2224 2324 2297 intelligere,
2372 2230 2464 2299 qui

1448 2307 1679 2359 intexant
1702 2306 1884 2359 limina
1913 2306 2105 2377 palma.
2133 2336 2202 2347 --
2229 2312 2472 2360 [ntea-une

1448 2390 1618 2440 limina
1629 2390 1831 2455 palmoe.
1865 2385 2128 2439 Diacimua
2145 2386 2273 2439 hinc
2285 2426 2302 2453 ,
2323 2388 2468 2459 quod

1449 2468 1612 2539 vulgo
1649 2485 1756 2519 non
1783 2484 1995 2537 prorsus
2025 2478 2208 2519 notum
2235 2481 2343 2532 est,
2381 2487 2470 2539 pa·

1448 2558 1724 2600 tronorum
1757 2544 2043 2599 domibus
2029 2564 2083 2598 ιιι
2113 2546 2246 2599 urbe
2269 2549 2469 2619 palmae

1448 2630 1741 2699 appositas,
1771 2625 1990 2677 honoris
2025 2644 2180 2697 ergo,
2217 2626 2466 2697 quoniam

1449 2706 1592 2759 cives
1611 2706 1664 2759 in
1684 2704 1887 2779 judicio
1913 2704 2125 2776 capitali
2151 2720 2466 2760 servassent.

1447 2788 1648 2840 Banru.
1667 2786 1706 2837 l.
1734 2804 1783 2839 c.
1814 2784 1987 2839 Immo
2016 2784 2291 2837 victoriam
2313 2784 2366 2837 in
2389 2786 2470 2838 fo-

1448 2886 1512 2921 ro
1529 2877 1736 2939 partam
1756 2904 1772 2929 ‚
1793 2876 2063 2917 oratorum
2083 2874 2132 2915 et
2149 2864 2466 2919 caussidico-

1448 2964 1570 3000 rum
1607 2962 1724 2997 mos
1758 2956 1872 2996 erat
1890 2979 1907 3006 ‚
1925 2942 2102 2996 testari
2119 2960 2351 3015 appensa
2370 2963 2470 3015 pro

1448 3024 1654 3079 foribus
1690 3024 1880 3095 palma.
1917 3022 2100 3093 Neque
2141 3020 2300 3094 hujus
2340 3022 2472 3077 ritus

1450 3105 1758 3177 infrequens
1795 3100 1991 3155 mentio
2034 3112 2128 3153 est.
2167 3101 2300 3155 Satis
2327 3103 2469 3155 clare

1454 3204 1578 3238 enm
1615 3182 1810 3237 indicat
1847 3180 2116 3234 Juvenalie
2136 3220 2152 3245 ,
2169 3180 2308 3247 VII,
2335 3184 2466 3235 118:

1450 3288 1473 3312 ι
1497 3282 1684 3334 rumpe
1701 3262 1858 3315 miser
1881 3272 2086 3313 tentum
2100 3262 2272 3332 jecur,
2297 3271 2357 3311 ut
2375 3260 2472 3315 tibi

1446 3344 1588 3397 lasso
1635 3342 1893 3412 Figantur
1934 3338 2124 3393 virides
2142 3379 2158 3407 ,
2205 3341 2473 3395 scalarum

1450 3423 1618 3496 gloria
1636 3460 1654 3485 ,
1671 3421 1860 3494 palma
1873 3446 1918 3473 ιο.
1941 3417 2083 3474 Illud
2100 3422 2347 3471 walanam
2359 3424 2474 3488 glo·

1450 3508 1529 3557 n'a
1563 3502 1858 3573 appositum
1887 3508 2106 3573 σκῶμμα.
2139 3510 2245 3561 est,
2281 3510 2472 3552 notam

1451 3581 1761 3656 pauperiem
1793 3592 2068 3633 oratorum
2107 3576 2160 3629 in
2193 3578 2474 3631 cenaculis

1451 3663 1770 3735 plerumque
1821 3656 2172 3712 habitantium
2190 3694 2208 3717 ‚
2245 3657 2302 3709 in
2358 3674 2474 3730 quae

1454 3738 1884 3797 adscendendum
1949 3756 2045 3810 per
2105 3737 2270 3789 scalas
2341 3750 2470 3789 erat.

1456 3822 1630 3875 Etiam
1657 3816 2000 3873 MartialNH
2016 3854 2034 3877 ‚
2075 3816 2139 3868 28
2163 3832 2176 3865 τ
2201 3840 2226 3862 οι
2243 3816 2330 3869 Sic
2363 3816 2473 3868 fora

1458 3901 1752 3960 mirentur,
1791 3897 1866 3951 aio
1909 3907 1960 3949 te
1988 3894 2184 3949 Palatia
2227 3894 2476 3957 laudent,

1460 3979 1678 4033 Excolat
1704 3990 1758 4030 et
1787 3975 2023 4047 geminas
2048 3974 2278 4046 plurima
2304 3974 2481 4045 palma

1458 4060 1598 4113 fores
1621 4084 1664 4111 ι.
1689 4057 1824 4111 Hinc
1840 4059 2063 4125 palmam
2078 4051 2334 4121 ,fot-enum
2353 4054 2482 4109 dicit

1458 4138 1726 4193 Ausonius
1741 4138 1796 4189 in
1823 4134 2052 4189 Profess.
2072 4135 2147 4199 11,
2165 4152 2214 4205 7.
2233 4134 2395 4187 Plura
2411 4134 2479 4187 de
