2975 4684
739 343 859 410 CA
875 340 1159 410 RMEN
1222 343 1359 411 AD
1421 342 2121 412 AUGUSTINUM.

2350 347 2494 442 439

461 459 776 547 Distulit,
806 475 874 529 et
908 463 1102 530 tereti
1136 461 1390 533 limavit
1425 463 1645 559 glarea
1680 465 1957 548 mundo.

459 570 589 640 Sed
629 595 752 640 nos
785 587 1102 665 proeterea
1127 625 1148 660 ,
1180 574 1362 667 quod
1399 576 1486 644 ab
1522 600 1657 646 una
1696 577 2117 672 exsurgimus
2150 579 2347 668 urbe,

459 681 664 769 Quod
691 680 928 751 domus
953 707 1088 752 una
1117 681 1302 772 tulit,
1329 685 1509 779 quod
1540 688 1863 780 sanguine
1892 685 2233 780 tangimur
2258 713 2395 758 uno

423 785 428 788 ¹
457 791 852 878 Saeclorum‚
877 793 1258 864 Christiana
1291 795 1456 865 fides
1492 799 1887 884 connexuit,
1922 811 1991 865 et
2023 797 2206 890 quod

455 903 597 972 Nos
641 903 770 972 iter
809 904 1206 973 immensum
1237 905 1687 993 disterminat,
1720 921 1787 974 et
1827 905 2031 1001 plaga
2071 909 2263 1000 ponti
2408 935 2481 978 ra·-

452 1009 786 1082 Interfusa
807 1010 1111 1100 'coercet;
1149 1039 1338 1084 amor
1377 1017 1748 1086 contemnit
1790 1029 2180 1110 utrumque,

457 1121 722 1190 Gaudia
755 1125 872 1217 qui
909 1149 1231 1218 spernens
1273 1125 1657 1214 oculorum,
1693 1150 1951 1219 semper
1985 1127 2199 1196 amico

452 1230 726 1300 Absenti
769 1233 1049 1325 fruitur;
1095 1237 1416 1332 quoniam
1459 1235 1543 1306 de
1579 1236 1778 1306 corde
1819 1236 2155 1331 profundo

452 1340 737 1428 Pendet,
776 1359 842 1411 et
881 1345 1154 1414 internae
1199 1347 1481 1416 rimatur
1504 1345 1769 1441 ¹pabula
1806 1345 2011 1414 fibrae.

351 1529 410 1577 tis
421 1565 436 1586 ‚
465 1526 498 1580 i.
519 1545 564 1580 e.
581 1529 710 1598 lyra
729 1547 791 1582 ex
808 1529 968 1582 ebore
985 1529 1234 1586 fabricari
1251 1531 1372 1584 soli-

333 1615 434 1664 ne.
453 1603 552 1658 Hic
575 1624 698 1660 vero
715 1608 892 1679 potius
907 1608 1200 1680 intelligere
1217 1608 1372 1664 debe-
1457 1611 1680 1667 Horatio
1700 1648 1718 1674 ,
1758 1611 1937 1664 Carm.
1977 1611 2034 1674 Ι,
2084 1611 2115 1663 3
2130 1650 2148 1675 ,
2188 1627 2250 1662 21
2274 1628 2289 1663 :

349 1684 442 1738 hat
473 1684 660 1740 tibiam
681 1705 746 1740 ex
769 1689 946 1742 ebore.
967 1688 1156 1761 virgil.
1175 1689 1368 1760 Georg.

348 1764 613 1833 11‚193.·

349 1803 484 1898 obiu-
499 1845 810 1918 Tyrrhenus
837 1846 907 1900 ad
927 1866 1086 1902 aras
1091 1847 1231 1900 ..En

427 1923 540 1976 136.
563 1929 786 1990 Dianam,
817 1925 1140 1996 disparavit,
1165 1923 1366 1997 disjun-

345 2000 458 2054 xit.
489 2015 676 2058 catera
696 2004 1018 2076 perobscura
1039 2015 1199 2069 sunt,
1230 2008 1368 2057 tereti

346 2084 534 2134 limavit
545 2089 730 2151 glarea
758 2089 954 2136 mundo.
994 2086 1216 2138 Necesse
1257 2097 1364 2148 est,

339 2165 568 2229 glaream
585 2158 822 2218 hocloco
839 2164 1090 2236 singulari
1109 2163 1366 2235 significa-

345 2240 492 2294 tione
517 2255 852 2314 usurpatam:
882 2262 1006 2297 nam
1029 2243 1175 2316 quod
1197 2246 1364 2310 gloria

345 2319 398 2370 iu
431 2321 542 2374 aliis
561 2322 766 2393 legitur,
801 2335 862 2376 ut
889 2339 1075 2396 margo
1093 2321 1362 2374 Reinharti

341 2397 540 2454 indicat
553 2439 574 2464 ‚
623 2399 682 2452 id
732 2421 924 2474 parum
983 2398 1358 2456 attendendum

343 2489 442 2532 est.
471 2483 706 2533 Glanum
727 2483 970 2554 aequiore
987 2491 1134 2534 atate
1152 2499 1253 2552 pro
1274 2500 1360 2550 ag-

342 2575 466 2626 gere
483 2577 577 2612 seu
599 2559 816 2614 militari
834 2562 916 2614 via
939 2571 1214 2632 acceptum
1232 2578 1360 2625 esse,

340 2637 476 2692 Seal.
490 2640 718 2710 probare
735 2640 807 2694 nd
823 2641 939 2696 haec
953 2639 1114 2696 verba
1125 2640 1360 2704 Ausonii,

339 2717 506 2790 Epist.
533 2719 614 2784 X,
659 2717 720 2772 15
743 2759 764 2785 ,
789 2719 1006 2774 adnisus
1043 2730 1122 2772 est
1150 2737 1164 2772 ε
1213 2744 1238 2764 α
1257 2721 1362 2773 Aut

339 2800 650 2854 iteratarum
676 2819 784 2872 qua
805 2801 984 2873 glarea
1009 2801 1132 2854 trita
1155 2799 1358 2853 viarum

341 2877 464 2932 Fert
487 2903 530 2931 ι.
547 2877 652 2934 Sed
673 2898 790 2934 eam
809 2879 1248 2950 significationem
1265 2896 1358 2930 ne-

339 2972 448 3028 que
471 2957 704 3030 Scaliger
729 2959 844 3012 aliis
867 2958 994 3012 satis
1011 2957 1324 3030 approbavit
1339 2997 1356 3022 ,

338 3055 516 3108 neque
537 3056 636 3108 ego
659 3039 834 3093 verbis
866 3037 1088 3093 Licentii
1108 3037 1231 3090 satis
1257 3053 1354 3108 ap-

338 3128 450 3168 tam
475 3117 704 3190 reperio.
721 3117 856 3170 Mihi
868 3116 1155 3189 respexisse
1177 3115 1266 3169 ille
1285 3113 1356 3167 ad

337 3215 464 3250 eum
493 3215 652 3250 usum
675 3197 822 3251 vocis
847 3195 1080 3262 videtur,
1107 3216 1214 3269 quo
1243 3200 1355 3264 gla-

338 3295 429 3327 rea-
464 3275 662 3330 dicitur
699 3277 982 3332 fluviorum
1027 3287 1080 3330 et
1115 3275 1358 3349 aequoris,

337 3357 426 3410 Sic
451 3357 594 3410 eni-m
621 3363 804 3427 glarea
840 3361 930 3410 n’vi
965 3355 1216 3418 dicuutur
1249 3356 1363 3410 Cal-

334 3435 534 3507 purnio
551 3477 567 3499 ‚
601 3437 683 3492 VI
701 3477 718 3504 ‚
759 3436 828 3491 65
843 3477 860 3505 ,
918 3448 970 3492 et
1007 3442 1188 3505 glarea
1208 3437 1362 3504 fulva

339 3521 470 3584 Tagi
487 3518 707 3581 Rutilio,
729 3517 849 3573 ltin.
863 3517 922 3580 1,
945 3516 1060 3572 356.
1089 3516 1360 3581 Quoniam

341 3596 500 3666 igitur
517 3613 675 3668 supra
687 3596 957 3649 Liomtius
972 3596 1228 3666 plurimas
1239 3613 1362 3666 gen-

343 3687 419 3728 tes
436 3688 596 3746 etque
612 3687 778 3732 terras
792 3675 1094 3730 numinibus
1107 3675 1363 3728 maribus-

341 3770 448 3823 que
467 3753 756 3828 disjunctas
771 3754 1110 3819 memoravit,
1127 3754 1218 3808 hic
1236 3773 1361 3826 quo

341 3852 448 3904 que
461 3839 690 3902 glanem
706 3835 941 3906 posuisse
965 3853 1062 3904 pro
1087 3833 1260 3889 fundo
1279 3833 1362 3886 vel

343 3915 497 3970 litore
517 3916 678 3971 maris
693 3935 918 3973 arenoso
935 3914 1168 3980 videtur,
1199 3927 1260 3968 ut
1276 3913 1360 3969 di-

345 4005 455 4060 cat,
481 4014 662 4066 sequor
684 3997 1000 4054 interfusum
1031 3995 1282 4064 disjunxit
1309 4006 1362 4048 et

345 4075 606 4147 separavit
621 4111 636 4138 ,
659 4093 776 4148 quw
801 4075 948 4148 prius
965 4074 1156 4128 sociata
1183 4085 1360 4136 erant,

1463 1543 1517 1583 et
1538 1534 1728 1584 Ic'mavit
1742 1530 1885 1583 idem
1910 1531 1977 1584 sit
1993 1570 2009 1596 ,
2032 1548 2095 1584 ac
2113 1529 2261 1603 quod
2286 1534 2495 1584 abscidit

1465 1691 1761 1764 quidquam
1802 1693 1942 1746 Deus
1986 1688 2213 1744 abscidit
2250 1611 2492 1757 Prddffnei

653 1767 916 1822 -hflavit
949 1786 1117 1840 quum
1154 1768 1370 1839 pinguis
1435 1771 1679 1826 'Oceano
1704 1769 2021 1824 dissociabili
2037 1770 2291 1824 Terras.

1541 1851 1659 1920 137.
1680 1854 1785 1902 Sed
1807 1869 1899 1902 nos
1926 1863 2187 1917 proeeema.
2214 1847 2301 1900 Sic
2322 1850 2482 1901 Reiu-

1463 1928 1646 1983 bartus
1670 1927 1874 1989 edidit,
1915 1946 2076 2000 quem
2103 1945 2309 1998 sequor.
2334 1927 2477 1980 Pitb.

1455 2017 1511 2058 et
1531 2007 1799 2062 Benedict.
1820 2022 2092 2075 pra-cereo,
2120 2007 2296 2060 minus
2322 2018 2486 2061 recte.

1453 2085 1662 2139 Scilicet
1686 2087 1799 2140 haec
1820 2084 2219 2158 conjungenda,
2246 2105 2337 2136 nos
2351 2105 2481 2154 proe-

1451 2180 1584 2218 terea
1604 2169 1880 2218 Christiana
1892 2167 2031 2236 fides
2052 2168 2340 2217 connexuit.
2365 2164 2479 2216 Me·

1451 2245 1640 2316 nagius
1660 2245 1759 2298 hos
1778 2263 1961 2298 versus
1993 2244 2222 2297 recitans
2250 2244 2305 2296 in
2332 2248 2479 2294 Anti-

1451 2327 1661 2386 Baillee,
1700 2343 1815 2396 cap.
1850 2325 1949 2392 98,
1985 2322 2323 2394 legit-nescio
2364 2339 2475 2394 quo

1449 2421 1511 2456 ex
1532 2403 1694 2459 libro:
1729 2429 1751 2451 ι
1779 2402 1885 2456 Sed
1902 2421 2001 2457 nos
2024 2414 2275 2474 praeterea.
2294 2401 2387 2473 qui
2406 2402 2474 2453 ab

1449 2500 1580 2535 una.
1595 2483 1777 2548 ..Quos
1793 2481 2143 2553 domus...qui
2159 2481 2418 2552 sanguine
2432 2505 2473 2532 ι.

1446 2591 1517 2600 -
1542 2561 1646 2616 Sed
1669 2561 1937 2625 Heinsius,
1959 2560 2179 2614 Advers.
2204 2559 2294 2612 lib.
2315 2560 2360 2627 Ι,
2385 2563 2475 2628 16,

1447 2659 1568 2711 pag.
1584 2645 1705 2706 161,
1726 2662 1835 2698 uon
1856 2642 2027 2696 solum
2037 2655 2305 2709 proetereo,
2326 2637 2475 2712 quod

1448 2719 1684 2774 Pithoeus
1710 2720 1874 2774 edidit
1898 2759 1913 2784 ‚
1949 2721 2137 2792 probat
2150 2760 2165 2784 ,
2195 2717 2287 2771 sed
2314 2719 2473 2771 etiam

1446 2819 1609 2853 versu
1640 2819 1748 2872 seq.
1791 2799 1915 2871 legit
1940 2801 2187 2866 sanguine
2210 2800 2470 2866 jungimur

1445 2899 1571 2940 uno,
1596 2897 1696 2951 pro
1730 2882 1993 2947 tangimur.
2024 2877 2271 2928 Fortasse
2302 2877 2472 2946 legen·

1445 2956 1575 3010 dum
1619 2970 1741 3011 est:
1781 2956 1929 3012 -sed
1962 2974 2058 3008 nos
2101 2965 2461 3026 praeterquam

1441 3035 1591 3107 quod
1608 3038 1677 3090 ab
1694 3056 1803 3090 una
1818 3077 1833 3104 ,
1868 3048 1969 3088 etc.
1992 3061 2018 3080 a
2052 3034 2155 3085 En.

1520 3123 1635 3178 141.
1672 3119 1933 3188 Intetfiusa
1964 3128 2168 3167 coercet.
2216 3111 2389 3166 Dictio
2431 3133 2460 3165 e

1438 3194 1584 3267 Virg.
1606 3208 1814 3267 sumpta
1831 3232 1847 3259 ‚
1869 3195 1933 3248 G.
1954 3193 2056 3258 IV,
2091 3193 2193 3258 480
2208 3230 2224 3255 ,
2246 3218 2267 3239 ι
2294 3204 2347 3246 et
2366 3211 2456 3246 no·

1436 3274 1553 3328 vies
1571 3275 1703 3347 Styx
1719 3275 1967 3328 interfusa
1998 3283 2204 3328 coercet
2224 3297 2249 3317 ι»
2268 3310 2285 3337 ,
2309 3273 2458 3344 quod

1449 3354 1607 3407 etiam
1641 3353 1965 3420 Claudianus
2008 3352 2280 3425 expressit,
2314 3354 2467 3424 Rapt.

1447 3434 1591 3486 Pros.
1612 3433 1640 3486 1
1652 3475 1667 3501 ,
1687 3432 1768 3486 23.

1526 3520 1643 3578 144.
1664 3521 1879 3568 Inter-nce
1894 3515 2102 3564 n‘matur
2109 3513 2441 3580 pabulafihroe
2452 3550 2467 3572 ,

1447 3594 1721 3648 interiores
1781 3593 1949 3646 animi
2001 3608 2183 3645 sensus
2238 3587 2418 3641 adficit
2446 3608 2459 3642 :

1446 3672 1665 3744 phrasin
1690 3671 1897 3726 videtur
1926 3671 2137 3744 petiisse
2165 3687 2226 3722 ex
2254 3669 2431 3740 Persio
2448 3707 2463 3732 ,
2530 3725 2535 3730 ,

1448 3752 1543 3823 qui
1568 3752 1755 3818 Saus,
1778 3769 1870 3819 29,
1900 3775 1924 3796 α
1946 3747 2107 3816 Quod
2126 3748 2253 3800 latet
2272 3765 2463 3802 arcana

1450 3850 1561 3886 non
1576 3829 1870 3886 enarrabile
1886 3827 2057 3882 fibra»
2064 3827 2134 3878 F
2135 3838 2156 3878 t
2174 3826 2465 3892 Paullinus,

1449 3911 1615 3982 Epist.
1636 3909 1714 3961 IV
1738 3907 1807 3962 ad
1822 3909 2019 3960 Auson.
2065 3905 2314 3977 uflujus'
2299 3924 2353 3956 in
2374 3905 2463 3958 ad·

1451 4003 1667 4044 ventum
1686 3988 1902 4061 trepidis
1920 3988 2049 4042 mihi
2078 3984 2293 4040 credula
2316 3985 2463 4038 fibris

1450 4057 1623 4126 Coi-da
1647 4082 1917 4124 tremunt»
