2975 4684
529 335 668 412 538

1381 347 1806 420 INCERTI

616 464 1036 560 Vicissetque
1072 465 1265 538 dolos
1305 470 1619 540 Danaum
1639 525 1658 557 ‚
1704 472 1833 540 nisi
1876 471 2012 540 fata
2048 487 2405 546 vetassent.
2580 503 2653 546 250

713 578 837 645 111.
876 579 1158 672 Jamque
1195 577 1345 648 duae
1379 580 1647 650 stabant
1678 582 1855 650 acies
1890 582 2303 676 fulgentibus
2330 589 2565 678 armis,

621 686 854 774 Quum
889 688 1115 775 PariS,
1157 690 1436 760 exitium
1473 692 1698 786 Trojae
1734 691 2130 788 funestaque
2160 695 2464 785 flamma,

494 843 504 873 .
611 798 968 898 Armatum
1011 799 1290 870 adverso
1332 801 1719 872 Menelaum
1760 827 1841 872 ex
1878 805 2149 898 agmine
2184 806 2383 896 vidit,

613 909 834 1002 Seque
877 909 1058 980 velut
1095 911 1238 982 viso
1271 914 1667 1006 perterritus
1702 939 1923 1010 angue
1960 918 2211 1010 recepit

619 1018 726 1089 Ad
763 1023 979 1092 socios
1010 1048 1241 1093 amens
1271 1050 1288 1094 ε
1328 1049 1531 1121 quem
1568 1039 1925 1120 postquam
1962 1028 2249 1122 turpiter
2278 1029 2533 1100 Hector
2579 1053 2651 1096 ass

617 1129 998 1202 Confusum
1040 1148 1294 1204 terrore
1331 1134 1553 1223 videt,
1596 1165 1630 1200 α
1654 1134 1864 1208 Proh!
1908 1137 2221 1224 dedecus,
2266 1140 2512 1234 inquit,
2570 1191 2580 1200 f

619 1243 967 1314 AEternum
1005 1249 1274 1341 patriae,
1318 1248 1717 1343 generisque
1756 1248 2025 1318 infamia
2066 1250 2317 1336 nostri,

613 1355 829 1449 Terga
868 1355 1122 1426 refers?
1160 1372 1231 1427 at
1257 1370 1406 1427 'non
1444 1357 1801 1428 dubitabas
1836 1357 2113 1452 hospitis
2148 1357 2313 1428 olim

609 1465 1016 1559 Expugnare
1057 1481 1270 1553 toros,
1317 1467 1511 1561 cujus
1547 1494 1731 1540 nunc
1766 1469 2021 1564 defugis
2059 1494 2290 1557 arma,

585 1629 706 1686 250.
728 1633 974 1706 Antiqua
1009 1635 1268 1691 editiones
1297 1638 1543 1710 legebant

516 1713 854 1782 VicIsseneque
875 1720 990 1770 dolo
1006 1719 1270 1779 Danaum,
1320 1737 1438 1791 quo
1463 1718 1542 1772 lc·

511 1808 640 1863 gens
659 1793 908 1849 Barthius
927 1799 1137 1870 putavit
1154 1803 1390 1850 Danaum
1416 1817 1541 1854 casu

509 1883 699 1942 quarto
715 1872 825 1928 dici
844 1896 944 1949 pro
962 1877 1190 1932 exercitu
1211 1879 1539 1932 Danaorum.

507 1949 612 2003 Sed
635 1952 988 2022 Bondsmius,
1002 1958 1136 2010 Var.
1158 1959 1300 2011 Lect.
1321 1976 1374 2030 p.
1406 1959 1543 2022 153,

506 2028 640 2084 vidit
659 2031 944 2104 legendum
973 2054 1087 2091 esse
1109 2040 1248 2089 dolos
1275 2041 1539 2098 Danaum,

509 2109 676 2184 idque
719 2133 867 2170 nunc
914 2117 1288 2170 confirmatum
1333 2117 1543 2188 reperio

510 2191 710 2264 scripto
725 2193 906 2249 Guelf.
931 2216 960 2250 2
981 2237 996 2264 ,
1034 2196 1126 2270 qui
1148 2196 1347 2250 habet·
1332 2237 1346 2249 .
1379 2201 1541 2250 Vices-

509 2285 676 2339 seeque
701 2278 842 2327 dolos
875 2279 1109 2328 Danaum
1127 2315 1144 2338 ,
1183 2280 1240 2328 ιη’
1255 2278 1381 2346 fata
1396 2277 1540 2346 fitis·

507 2368 622 2406 sem
637 2375 656 2404 .·
693 2365 747 2408 et
766 2367 986 2410 vetusta
998 2357 1144 2428 Lips.
1163 2355 1370 2410 schedoe
1397 2359 1540 2408 dolus

511 2435 764 2486 Danaum.

583 2511 700 2565 252.
750 2511 1022 2567 Editiones
1063 2515 1246 2585 legunt
1289 2516 1450 2582 ijae
1492 2527 1545 2568 ee

489 2591 706 2660 fimqstp
753 2597 922 2655 mina,
967 2591 1115 2664 quod
1163 2593 1289 2666 quia
1339 2611 1501 2664 supra
1520 2627 1538 2654 ,

504 2690 560 2725 v.
587 2672 687 2724 233
708 2712 723 2737 ,
738 2675 850 2745 jam
871 2670 1072 2736 adfuit,
1089 2673 1294 2745 pretuli
1301 2673 1537 2741 fimena·

507 2755 852 2820 questamma,
879 2771 999 2824 quse
1031 2765 1107 2805 est
1135 2751 1295 2806 lectio
1323 2750 1442 2804 cod.
1465 2751 1533 2806 G.

507 2849 553 2884 a.
573 2830 820 2884 Bar-thius
855 2829 924 2885 ad
962 2832 1108 2886 hunc
1142 2832 1317 2884 locum
1355 2831 1537 2886 obser-

505 2923 626 2973 vat,
665 2909 888 2965 Advers.
907 2912 1057 2977 LIX,
1089 2930 1208 2984 cap.
1236 2928 1289 2976 1,
1311 2911 1533 2983 optimo-

499 3011 622 3044 rum
658 2993 978 3064 scriptorum
1019 3011 1223 3047 morem
1257 3011 1408 3057 esse,
1451 2993 1532 3044 fn·

499 3083 774 3126 nestas-um
807 3071 1042 3126 cladium
1080 3084 1320 3126 auctores
1355 3070 1531 3130 clad&

496 3151 636 3242 ipsas
657 3151 952 3206 nominare.
973 3151 1243 3206 Iuvenalis
1265 3151 1334 3206 de
1353 3150 1534 3206 Domi-

491 3229 677 3284 tiano:
723 3231 818 3285 «si
847 3244 991 3301 peste
1026 3243 1078 3285 et
1115 3230 1265 3285 clade
1303 3231 1404 3284 sub
1441 3231 1531 3284 illa

480 3309 757 3362 'Soevitiam
803 3310 1096 3378 damnare,
1145 3323 1199 3365 et
1247 3312 1531 3365 honestum

495 3389 691 3442 afferre
719 3389 900 3444 liceret
927 3389 1222 3443 Consilium
1243 3415 1291 3444 s.
1332 3392 1532 3444 Auctor

493 3467 888 3524 declamationis
907 3472 960 3524 in
975 3471 1288 3525 Catilinam:
1305 3497 1331 3517 κ
1351 3473 1533 3542 vigent

493 3547 638 3604 enim
671 3547 727 3602 in
747 3549 834 3603 illa
865 3550 1017 3604 clade
1049 3569 1134 3604 res
1159 3549 1530 3604 diversissima!

491 3630 712 3702 pariter,
731 3631 1054 3686 continentia
1075 3644 1126 3685 et
1145 3629 1368 3684 libido».
1381 3631 1533 3686 Lam-

493 3708 700 3782 pridius
719 3710 776 3762 in
789 3710 1082 3783 Elagabaio
1107 3728 1122 3763 :
1157 3736 1180 3758 ι
1203 3711 1401 3763 mimm
1425 3709 1529 3762 for-

493 3802 632 3842 tasse
669 3789 900 3861 cuipiam
929 3789 1194 3854 videatur,
1231 3789 1377 3863 quod
1407 3787 1523 3840 haec

492 3867 672 3923 clades
687 3911 702 3936 ,
721 3888 886 3942 quam
907 3871 1062 3925 retuli
1085 3909 1100 3934 ,
1128 3870 1248 3922 loco
1279 3867 1531 3941 principis

493 3950 658 4002 fuerit
683 3975 728 4004 ι.
771 3952 974 4006 seneca
1007 3949 1080 4006 de
1113 3951 1328 4004 Medea:
1347 3949 1531 4000 «Abo-

490 4027 600 4080 lere
619 4029 757 4082 ferro
773 4031 1054 4102 pessimam
1076 4049 1306 4102 propera
1325 4031 1468 4082 luem
1485 4052 1527 4079 a.

495 4104 822 4162 Claudianus
843 4107 912 4162 de
933 4110 1126 4164 Rufino
1141 4147 1157 4174 ,
1175 4109 1272 4164 lib.
1291 4111 1350 4161 11
1373 4133 1395 4156 ·
1418 4124 1527 4180 ‘1¹¹0

1630 1642 1779 1687 tanta
1798 1633 1909 1686 lues
1923 1633 2153 1704 eruperit
2170 1644 2291 1686 ortu
2310 1659 2356 1686 υ.
2382 1631 2655 1688 Bau-ru.—

1630 1711 1698 1763 Et
1733 1711 1859 1764 ideo
1891 1711 2175 1782 presertim
2186 1715 2407 1783 flamma
2446 1733 2652 1768 servan·

1631 1789 1757 1844 dum
1775 1803 1869 1854 est,
1882 1787 2025 1864 quod
2048 1789 2219 1862 aptius
2238 1793 2521 1846 conveniat
2535 1811 2649 1846 cum

1629 1871 1805 1924 sabula
1828 1869 1891 1924 de
1909 1871 2131 1923 Hecuba
2150 1869 2353 1924 Paridis
2370 1873 2652 1942 genetrice,

1630 1949 1818 2005 tedam
1840 1969 1891 2004 se
1912 1950 2173 2022 peperisse
2202 1951 2532 2018 somniante,
2553 1971 2649 2024 qua

1630 2030 1801 2085 Troas
1832 2031 2057 2101 Asiaque
2086 2032 2259 2084 omnis
2288 2031 2547 2086 incendio
2572 2051 2649 2085 va·

1632 2123 1905 2165 staremur.
1933 2109 2035 2164 En.

1703 2191 1815 2246 253.
1834 2195 1918 2242 Ea:
1936 2193 2139 2260 agmine
2156 2193 2313 2242 eet-nie
2336 2190 2405 2243 G.
2428 2210 2482 2244 a.

1702 2272 1815 2332 254.
1855 2276 2013 2339 Seque
2046 2275 2189 2324 velue
2224 2273 2337 2324 ‘ve'so
2366 2273 2647 2340 perterritas

1628 2350 1881 2420 angue.G.
1898 2370 1928 2405 ι
1942 2349 2103 2406 habet
2120 2355 2301 2418 Sicque
2316 2355 2479 2404 velut.
2502 2351 2651 2405 Com·

1626 2431 1954 2504 parationem
2006 2431 2075 2484 ab
2134 2431 2369 2484 Homero
2426 2431 2615 2484 factam
2630 2468 2645 2494 ,

1630 2513 1745 2578 ΙΙΙ,
1778 2510 1846 2566 33
1882 2529 1997 2585 seq.
2033 2529 2200 2586 quam
2228 2510 2316 2564 hic
2344 2510 2647 2564 brevissime

1624 2591 1865 2663 exprimit
1883 2591 2097 2656 Noster,
2116 2590 2375 2662 Virgilius
2388 2629 2404 2655 ,
2432 2591 2560 2643 ΑΕΒ.
2578 2589 2645 2654 11,

1625 2670 1729 2742 378
1758 2689 1867 2744 seq.
1905 2670 1975 2725 de
2012 2668 2296 2744 Androgeo
2335 2671 2642 2742 usurpavit:

1626 2775 1649 2797 ι
1672 2749 1985 2822 Obstupuit,
2010 2763 2262 2822 retmque
2296 2748 2495 2822 pedem
2532 2769 2646 2804 cum

1622 2849 1750 2884 voce
1784 2830 2054 2904 repressit.
2083 2830 2441 2902 Improvisum
2482 2831 2646 2904 aspris

1622 2912 1781 2965 veluti
1807 2912 1901 2984 qui
1931 2911 2165 2965 sentibus
2204 2928 2430 2982 anguem
2459 2910 2647 2964 Pressit

1619 2992 1769 3046 humi
1808 2991 2010 3056 nitens,
2050 2991 2397 3064 trepidusque
2432 3003 2645 3062 repente

1621 3072 1816 3143 refugit
1842 3097 1883 3122 ι.
1920 3072 2142 3126 Brevius
2181 3071 2356 3139 Naso,
2392 3070 2539 3122 Fast.
2564 3071 2645 3134 11,

1623 3152 1742 3214 341,
1760 3152 2161 3224 “Attonitusque
2184 3163 2331 3206 metu
2352 3149 2645 3205 rediit:ceu

1620 3249 1757 3304 supe
1782 3232 1950 3284 viator
1971 3232 2271 3284 Turbatam
2306 3231 2419 3283 viso
2448 3229 2647 3284 rettulit

1620 3330 1788 3382 angue
1816 3310 2011 3381 pedem
2036 3337 2079 3363 ι.
2103 3309 2407 3374 Iuvenalis,
2446 3310 2505 3378 1,
2548 3309 2644 3374 43:

1620 3417 1645 3436 α
1668 3389 1892 3455 Palleat,
1914 3403 1969 3444 ut
1992 3390 2149 3444 nudis
2168 3389 2357 3464 pressit
2376 3390 2473 3462 qui
2495 3389 2647 3444 calci-

1619 3471 1715 3522 bus
1735 3489 1965 3542 anguem
1992 3495 2037 3524 ι.

1689 3553 1811 3604 256.
1832 3551 2084 3621 perfusum
2104 3565 2287 3602 ter-mre
2309 3553 2478 3616 videt,
2510 3569 2539 3600 ο
2562 3551 2643 3602 de-

1620 3632 1769 3682 decus
1794 3629 1859 3682 G.
1885 3650 1933 3683 a.

1689 3709 1809 3780 257.
1851 3713 2153 3778 Generisqve
2201 3711 2414 3774 infamia
2474 3709 2640 3763 nostri.

1620 3786 1770 3842 Ovid.
1792 3789 2183 3853 Metamvm,
2225 3808 2294 3861 97
2322 3809 2336 3844 ι
2376 3814 2398 3836 ι
2426 3809 2459 3842 o
2480 3785 2641 3842 nostri

1621 3869 1840 3923 infamia
1862 3871 2003 3924 ancli
2028 3893 2074 3921 a.

1692 3947 1809 4020 ²59·
1865 3952 2077 4018 Hospitis
2129 3969 2427 4020 expugnare
2485 3963 2634 4008 toros,

1617 4028 1671 4081 h.
1691 4049 1737 4082 e.
1755 4032 2040 4102 conjugem
2068 4027 2437 4082 sollicitatione
2456 4043 2637 4099 capere

1617 4119 1669 4161 et
1692 4127 2032 4182 corrumpere
2050 4146 2065 4172 ,
2082 4105 2533 4179 quemadmodum
2552 4125 2635 4158 ex·
