2975 4684
555 448 691 492 212

1259 419 1558 487 CORN.
1613 420 1980 489 SEVERI

638 551 1044 628 Tantorum,
1086 539 1368 635 pedibus
1405 539 1568 608 civis
1612 540 1907 635 projecta
1945 541 2249 636 superbis

644 652 1066 726 Proculcavit
1106 674 1350 732 ovans,
1390 675 1513 719 nec
1555 648 1812 720 lubrica
1851 655 2046 739 Fata,
2080 655 2394 745 Deosque

645 765 959 860 Respexit
990 790 1008 832 ε
1054 759 1243 830 nullo
1278 760 1415 830 luet
1450 760 1582 830 hoc
1618 761 1951 831 Antonius
1985 787 2148 831 aevo.
2639 793 2692 818 ιο

646 886 804 951 Haec
846 903 969 948 nec
1006 878 1075 945 in
1110 876 1447 945 AEmathio
1482 875 1662 942 mitis
1695 875 1974 946 victoria
2011 879 2245 960 Perse,

640 993 785 1062 Nec
825 1002 923 1074 te,
964 987 1107 1057 dire
1144 985 1450 1080 Syphax,
1495 1008 1619 1053 nec
1656 983 1815 1054 fecit
1848 985 1919 1053 in
1948 985 2138 1056 hoste
2173 983 2522 1080 Philipp03

641 1107 855 1194 Inque
896 1095 1309 1189 triumphato
1346 1093 1635 1163 ludibria
1675 1109 1918 1164 cuncta
1951 1099 1991 1164 J
1997 1095 2292 1192 ugurtha

546 1331 675 1370 cesa
702 1331 758 1376 »3
804 1323 861 1364 at
906 1310 1086 1364 Livius
1130 1307 1276 1380 apud
1322 1309 1578 1362 Senecam

544 1403 728 1448 narrat
746 1433 761 1458 ,
790 1402 953 1462 caput
980 1389 1123 1442 inter
1146 1386 1280 1440 duas
1306 1405 1497 1439 manus
1522 1384 1578 1436 in

546 1472 744 1526 Rostris
778 1469 1009 1542 positum
1024 1507 1042 1534 ,
1067 1485 1298 1539 quocum
1329 1466 1458 1518 facit
1493 1465 1581 1518 Se-

545 1569 723 1606 verus.
752 1555 954 1600 Sacrum
980 1546 1199 1611 dicitur,
1222 1557 1283 1596 ut
1305 1543 1542 1596 divinum
1563 1579 1580 1605 ,

542 1631 790 1684 Romanis
817 1625 1190 1700 quodcumque
1226 1623 1479 1696 singulari
1499 1641 1583 1674 vc-

548 1709 824 1764 neratione
854 1707 1077 1778 dignum
1091 1745 1108 1772 ,
1131 1717 1183 1757 et
1201 1702 1433 1757 humana
1457 1719 1582 1754 con-

546 1788 745 1843 ditione
781 1783 1177 1859 quodammodo
1216 1781 1372 1836 altius
1400 1798 1582 1832 cense-

546 1879 649 1922 tur.
670 1869 754 1924 Sic
774 1866 931 1919 etiam
950 1861 1206 1916 Martialis
1221 1898 1239 1925 ,
1267 1860 1354 1913 111
1368 1899 1385 1926 ,
1411 1859 1580 1931 epigr.

547 1951 617 2002 66
632 1987 649 2012 ,
686 1947 755 2000 de
773 1943 1023 2017 Pompeio
1044 1953 1095 1995 et
1114 1941 1403 1994 Cicerone:
1434 1963 1455 1984 ι
1478 1939 1584 1991 Par

548 2028 721 2083 scelus
748 2024 963 2080 admisit
984 2021 1188 2076 Phariis
1212 2019 1471 2074 Antonius
1501 2037 1584 2069 ar-

546 2108 679 2170 mis;
718 2102 951 2158 Abscidit
983 2102 1161 2156 vultus
1186 2099 1327 2152 ensis
1351 2109 1575 2170 uterque

549 2205 727 2244 sacros
752 2210 792 2235 ι.

626 2285 710 2334 19·
754 2267 859 2318 Nec
885 2263 1068 2313 lubrica
1095 2264 1219 2310 Fata
1236 2293 1251 2318 ,
1278 2255 1580 2320 mutabilia,

546 2363 665 2420 qum
720 2354 945 2397 stantem
997 2338 1153 2392 facilc
1198 2335 1307 2389 labi
1359 2337 1579 2389 faciant.

548 2425 764 2479 Curtius
784 2462 800 2489 ,
826 2420 935 2472 vn
951 2459 967 2484 ,
1016 2419 1047 2470 8
1066 2456 1083 2478 ,
1112 2423 1178 2480 ²⁴
1202 2434 1217 2468 ι
1249 2441 1274 2462 α
1294 2417 1580 2468 Fortunam

548 2519 695 2559 tuam
718 2500 909 2576 pressis
936 2497 1180 2550 manibus
1202 2506 1357 2558 tcne;
1380 2494 1581 2548 lubrica

546 2597 623 2638 est
636 2621 654 2648 ,
674 2601 775 2635 nec
790 2579 951 2632 invita
978 2576 1145 2630 teneri
1168 2585 1336 2647 potest
1356 2601 1401 2627 n.

622 2681 708 2716 so.
740 2665 970 2727 Deosque
1015 2657 1257 2724 respexit,
1292 2653 1405 2707 scil.
1440 2655 1580 2706 Deos

550 2745 745 2796 ultores
768 2740 1047 2794 scelerum.
1078 2735 1147 2789 Et
1172 2738 1387 2803 respexit
1414 2732 1578 2799 dicit,

548 2823 641 2895 qui
672 2832 813 2874 retro
832 2830 885 2870 et
910 2837 940 2870 a
968 2829 1117 2886 tergo
1136 2813 1279 2885 sequi
1306 2812 1578 2868 dicuntur.

548 2902 747 2957 Tibull.
782 2901 808 2951 1
832 2939 848 2965 ,
882 2901 947 2962 8,
990 2913 1054 2966 72
1092 2915 1105 2948 ε
1155 2919 1177 2942 ι
1200 2892 1418 2948 Nescius
1446 2893 1579 2945 ulto-

550 3002 667 3038 rem
688 2991 805 3052 post
834 2987 993 3049 caput
1014 2994 1129 3028 esse
1148 2980 1319 3026 Deum
1338 2991 1396 3037 »3
1418 2984 1471 3025 et
1492 2974 1580 3028 Se,

550 3080 675 3116 neca
695 3097 711 3124 ,
732 3060 888 3111 Herc.
906 3057 1013 3108 fur.
1038 3055 1165 3109 385:
1186 3077 1207 3098 ι
1230 3051 1475 3123 Sequitur
1497 3070 1580 3103 su-

549 3142 743 3213 perbos
770 3139 913 3191 ultor
939 3155 973 3188 a
1003 3147 1153 3205 tergo
1172 3133 1311 3185 Deus
1330 3158 1375 3186 a.
1406 3131 1576 3185 Lucil.

550 3223 656 3274 Sat.
702 3237 759 3290 p.
802 3217 833 3268 8
863 3235 876 3266 ε
910 3241 935 3260 α
960 3215 1131 3266 Nemo
1159 3212 1247 3265 hic
1282 3209 1534 3265 vindicias
1560 3248 1575 3277 ,

552 3317 783 3359 numen,
806 3313 979 3365 neque
1008 3311 1159 3345 sacra
1180 3303 1393 3345 veretur
1413 3317 1453 3340 n.

626 3396 708 3430 αι.
728 3381 834 3428 Hoc
856 3371 1025 3426 edidit
1048 3372 1303 3436 Crinitus,
1328 3375 1446 3422 Hoec
1464 3371 1578 3424 Ste-

554 3458 768 3531 phanus
799 3466 850 3507 et
886 3451 1206 3505 Gronovius.
1238 3481 1309 3491 —-
1328 3454 1578 3502 AEmatlu'o

555 3545 717 3590 Perse.
760 3536 847 3601 Is,
886 3542 1007 3603 post
1042 3531 1106 3582 L.
1139 3530 1339 3582 AEmilii
1388 3531 1578 3582 trium-

556 3617 721 3686 phum
743 3653 759 3678 ,
790 3615 845 3666 in
874 3629 1137 3664 carcerem
1166 3609 1429 3662 Albanum
1458 3627 1581 3662 con·-

556 3697 695 3750 ditus
712 3731 729 3758 ,
754 3704 807 3746 et
834 3691 957 3744 inde
974 3728 989 3754 ‚
1026 3687 1213 3742 eodem
1240 3691 1307 3742 L.
1328 3688 1546 3742 AEmilio
1563 3725 1578 3750 ,

554 3787 873 3845 senatusque
892 3769 1131 3843 principe
1148 3769 1227 3823 M.
1258 3767 1463 3840 Lepido
1490 3767 1583 3820 ad·

550 3860 771 3929 juvante
786 3889 803 3916 ‚
820 3861 1095 3921 exemptus
1108 3889 1125 3916 ,
1148 3849 1200 3901 in
1224 3848 1390 3901 libera
1409 3859 1584 3902 custo-

555 3934 638 3987 dia
683 3931 955 3986 biennium
993 3929 1213 3986 exn-axit
1232 3967 1248 3992 ,
1280 3927 1371 3980 ubi
1408 3925 1582 3980 inedia

554 4012 811 4066 interiisse
841 4009 1027 4062 fertur.
1052 4005 1177 4060 Vid.
1197 4007 1281 4060 Jo.
1310 4007 1586 4061 Freinshe-

558 4092 719 4154 mius,
741 4088 1013 4160 Supplem.
1036 4087 1131 4140 lib.
1151 4087 1329 4139 XLVI
1350 4086 1583 4150 Liviani,

556 4185 607 4224 et
630 4172 902 4241 scriptores
919 4205 937 4232 ‚
964 4185 1099 4238 quos
1128 4164 1343 4233 laudat3
1383 4185 1439 4238 p.
1476 4185 1538 4217 υ
1565 4205 1582 4231 ,

1664 1316 1704 1357 t.
1725 1305 1808 1358 lx
1823 1343 1839 1372 ,
1861 1309 1986 1362 edit.
2009 1322 2215 1364 nostrae.
2237 1309 2488 1363 En.—In
2507 1309 2694 1362 triuni-

1664 1383 1834 1454 phum
1879 1386 2066 1442 ductus
2117 1389 2326 1455 Perses,
2362 1387 2690 1441 Macedoniae

1667 1483 1786 1532 rex,
1809 1487 1950 1520 anno
1987 1469 2054 1520 U.
2099 1469 2162 1522 C.
2209 1471 2324 1523 586.
2371 1473 2452 1522 De
2486 1465 2692 1520 AEmilii

1667 1545 1832 1599 Paulli
1853 1565 1978 1618 erga
2000 1565 2119 1600 eum
2139 1547 2416 1600 clementia
2438 1545 2694 1618 legendus

1669 1623 1852 1678 Livius
1867 1663 1883 1690 ,
1903 1626 1994 1679 lib.
2022 1627 2192 1692 XLV,
2213 1645 2327 1699 cap.
2345 1645 2380 1698 7
2403 1637 2456 1678 et
2476 1632 2538 1688 83
2567 1625 2690 1678 val.

1669 1703 1806 1756 Max.
1829 1705 1996 1768 lih.V,
2026 1725 2143 1777 cap.
2168 1724 2210 1768 1,
2233 1709 2296 1768 83
2321 1725 2376 1778 p.
2403 1706 2506 1774 339
2525 1742 2542 1768 ,
2563 1716 2602 1756 t.
2625 1704 2651 1755 1
2671 1744 2689 1770 ‚

1669 1781 1794 1836 edit.
1813 1795 2020 1838 nostrae.
2039 1784 2141 1838 En.

1745 1883 1830 1916 υ.
1855 1869 1962 1914 Nec
1993 1879 2068 1925 ιε,
2100 1867 2206 1915 de'rc
2221 1868 2438 1932 Syphax.
2453 1863 2552 1916 Hic
2569 1865 2623 1914 in
2643 1879 2692 1914 te

1669 1943 1770 1998 ἀπὸ
1791 1951 1946 1999 κοινοῦ
1973 1941 2334 2014 repetendum.
2375 1945 2494 1996 Non
2528 1943 2692 2014 igitur

1667 2034 1808 2076 recte
1835 2023 2058 2077 mutavit
2075 2023 2243 2075 Lilius
2260 2021 2556 2096 Gyraldus,
2587 2021 2686 2075 lib.

1667 2103 1747 2156 IV
1762 2103 1892 2156 Hist.
1915 2103 2061 2155 Poet.
2078 2103 2245 2156 Vivus
2267 2113 2447 2174 captus
2473 2099 2688 2173 Syphax

1667 2183 1722 2235 in
1757 2182 2005 2236 Numidia
2035 2201 2066 2235 a
2098 2183 2259 2236 Lelio
2297 2194 2348 2235 et
2383 2181 2692 2247 Masinissa,

1667 2260 1832 2315 ductu
1857 2273 2016 2334 atque
2043 2262 2293 2334 auspiciis
2320 2261 2383 2314 P.
2403 2261 2562 2314 Corn.
2577 2261 2693 2314 sci·

1666 2342 1839 2414 pionis
1861 2342 2096 2396 Africani
2117 2342 2421 2413 superioris,
2435 2340 2530 2414 qui
2547 2358 2693 2394 anno

1672 2424 1770 2476 552
1795 2421 1863 2474 de
1884 2421 2126 2494 Syphace
2141 2439 2265 2492 rege
2281 2458 2296 2486 ,
2324 2420 2626 2474 Hannibale
2637 2431 2692 2472 et

1669 2499 1843 2553 Poenis
1890 2501 2236 2573 triumphavit
2256 2519 2270 2553 :
2313 2499 2535 2571 septimo
2571 2510 2692 2569 post

1667 2598 1811 2634 anno
1835 2599 1896 2633 cx
1927 2579 2242 2634 Macedonia
2269 2593 2320 2633 et
2344 2597 2470 2652 rege
2494 2578 2694 2650 Philip-

1667 2677 1741 2731 po
1763 2661 1828 2712 T.
1855 2659 2107 2724 Quintius
2143 2659 2435 2713 Flaminius
2466 2677 2555 2711 ιη.
2585 2659 2696 2724 569

1667 2750 1784 2810 post
1803 2739 1874 2790 U.
1899 2740 1960 2792 C.
1993 2739 2284 2794 Seno-trus.
2322 2738 2536 2812 Syphax
2567 2749 2694 2790 ante

1665 2818 1998 2888 triumphum
2021 2829 2259 2871 mortuus
2269 2817 2467 2870 Tibure
2484 2853 2499 2878 ,
2525 2828 2576 2870 et
2593 2835 2695 2886 pu-

1665 2897 1807 2950 blico
1827 2898 2010 2952 funere
2027 2897 2196 2950 clatus
2215 2909 2310 2950 est.
2338 2895 2462 2949 Vid.
2477 2897 2657 2949 Livius
2676 2933 2692 2958 ,

1666 2975 1758 3029 lib.
1783 2977 1938 3030 XXX
1953 3017 1970 3044 ,
2011 2994 2132 3049 cap.
2155 2979 2241 3039 46.
2271 3007 2342 3016 —
2365 2981 2472 3027 Nec
2483 2976 2618 3044 fece}
2638 2979 2691 3026 in

1664 3059 1800 3108 bosco
1817 3058 2049 3126 Philippo.
2069 3054 2448 3128 Intelligendus
2464 3053 2698 3108 Pseudo-

1663 3134 1942 3210 Philippus
1961 3176 1976 3203 ,
2007 3137 2099 3208 qui
2127 3154 2184 3190 se
2206 3135 2380 3188 Persei
2407 3133 2576 3187 filium
2611 3136 2694 3187 fc-

1664 3218 1841 3280 rebat,
1877 3216 1944 3269 dc
1978 3236 2086 3287 quo
2123 3215 2326 3288 legend.
2365 3215 2691 3270 Freinshem.

1663 3297 1931 3368 Supplem.
1962 3295 2084 3349 libri
2112 3297 2156 3348 L
2193 3295 2360 3361 Livii;
2391 3313 2519 3349 nam
2555 3313 2695 3348 nnn·

1665 3395 1828 3450 quarn
1847 3376 2089 3448 captivus
2109 3376 2208 3429 fuit
2223 3393 2378 3428 verus
2399 3374 2695 3445 Philippus.

1667 3457 1796 3510 vid.
1827 3469 1863 3508 t.
1892 3457 1967 3510 IX
1988 3497 2003 3522 ,
2025 3475 2076 3528 p.
2103 3457 2199 3510 133
2218 3496 2235 3521 ,
2253 3454 2334 3508 ed.
2357 3465 2564 3506 nostrae.
2585 3455 2690 3507 En.

1741 3539 1826 3590 23.
1844 3531 2066 3586 Ludibrio
2084 3549 2259 3586 cuncta
2276 3537 2537 3603 Iugur-eka.
2553 3533 2696 3587 Scri-

1666 3627 1790 3688 ptor
1817 3614 1884 3667 de
1907 3615 2046 3666 Viris
2071 3614 2256 3667 illustr.
2284 3625 2468 3666 auctor
2497 3625 2576 3666 cst
2591 3650 2605 3673 ,
2625 3613 2696 3664 de

1667 3695 1930 3767 Juguriha
1953 3694 2308 3767 triumphasse
2337 3693 2402 3758 Q.
2419 3693 2694 3746 Caecilium

1668 3773 1938 3827 Metellum
1948 3813 1963 3838 ,
1984 3773 2072 3826 cui
2091 3771 2360 3826 Numidici
2372 3789 2668 3842 cognomen
2678 3809 2693 3833 ,

1671 3873 1813 3907 anno
1839 3857 1962 3917 644.
1983 3853 2046 3904 C.
2067 3851 2264 3905 Marius
2292 3855 2474 3903 consul
2499 3849 2692 3903 iterum

1671 3934 1727 3987 in
1755 3931 2085 4003 triumphum
2116 3930 2266 3984 duxit
2290 3948 2434 3982 anno
2457 3933 2562 3997 649
2581 3967 2596 3992 ,
2639 3945 2696 3984 et

1672 4012 1938 4066 insaniens
1979 4011 2012 4062 J
2015 4009 2238 4081 ugurtha
2283 4010 2337 4062 in
2383 4008 2694 4062 Barathrum

1673 4091 1904 4164 dejectus
1923 4127 1938 4153 ‚
1974 4114 1997 4137 ι
2018 4089 2281 4161 Juppitcr‚
2302 4087 2476 4160 inquit
2490 4129 2505 4153 ,
2523 4100 2582 4142 ut
2608 4089 2696 4142 fri-

1673 4171 1850 4242 gidum
1881 4181 1958 4223 cst
1983 4168 2088 4222 hoc
2113 4169 2357 4222 balncum
2387 4167 2401 4219 l
2429 4193 2451 4216 ι
2493 4167 2696 4220 Hanni·
