2975 4684
789 361 923 433 AD
987 361 1324 430 SALEII
1379 363 1661 430 BASSI
1723 360 2167 442 CARMEN.
2404 358 2544 430 283

424 494 598 544 totus
629 481 944 569 repetitur
973 481 1082 544 lib.
1106 479 1261 562 VII,
1295 479 1376 546 32
1395 529 1414 562 ,
1451 505 1549 546 10.
1579 480 1769 546 Aliud
1807 498 1875 544 et
1899 479 2225 544 diversum
2267 505 2305 545 a
2333 483 2542 547 verbis

422 581 610 650 Saleii
629 581 943 672 significat
962 605 1184 647 versus
1199 583 1533 664 Martialis,
1552 583 1703 665 ΧΠ,
1724 583 1807 648 83
1824 631 1844 666 ,
1866 580 1903 646 5
1934 607 1949 646 ε
1984 582 2273 671 Colliget,
2295 597 2362 647 et
2378 582 2543 672 resb-

421 696 516 748 ret
534 683 776 772 lapsum
807 685 886 747 de
901 683 1160 773 pulvere
1159 682 1422 772 follem.
1457 685 1625 750 Nam
1655 685 1763 748 hic
1784 707 1997 748 sermo
2022 698 2119 748 est
2140 682 2222 749 de
2253 683 2543 748 officioso

423 785 690 850 homine
717 802 784 850 et
808 786 1121 875 parasitO,
1157 787 1272 874 qui
1313 787 1534 858 follem
1586 785 1918 875 delapsum
1936 803 2021 868 ‚et
2045 787 2177 866 jam
2206 786 2545 873 quiescen-

425 903 554 952 tem
579 887 746 952 tollit
779 886 860 952 de
885 889 1190 980 pulvere,
1217 904 1294 953 ut
1315 889 1550 954 referat
1573 887 1655 952 ad
1687 887 2029 955 dominum
2046 935 2063 964 ,
2090 887 2191 951 vel
2214 885 2507 952 datorem
2523 934 2544 967 ,

423 988 534 1075 qui
566 1003 829 1077 repetere
861 989 1057 1076 pilam
1091 988 1427 1054 dicebatur
1441 1039 1459 1071 ,
1507 991 1561 1054 si
1596 1013 1821 1054 rursus
1860 989 2041 1054 daret
2070 989 2173 1055 vel
2200 989 2541 1054 emitteret.

422 1089 783 1172 Petronius,
796 1113 932 1179 oep.
961 1113 1042 1177 27
1066 1115 1082 1156 ε
1104 1091 1244 1157 Nec
1254 1092 1468 1180 pilam
1487 1091 1760 1181 amplius
1781 1091 2125 1181 repetebat,
2152 1113 2299 1180 quoe
2318 1105 2547 1154 terram

421 1195 766 1279 contigerat
782 1241 802 1272 ‚
827 1191 942 1256 sed
937 1191 1180 1277 follem
1197 1192 1463 1281 plenum
1496 1193 1771 1258 habebat
1794 1215 2001 1258 servus
2012 1218 2039 1273 ‚⁰
2074 1186 2546 1280 sufficiebatque

419 1293 788 1357 ludentibus.
829 1295 1128 1381 Denique
1177 1293 1352 1358 aliud
1402 1295 1776 1360 mobilitatis
1810 1309 1876 1360 et
1922 1287 2177 1358 virtutis
2224 1313 2433 1384 genus
2472 1291 2539 1354 in

419 1393 577 1457 ludo
611 1394 756 1482 pilae
787 1409 922 1458 erat
938 1443 959 1476 ,
989 1417 1119 1458 non
1149 1410 1394 1484 sperato
1389 1394 1762 1484 fugientem
1782 1394 2037 1462 reddere
2057 1409 2257 1482 gestu.
2282 1393 2537 1458 Scilicet

419 1496 472 1558 si
546 1496 630 1558 ila
661 1497 920 1586 longius
953 1497 1182 1586 fugere
1211 1513 1408 1586 atque
1431 1515 1613 1565 extra
1642 1498 1923 1587 spatium
1948 1497 2173 1564 circuli
2198 1495 2427 1561 cadere
2452 1495 2546 1558 vi·

421 1519 725 1680 debatur,
755 1614 1009 1687 poterat
1037 1599 1229 1663 celeri
1265 1601 1555 1688 corporis
1586 1599 2011 1664 conversione
2028 1645 2046 1680 ,
2076 1612 2264 1688 gestu
2277 1645 2297 1677 ,
2337 1595 2504 1660 saltu
2525 1642 2544 1675 ,

419 1721 618 1786 quem
646 1721 843 1764 nemo
865 1701 1299 1787 suspicaretur
1323 1716 1436 1764 aut
1467 1715 1783 1788 speraret,
1810 1699 1988 1779 rejici
2020 1713 2087 1762 et
2116 1697 2400 1761 revocari
2420 1745 2437 1777 ‚
2468 1713 2545 1758 ut

397 1803 798 1874 ,redderetur
819 1806 1060 1870 circulo
1083 1806 1468 1870 ludentium.
1489 1809 1634 1870 Hoc
1657 1809 1791 1870 fere
1816 1803 2041 1869 iisdem
2066 1803 2275 1866 verbis
2296 1803 2361 1865 in
2387 1799 2544 1864 ludo

415 1907 559 1994 pilae
584 1905 1012 1972 describendo
1049 1909 1359 1996 expressit
1399 1907 1733 1989 Manilius,
1759 1907 1956 1986 lih.V,
1998 1903 2117 1970 165
2154 1927 2285 1991 seq.

695 2081 792 2134 me
815 2082 980 2152 pflm
999 2082 1160 2136 celeri
1179 2044 1472 2152 fugientem
1494 2080 1719 2136 reddere
1738 2082 1925 2153 planta
1938 2121 1957 2145 ,

693 2166 761 2218 Et
783 2164 1004 2240 pedibus
1021 2185 1246 2238 pensare
1269 2183 1456 2220 manus
1473 2203 1490 2230 ,
1519 2177 1575 2218 et
1592 2164 1777 2220 ludere
1798 2166 1939 2221 saltu
1960 2204 1976 2228 ,

695 2247 1089 2325 Mobilibusque
1112 2253 1244 2301 citos
1263 2249 1398 2301 ictus
1419 2248 1712 2321 glomerare
1735 2249 1958 2302 lacertis.

503 2475 589 2516 -7-
621 2437 844 2506 Exstat
879 2439 946 2500 in
963 2439 1228 2503 Anthol.
1253 2441 1393 2503 Lat.
1418 2439 1807 2516 Burmanni,
1834 2440 1943 2504 lib.
1966 2440 2101 2520 111,
2138 2439 2324 2528 epist.
2357 2463 2542 2520 xxm,

417 2537 563 2602 Ursi
598 2539 827 2630 Togati
872 2538 1171 2628 Pilicrepi
1196 2589 1215 2622 ,
1266 2540 1450 2622 cujus
1494 2563 1683 2605 versu
1730 2565 1755 2604 1
1775 2591 1794 2624 ,
1841 2542 2050 2604 vitrea
2080 2539 2229 2629 pila
2280 2538 2538 2606 dicitur.

415 2641 756 2705 Salmasius
785 2640 1048 2729 quidem
1066 2691 1084 2723 ,
1108 2641 1191 2706 ad
1214 2641 1541 2731 Lamprid.
1569 2641 1829 2730 Elagab.
1858 2665 1998 2729 cap.
2025 2663 2125 2728 19,
2150 2639 2545 2728 intelligebat

413 2742 608 2830 pilam
644 2743 1026 2834 trigonalem
1037 2743 1241 2807 *vitrei
1278 2744 1545 2824 coloris3
1584 2742 1697 2807 sed
1722 2760 1897 2828 recte
1928 2743 2149 2808 Octav.
2174 2742 2505 2809 Ferrarius
2522 2789 2540 2822 ,

416 2842 524 2908 lib.
561 2845 592 2909 1
611 2893 632 2928 ,
669 2843 870 2910 Elect.
899 2867 1038 2932 cap.
1073 2845 1136 2925 6,
1169 2868 1320 2910 vere
1358 2845 1627 2911 vitream
1658 2844 1855 2938 pilam
1892 2845 2090 2908 fuisse
2118 2893 2137 2926 ,
2183 2843 2543 2932 ludumque

413 2946 592 3011 hunc
626 2969 872 3012 novum
904 2946 985 3010 ab
1017 2949 1188 3011 Urso
1221 2947 1657 3037 excogitatum
1686 2947 1890 3012 credit
1911 2996 1930 3029 ,
1977 2946 2130 3034 quia
2162 2947 2413 3034 primus
2446 2943 2543 3008 vi—

413 3059 544 3108 trea
579 3046 707 3134 pila
734 3047 960 3111 lusisse
991 3045 1262 3129 dicitur,
1308 3071 1452 3135 quae
1486 3048 1540 3113 si
1574 3049 1642 3111 in
1679 3065 1915 3114 terram
1950 3046 2207 3111 caderet
2239 3047 2571 3134 crepabat-

415 3162 479 3209 et
512 3145 900 3230 dissiliebat,
933 3147 1114 3235 quod
1152 3171 1376 3213 cavere
1411 3166 1550 3213 erat
1596 3151 1767 3214 illius
1811 3151 1924 3239 qui
1969 3150 2227 3213 vincere
2263 3148 2540 3213 volebat.

413 3247 584 3312 Hinc
613 3247 908 3314 dubitare
939 3250 1091 3314 licet
1120 3248 1384 3338 πρίω
1423 3250 1581 3314 leves
1609 3249 1787 3340 apud
1821 3251 2013 3316 Ovid.
2050 3255 2190 3316 Art.
2225 3252 2370 3314 Am.
2400 3249 2498 3313 111
2523 3298 2538 3329 ,

415 3347 566 3432 361,
606 3374 726 3439 per
757 3352 998 3417 vitreas
1023 3349 1422 3440 exponendae
1455 3353 1621 3434 sint,
1656 3353 1899 3440 quippe
1932 3376 2013 3416 eo
2049 3366 2342 3438 tempore
2370 3371 2542 3414 non-

413 3448 572 3513 dum
613 3467 822 3531 notae,
857 3467 922 3516 et
951 3475 1034 3515 an
1071 3475 1206 3516 non
1239 3451 1404 3516 lenes
1433 3453 1565 3518 illic
1596 3469 1853 3543 praestet
1886 3475 1965 3517 ex
1996 3453 2221 3517 codice
2257 3452 2546 3516 Palatino

415 3553 722 3618 secundo,
773 3555 927 3618 Pilae
976 3571 1195 3620 autem
1237 3556 1557 3645 crepantis
1593 3557 1776 3639 lusu,
1821 3555 2001 3620 unde
2036 3554 2376 3644 pilicrepus
2394 3603 2415 3634 ‚
2477 3577 2545 3617 se

416 3655 800 3719 exercebant
831 3657 1110 3722 Romani
1160 3675 1310 3721 ante
1361 3657 1574 3722 balnei
1612 3681 1804 3724 usum
1824 3707 1841 3740 ,
1878 3658 1961 3722 ab
1996 3657 2159 3722 hora
2208 3673 2427 3722 octava
2471 3655 2541 3718 in

417 3778 696 3839 nouam,
731 3755 890 3822 dum
925 3759 1190 3822 thermae
1225 3777 1763 3848 temperarentur.
1807 3761 1927 3824 En.

940 3997 967 4004 ι.
981 3985 2041 4020 --”ψ-

1945 4063 1951 4070 -
