2975 4684
727 320 1189 390 EPITOME
1255 321 1676 390 ILIADOS
1735 323 2162 391 HOMERI.

2366 321 2503 421 575

469 444 918 538 Restabatque
956 467 1156 537 super
1189 443 1406 512 tacitae
1441 467 1595 536 pars
1634 445 1827 512 tertia
1864 445 2113 531 noctis;

469 555 700 642 Quum
739 556 1048 623 Danaum
1078 553 1264 646 jussu
1303 555 1537 622 castris
1576 552 1857 623 AEtolius
1889 555 2088 624 heros
2430 596 2504 634 ς...

471 663 864 758 Egreditur,
907 663 1296 758 sociumque
1339 663 1464 734 sibi
1503 661 1747 758 delegit
1783 663 2117 758 Ulyssem,

470 775 610 862 Qui
647 799 868 843 secum
911 775 1116 844 tacito
1157 772 1474 844 sublustri
1516 775 1731 844 noctis
1772 776 1841 844 in
1880 777 2117 846 umbra

470 890 818 955 Sci-utetur
855 884 1106 968 studi0,
1143 909 1292 979 quae
1327 885 1412 954 sit
1449 883 1695 954 fiducia
1736 889 2020 971 Troum,

471 994 736 1085 Quidve
781 995 1070 1089 agitent,
1111 1009 1476 1089 quantasve
1518 1009 1751 1088 parent
1794 997 1861 1063 in
1899 994 2121 1090 praelia
2162 999 2356 1069 vires,

471 1107 786 1199 Dumque
827 1107 952 1174 iter
987 1105 1396 1176 horrendum
1437 1103 1737 1214 loca'per
1772 1121 2025 1176 secreta
2066 1126 2378 1204 vagantes
2430 1141 2505 1189 705

470 1217 884 1310 Carpebant,
917 1219 1098 1286 venit
1135 1241 1286 1286 ecce
1325 1217 1586 1302 Dolon,
1618 1242 1813 1311 quem
1858 1219 2095 1288 Troica
2132 1221 2339 1314 pubes

469 1328 780 1412 Miserat,
817 1343 893 1396 ut
933 1333 1244 1398 Danaum
1281 1327 1507 1397 solerti
1546 1343 1813 1424 pectore
1852 1329 2021 1397 vires

473 1440 912 1534 perspiceret,
953 1465 1314 1533 sensusque
1350 1439 1595 1509 ducum
1638 1437 1981 1534 plebisque
2016 1440 2311 1512 referret.

568 1553 792 1640 Quem
827 1549 1062 1644 procul
1103 1567 1176 1619 ut
1217 1549 1384 1619 vidit
1419 1551 1637 1619 socius
1678 1549 2023 1619 Diomedis
2068 1551 2360 1644 Ulysses‚

374 1729 508 1785 ratio
527 1731 716 1802 incipit
730 1771 745 1798 ,
765 1742 814 1783 et
837 1742 1087 1802 sequente
1105 1749 1256 1782 versu
1271 1749 1392 1798 pars

375 1816 515 1865 tertia
549 1815 704 1864 noetis
729 1810 960 1876 additur,
981 1831 1090 1864 non
1117 1821 1285 1882 potest
1313 1815 1392 1862 al·

375 1897 521 1944 terius
543 1895 720 1952 noctis,
742 1889 892 1962 quod
909 1890 1128 1962 vulgata!
1149 1890 1396 1942 videntur

377 1991 497 2024 cum
515 1970 790 2044 proeceden
798 1982 846 2023 te
867 1974 1064 2039 lenique
1081 1989 1253 2038 sopore
1270 1987 1395 2022 con·

373 2057 626 2126 jungere,
643 2052 730 2104 hie
751 2052 926 2104 locum
947 2049 1170 2114 habere,
1192 2047 1284 2102 sed
1304 2067 1392 2100 au·
1451 2071 1456 2074 ·

377 2147 494 2185 οισι·
513 2138 720 2185 alteram
731 2145 922 2200 partem
943 2134 1054 2204 eius
1075 2129 1240 2182 noctis
1254 2169 1269 2193 ,
1290 2145 1398 2199 qun

379 2212 620 2284 superius
667 2209 804 2262 dieta
855 2221 1168 2274 evenerant,
1211 2219 1264 2261 et
1311 2205 1396 2259 cui

379 2311 504 2345 mox
556 2292 762 2344 tertiam
815 2289 1024 2361 subjicit
1043 2329 1060 2354 ,
1105 2286 1400 2360 significare

379 2372 560 2425 voluit.
580 2371 750 2441 Igitur
770 2367 1052 2440 legendum
1075 2385 1290 2420 censeo:
1305 2371 1396 2419 Al-

379 2467 485 2504 tera
504 2453 770 2516 venulae,
792 2448 902 2502 scil.
923 2467 1046 2520 pars
1067 2448 1238 2501 noetis
1251 2486 1267 2511 ,
1288 2448 1394 2511 vel,

381 2532 426 2584 si
445 2530 549 2583 hoc
565 2529 732 2582 mavis
743 2569 758 2594 ,
775 2533 946 2581 Altera
963 2532 1243 2580 transierat.
1263 2528 1394 2592 Quae

382 2611 536 2663 lectio
582 2629 612 2663 e
651 2610 886 2681 vestigiis
935 2608 1204 2679 scripturae
1253 2607 1396 2660 codi-

382 2709 504 2742 cum
528 2693 740 2742 Alten'us
769 2691 979 2741 tenebra-2·
1003 2687 1146 2740 haud
1169 2686 1400 2740 difficul-

383 2783 460 2822 ter
485 2769 702 2822 eruitur.

455 2853 579 2918 699.
621 2848 760 2901 Editi
804 2847 1018 2920 quidem
1061 2847 1242 2918 legunt
1275 2865 1400 2914 par-s

384 2933 542 2981 altem
569 2932 723 2980 noctis
740 2967 755 2989 ,
779 2927 872 2980 sed
894 2926 1166 2980 manifesta
1191 2925 1304 2978 hnc
1325 2925 1403 2977 in·

387 3007 678 3080 terpolatio.
709 3007 904 3079 Scripti
934 3007 1038 3058 mei
1066 3025 1251 3059 omnes
1281 3025 1403 3072 pars

381 3093 526 3140 certia
550 3091 736 3152 noctis,
759 3085 922 3159 idque
947 3085 1263 3139 confirmant
1291 3085 1401 3136 Ho-

386 3168 516 3220 meri
537 3185 720 3220 versun
739 3205 754 3230 ,
775 3185 806 3218 e
824 3165 1017 3238 quibus
1037 3165 1132 3218 ista
1157 3164 1402 3217 translata

386 3259 538 3312 sunt,
575 3245 726 3298 Iliad.
765 3247 850 3307 X,
877 3245 975 3297 252
998 3231 1202 3317 τλστρα
1237 3245 1299 3299 δὲ
1335 3241 1402 3303 δὴ

385 3325 678 3399 πρόςίῧηκι·
708 3329 998 3398 παρῷχηκίν
1027 3347 1082 3379 τι
1119 3327 1280 3384 πλέων
1322 3327 1405 3390 νὺξ

387 3415 496 3461 Τῶν
515 3403 605 3460 δύο
624 3403 854 3479 ‘impio-e,
869 3407 1076 3477 τριτάτη
1095 3401 1148 3459 δ’
1166 3409 1238 3460 ἔτι
1257 3407 1406 3477 μοῖρα

384 3491 656 3541 laum-at.

459 3576 578 3628 700.
602 3555 746 3608 Editi
767 3554 964 3608 habent
987 3561 1122 3606 Turio
1147 3559 1405 3616 Danaum,

389 3647 440 3690 et
477 3637 543 3688 G.
591 3655 618 3688 2
647 3641 766 3686 Tum
803 3641 1064 3696 Damnum·
1086 3633 1178 3688 sed
1208 3653 1305 3705 ego
1343 3653 1409 3686 ex

389 3717 608 3768 Helmst.
640 3727 690 3769 et
717 3715 786 3768 G.
824 3735 846 3769 1
883 3721 1038 3784 Quum
1064 3721 1296 3766 Danaum
1326 3732 1407 3766 re-

390 3795 702 3868 ponendum
733 3795 999 3870 judicavi,
1025 3793 1274 3866 quoniam
1305 3791 1410 3848 hoe

392 3875 462 3928 ad
497 3874 876 3948 precedentem
907 3874 1158 3946 temporis
1185 3872 1410 3924 notatio-

393 3974 518 4008 nem
563 3953 898 4008 referendum
945 3966 1054 4015 est,
1098 3965 1148 4005 et
1196 3953 1410 4004 Homeri

395 4053 611 4098 veram,
643 4055 674 4087 e
719 4034 908 4106 quibus
951 4051 1067 4085 enm
1115 4050 1410 4102 expressam

395 4133 505 4166 esse
555 4113 690 4179 dixi,
730 4113 796 4166 ab
844 4113 1032 4186 Ulysse
1083 4112 1186 4165 hoe
1239 4112 1414 4184 ipsum

1483 1731 1601 1794 iter,
1639 1729 1707 1782 de
1748 1749 1855 1801 quo
1898 1729 1987 1783 hic
2028 1751 2201 1784 sermo
2244 1746 2354 1794 ent,
2384 1753 2503 1788 eum

1483 1809 1737 1863 Diomede
1778 1811 2108 1881 ingressuro,
2148 1813 2504 1883 proferuntur.

1480 1889 1587 1942 Pro
1611 1893 1844 1949 AEtoh'us,
1892 1892 1949 1942 A.
1993 1890 2153 1944 habet
2191 1897 2501 1945 Idomene-ius

1483 1973 1644 2021 heros.

1557 2067 1678 2117 70²·
1707 2053 1878 2100 Secum
1903 2051 2053 2100 tacito
2081 2050 2149 2102 G.
2186 2069 2207 2102 1
2230 2089 2245 2114 ,
2274 2071 2335 2114 2,
2362 2053 2426 2104 A.
2456 2065 2507 2105 et

1486 2129 1546 2180 L.
1590 2127 1681 2180 sed
1722 2130 1867 2178 tacito
1908 2129 2135 2200 pertinet
2176 2129 2245 2181 ad
2284 2149 2507 2202 sequens

1485 2210 1675 2259 Icadio..
1694 2207 1844 2278 Virg.
1866 2209 1991 2260 AEn.
2021 2208 2125 2272 lx,
2155 2209 2256 2278 373
2282 2229 2294 2262 :
2329 2237 2350 2257 ι
2378 2211 2505 2262 sub-

1485 2287 1637 2340 lustri
1660 2287 1827 2340 noctis
1856 2287 1913 2340 in
1940 2289 2127 2340 umbra
2144 2313 2189 2340 ιο.

1554 2374 1677 2436 704.
1724 2369 1859 2432 Quid
1884 2371 1973 2418 vel
2004 2382 2195 2436 agunt,
2233 2384 2507 2435 quantasve

1470 2453 1657 2506 parent
1677 2437 1742 2492 G.
1764 2457 1791 2488 2
1814 2474 1830 2498 ,
1852 2437 2121 2492 mendose.

1556 2517 1919 2588 705.Vulgatoe
1932 2517 2115 2589 legunt
2134 2523 2245 2570 loca
2258 2538 2351 2586 per
2366 2539 2507 2571 mon-

1487 2613 1630 2657 tana,
1655 2596 1741 2648 cui
1761 2596 1967 2668 proetuli
1991 2611 2208 2658 secreta,
2246 2597 2389 2669 qnod
2414 2597 2510 2650 ha-

1487 2677 1579 2730 bet
1594 2675 1661 2728 G.
1688 2695 1709 2728 1
1736 2697 1751 2741 ;
1786 2696 1878 2743 per
1904 2691 2147 2728 nocturna
2172 2693 2411 2744 paventes
2440 2679 2507 2730 H.

1489 2767 1541 2808 et
1558 2756 1623 2809 G.
1646 2773 1699 2820 ας
1711 2776 1808 2824 per
1822 2757 1995 2824 ignota
2004 2771 2239 2824 paventes
2255 2758 2316 2808 A.
2333 2755 2505 2810 Etiam

1488 2838 1557 2889 G.
1580 2857 1603 2890 1
1626 2852 1863 2905 paventes
1882 2837 2039 2890 habet
2053 2876 2068 2901 ,
2106 2835 2255 2908 quod
2276 2835 2507 2889 alienum

1488 2935 1521 2970 a
1540 2929 1713 2970 mente
1734 2929 1903 2990 poetae
1922 2927 2072 2988 puto.

1562 2997 1679 3066 708.
1700 2999 1953 3064 Λαρίσῃ-ετ
1982 2995 2199 3065 vulgata
2230 2993 2512 3064 praeferunt

1489 3095 1611 3128 cum
1638 3075 1863 3128 Helmst.
1889 3077 2182 3142 Perspicerec
2202 3073 2268 3126 G.
2302 3092 2349 3125 1.
2390 3078 2515 3124 Con-

1489 3159 1693 3226 spicerec
1712 3155 1781 3208 G.
1818 3173 1869 3206 ².
1922 3183 1997 3194 -·-
2048 3159 2254 3212 Sensus,
2294 3165 2511 3206 notante

1489 3235 1709 3288 Barthio
1733 3275 1749 3300 ,
1786 3253 1837 3306 p.
1881 3233 2050 3298 2808,
2091 3245 2213 3286 sunt
2254 3234 2471 3286 consilia
2496 3273 2513 3299 ,

1495 3313 1777 3388 judicium.
1800 3313 1887 3365 Sic
1919 3313 2222 3383 frequenter
2259 3309 2511 3364 Claudia-

1493 3411 1597 3445 nus
1616 3430 1630 3455 ,
1666 3403 1727 3444 ut
1758 3393 1825 3444 de
1858 3392 1942 3444 111
1974 3391 2135 3445 Cons.
2158 3391 2355 3444 Honor.
2384 3391 2508 3460 187:

1497 3498 1520 3518 ι
1540 3490 1651 3526 non
1708 3471 2095 3544 corrumpentia
2146 3489 2327 3523 sensus
2363 3473 2515 3523 Dona

1494 3553 1674 3605 valent
1693 3577 1735 3604 n.
1776 3550 1925 3604 Idem
1968 3549 2037 3602 de
2074 3550 2153 3601 lv
2188 3549 2345 3602 Cous.
2376 3550 2513 3602 Hon.

1498 3630 1601 3684 300
1639 3650 1651 3682 :
1705 3657 1731 3676 υ
1770 3649 1867 3684 nec
1909 3630 1983 3682 sic
2026 3627 2295 3681 inflectere
2332 3647 2517 3682 sensus

1498 3711 1769 3764 Humanos
1797 3708 1969 3762 edicta
1998 3707 2205 3766 valent,
2232 3719 2289 3759 ut
2316 3707 2420 3760 vita
2442 3726 2517 3759 re-

1497 3791 1665 3860 gentis
1686 3813 1729 3842 ο.
1768 3787 1916 3844 Idem
1936 3828 1951 3852 ,
1995 3785 2061 3840 de
2098 3784 2271 3838 Laud.
2312 3785 2513 3840 Stilich.

1499 3871 1616 3935 111,
1662 3888 1723 3921 10
1755 3885 1768 3920 :
1820 3893 1841 3914 ι
1866 3866 2259 3937 magnanimum
2302 3878 2481 3935 pectus
2502 3901 2517 3927 ,

1499 3969 1607 4021 quo
1640 3950 1789 4000 frena
1814 3957 2069 4017 reguntur
2088 3945 2335 4015 Imperii,
2368 3948 2519 4016 cujus

1504 4031 1729 4084 libratur
1746 4027 1983 4080 sensibus
2002 4025 2145 4078 orbis
2165 4049 2210 4078 ι.

1577 4127 1692 4179 7⁰9·
1721 4110 1895 4158 Procul
1919 4108 1998 4156 ube'
2014 4107 2153 4156 videt
2168 4105 2226 4154 A.
2246 4103 2442 4156 vitiose.
