2975 4684
1223 401 1534 472 AETNA.

2310 401 2440 497 157

408 519 759 618 Condere)
780 545 801 608 ;
826 519 1173 616 felicesque
1203 520 1419 593 alieno
1457 523 1865 591 intersumus
1899 545 2080 606 aevo,
2363 549 2442 601 ⁵⁷·

410 633 698 703 Invitata
742 633 855 727 pio
892 658 1073 702 nunc
1105 635 1401 702 carmine
1428 659 1585 702 saxa
1625 632 1932 728 lyraque‚

410 745 609 813 Nunc
638 745 905 838 gemina
933 769 1015 812 ex
1047 769 1186 840 uno
1223 744 1549 814 fumantia
1581 769 1766 813 sacra
1800 769 2046 838 vapore

409 855 781 940 Miramur,
826 871 1215 949 septemque
1256 855 1490 940 duces,
1536 870 1940 950 raptumque
1981 855 2337 949 profunda

411 965 689 1033 Detinet
722 969 1009 1034 Eurotas
1042 965 1177 1035 illie
1212 981 1280 1035 et
1314 969 1554 1062 Sparta
1581 968 1911 1062 Lycurgi,

306 1144 527 1208 Appulus
538 1162 562 1201 ,·
582 1155 634 1192 et
653 1141 920 1213 Amphion
938 1161 1169 1202 canorus,
1190 1140 1335 1212 quod

310 1218 667 1272 citharaedus:
688 1225 895 1290 impiger
908 1235 961 1275 et
984 1241 1195 1274 canorus
1216 1241 1337 1272 con·

308 1303 426 1350 dere
444 1297 639 1352 dieitur
658 1319 719 1352 ea
738 1299 930 1371 figura,
952 1320 1057 1373 qua
1076 1300 1257 1352 Horat.
1269 1298 1337 1352 de

309 1376 561 1431 fratribus
574 1379 789 1433 Helenae
806 1418 822 1444 ,
847 1382 1027 1433 Carm.
1052 1380 1079 1431 Ι
1095 1418 1111 1444 ,
1131 1399 1217 1444 12,
1236 1384 1334 1433 26:

309 1481 333 1500 α
354 1455 513 1510 Hunc
556 1460 737 1530 equis,
769 1457 919 1512 illum
956 1478 1205 1530 superare
1241 1479 1337 1532 pu-

306 1536 429 1606 gnis
448 1538 695 1590 Nobilem
720 1563 762 1589 ».
781 1539 1065 1593 Pausanias
1092 1540 1148 1594 in
1169 1540 1335 1594 Boeot.

306 1634 363 1686 p.
396 1616 495 1686 ²9⁵
516 1653 532 1680 ,
562 1617 691 1671 edit.
716 1619 967 1672 Wechel.
1004 1634 1192 1672 auctor
1228 1633 1335 1684 est,

306 1695 514 1749 ostendi
540 1697 831 1750 etiamnum
862 1717 971 1752 aevo
993 1719 1091 1753 suo
1113 1700 1263 1752 Zethi
1287 1711 1337 1753 et

308 1776 623 1848 Amphionis
658 1790 1067 1832 monumentum
1102 1779 1158 1832 in
1190 1799 1336 1834 com-

308 1856 458 1908 muni
500 1869 649 1909 terrae
692 1858 929 1920 tumulo,
967 1859 1094 1912 item
1134 1859 1337 1932 lapides

306 1935 565 2006 quosdam
601 1935 761 1990 rudes
778 1977 794 2002 ,
828 1935 897 1990 ad
932 1943 1336 1992 monumentum

308 2015 623 2086 Amphionis
662 2017 897 2088 jacentes
915 2057 932 2084 ,
976 2037 1109 2089 quos
1157 2018 1337 2072 dicant

308 2114 421 2148 esse
448 2115 609 2168 rupes
644 2097 791 2161 illas,
823 2115 939 2168 quae
972 2109 1189 2151 cantum
1224 2103 1336 2174 ejus

308 2188 545 2247 sequuta
587 2177 710 2228 sint.
753 2175 911 2229 Unde
943 2190 1163 2249 apparet
1178 2218 1194 2243 ,
1240 2197 1335 2232 cur

302 2255 549 2308 Lucilius
564 2255 713 2310 dicat
730 2254 907 2308 adhuc
930 2256 1169 2311 homines
1188 2259 1256 2312 ad
1273 2277 1333 2312 ea

306 2333 528 2388 ⁴visenda
552 2353 785 2388 currere.

380 2414 501 2482 570.
518 2415 766 2468 Gorallus
778 2415 1041 2487 vulgatam
1056 2417 1333 2472 lectionem

308 2492 519 2548 exhibet
539 2511 554 2546 τ
578 2497 982 2562 Ctmdereseliees
998 2500 1165 2549 alt'eno
1182 2501 1332 2550 inter-

308 2577 423 2624 serit
458 2592 597 2634 «evo,
631 2585 683 2624 et
720 2573 794 2626 sic
826 2578 1067 2645 exponit:
1110 2595 1335 2630 canorus

306 2653 405 2705 iste
430 2651 609 2706 alieno
636 2671 751 2705 sevo
776 2653 1039 2707 interserit
1070 2675 1125 2708 se
1146 2670 1197 2709 et
1226 2657 1333 2710 fra-

306 2742 441 2784 trem
468 2769 485 2794 ,
504 2732 737 2786 condere
759 2733 935 2787 felices
955 2771 971 2797 ,
998 2736 1251 2788 nimirum
1277 2738 1331 2788 in

310 2809 639 2865 edificandis
670 2813 887 2865 Thebis.
926 2815 1177 2867 Contorta
1220 2816 1335 2869 haee

306 2907 421 2942 esse
438 2929 455 2952 ‚
481 2909 640 2945 nemo
672 2911 781 2945 non
816 2892 979 2946 videt.
1002 2895 1234 2964 Scaliger
1258 2896 1337 2948 sic

308 2983 519 3023 mutare
546 2985 749 3027 tentat:
784 2977 871 3025 ille
902 2979 1099 3025 canoris
1137 2979 1336 3028 Chordis

310 3053 509 3103 Παπίας
538 3053 847 3119 (Pho-‚uices
872 3059 922 3124 ),
960 3055 1011 3106 h.
1042 3074 1090 3107 e.
1120 3055 1333 3107 Theba-

310 3149 406 3183 nos
426 3167 441 3192 ‚
470 3132 566 3202 qui
590 3151 655 3184 ex
678 3133 927 3186 Phoenice
948 3133 1161 3186 oriundi
1182 3173 1196 3197 ,
1218 3139 1339 3187 alie·

310 3229 377 3260 no
414 3215 663 3263 interserit
710 3233 829 3265 aevo.
882 3213 1016 3265 Mihi
1080 3217 1334 3286 optimam

309 3289 737 3344 emendationem
758 3293 951 3362 praebet
969 3293 1091 3346 eod.
1112 3294 1334 3347 Helmst.

310 3370 462 3441 cujus
480 3371 797 3424 auctoritate
825 3373 1031 3446 scribo:
1059 3377 1335 3442 felicesque

310 3451 477 3500 alieno
500 3453 791 3502 intersumus
826 3469 957 3512 oevo,
993 3453 1050 3504 h.
1086 3473 1131 3506 e.
1160 3453 1335 3506 felices

308 3546 408 3580 nos
428 3541 681 3600 putamus
700 3569 717 3593 ‚
746 3530 837 3582 ubi
858 3530 1107 3584 interesse
1124 3533 1283 3585 rebus
1306 3551 1336 3586 a

308 3620 493 3662 nostro
523 3627 637 3660 aevo
670 3609 855 3662 alienis
884 3629 1179 3681 possumus.
1208 3614 1341 3664 Prte-

306 3687 551 3742 cedentia
568 3694 653 3742 ille
670 3693 1138 3758 impiger-...condere
1156 3709 1341 3762 pareu-

308 3769 447 3822 thesi
479 3769 722 3823 includo.
748 3769 887 3822 Illud
923 3783 1097 3823 autem
1132 3773 1338 3822 intersu-

305 3869 415 3900 mus
432 3847 719 3920 respondet
733 3849 1089 3920 superioribus
1104 3852 1337 3901 curt-imus

308 3941 363 3979 et
382 3930 625 3980 emimus:

350 4023 357 4026 '
380 4007 503 4075 571.
538 4011 625 4059 Pio
650 4010 899 4067 carmine,
930 4008 967 4060 i.
989 4027 1037 4060 e.
1060 4008 1300 4060 benefico
1320 4049 1335 4074 ‚

308 4087 429 4158 quia
446 4087 635 4159 patriae
651 4087 929 4156 praestabat
946 4087 1337 4141 officium.Vid.

304 4179 489 4221 notata
514 4187 549 4220 a
577 4166 736 4220 nobis
766 4165 839 4218 ad
876 4167 1115 4221 lactant.
1152 4167 1336 4221 Phoen.

1424 1161 1477 1194 v.
1504 1139 1570 1211 37
1590 1153 1642 1193 et
1670 1159 1788 1194 120.
1811 1135 2096 1208 Quomodo
2115 1146 2316 1194 invitata
2345 1143 2447 1196 hoc

1424 1220 1543 1274 loco
1579 1241 1714 1272 saoea
1755 1220 2034 1285 dicantur,
2067 1221 2296 1292 explicat
2331 1221 2454 1273 Pro-

1422 1311 1556 1370 pert.
1587 1301 1705 1364 111,
1741 1319 1768 1352 2
1789 1341 1806 1368 ‚
1849 1301 1912 1353 3:
1939 1328 1962 1346 α
1981 1301 2118 1354 Saxa
2139 1299 2450 1354 Cithaeronis

1422 1378 1638 1433 Thebas
1676 1380 1872 1450 agitata
1912 1399 2008 1452 per
2045 1391 2214 1432 artem
2247 1379 2452 1452 Sponte

1423 1475 1523 1511 sua
1566 1459 1634 1512 ad
1688 1460 1828 1512 muri
1872 1461 2112 1514 membra
2157 1459 2323 1513 coisse
2373 1461 2450 1512 fe-

1424 1552 1554 1590 runt
1576 1564 1620 1590 »-

1499 1618 1622 1689 572.
1647 1620 1848 1674 Omnes
1870 1619 2072 1673 habent
2085 1622 2342 1690 fiemantia
2370 1641 2454 1672 sa··

1426 1717 1524 1759 xa,
1545 1699 1692 1770 quod
1729 1710 1905 1752 tamen
1936 1701 2130 1753 falsum
2150 1737 2166 1762 ,
2203 1712 2256 1752 et
2280 1719 2342 1752 ex
2370 1700 2452 1752 hi-

1424 1779 1589 1831 storia
1612 1778 1932 1832 mutandum
1959 1780 2013 1831 in
2041 1799 2210 1832 saera.
2239 1780 2452 1852 Quippe

1424 1855 1495 1907 de
1525 1856 1780 1910 fratribus
1808 1857 2102 1921 Thebanis,
2153 1858 2355 1930 OEdipi
2392 1857 2452 1908 fi-

1423 1935 1506 1987 liis
1523 1974 1539 1999 ,
1583 1937 1798 1988 Eteocle
1851 1947 1902 1988 et
1955 1937 2208 2009 Polynice
2228 1975 2244 2001 ,
2289 1937 2453 1989 refert

1420 2015 1710 2068 Pausanias
1731 2014 1789 2067 in
1811 2016 1974 2067 Boeot.
2003 2032 2120 2086 cap.
2151 2016 2212 2067 18
2238 2057 2252 2081 ,
2273 2033 2446 2088 quan-

1422 2093 1496 2145 do
1526 2093 1594 2146 ad
1621 2112 1805 2146 eorum
1829 2105 2171 2146 monumenta
2203 2095 2447 2149 Thebani

1422 2192 1570 2227 sacra
1607 2174 1804 2228 faciant
1823 2215 1839 2237 ‚
1863 2173 2129 2225 flammam
2150 2215 2164 2238 ,
2195 2187 2252 2227 ut
2285 2191 2336 2230 et
2365 2182 2446 2233 fu-

1423 2271 1572 2305 mum
1596 2295 1612 2320 ,
1637 2254 1730 2325 qui
1756 2272 1818 2306 ex
1839 2271 1896 2305 ea
1921 2253 2150 2306 elabitur
2167 2293 2183 2318 ,
2205 2256 2449 2314 bifariam

1421 2331 1607 2386 dividi.
1645 2334 1838 2404 Tangit
1874 2333 1976 2386 hoc
2018 2334 2176 2386 etiam
2216 2337 2408 2394 Statius
2434 2379 2450 2403 ,

1420 2411 1589 2466 Theb.
1628 2413 1768 2477 XII,
1814 2418 1915 2480 429
1951 2431 2096 2485 seqq.
2143 2426 2194 2466 et
2224 2416 2450 2473 Ovidius

1419 2492 1578 2545 Trist.
1597 2493 1671 2556 V,
1693 2511 1729 2544 v
1750 2533 1766 2558 ,
1800 2494 1902 2558 333
1924 2493 2172 2545 Lucanus
2191 2531 2206 2557 ,
2239 2495 2292 2558 1,
2327 2496 2447 2553 552.

1422 2571 1662 2626 wolfius
1700 2572 1846 2624 hunc
1887 2589 2095 2624 versum
2132 2573 2202 2625 ita
2240 2575 2452 2630 volebat

1419 2652 1528 2723 legi
1545 2671 1558 2704 ε
1582 2653 1836 2724 «Unaque
1849 2670 1990 2704 nunc
2010 2653 2224 2724 gemino
2238 2655 2447 2711 fuman-

1422 2732 1490 2784 tia
1519 2749 1666 2784 saera
1689 2749 1888 2802 vapore
1916 2757 1956 2782 ι.

1497 2813 1616 2881 573.
1643 2817 1922 2879 Septemque
1947 2815 2095 2862 duces
2114 2849 2129 2871 ,
2159 2811 2226 2864 ad
2249 2813 2446 2866 bellum

1422 2891 1740 2944 Thebanum
1761 2891 2022 2962 profectos
2041 2929 2057 2953 ,
2073 2910 2302 2962 quorum
2320 2911 2452 2964 prm·

1423 2972 1610 3045 cipuus
1647 2970 1898 3023 Adrastus
1919 3007 1933 3032 ,
1959 2971 2278 3041 Argivorum
2319 2989 2412 3024 rex
2430 3014 2444 3038 ,

1422 3051 1689 3125 Polynieis
1701 3067 1885 3116 -socer,
1917 3061 1965 3102 et
1983 3049 2336 3120 Amphiaraus
2355 3069 2446 3104 va-

1424 3145 1535 3194 tes,
1579 3131 1672 3204 qui
1711 3131 1798 3182 hic
1836 3144 2002 3197 raptus
2027 3131 2302 3198 profimd0‚
2336 3131 2368 3182 i.
2405 3151 2448 3182 e.

1422 3225 1574 3264 terroe
1593 3212 1739 3264 hiatu
1753 3211 2052 3279 absorptus,
2067 3207 2285 3261 dicitur:
2305 3211 2450 3280 quod

1424 3294 1590 3344 fatum
1615 3289 1892 3361 magnifice
1917 3287 2190 3360 descripsit
2225 3291 2418 3343 Statius
2434 3331 2450 3356 ,

1424 3372 1595 3424 Theb.
1627 3372 1767 3434 VII,
1817 3387 1915 3442 771
1953 3387 2097 3442 seqq.
2117 3373 2324 3440 Septem
2353 3369 2448 3422 du-

1426 3470 1548 3504 cum
1581 3462 1924 3504 monumenta
1951 3449 2368 3503 ostendebantur
2391 3451 2448 3502 in

1428 3551 1554 3603 agro
1590 3530 1875 3594 Eleusin0,
1913 3542 2044 3584 teste
2085 3531 2344 3583 Pausania
2395 3531 2448 3581 in

1424 3613 1582 3664 Attic.
1613 3629 1658 3663 c.
1687 3613 1772 3680 39.
1797 3610 1946 3664 Idem
1975 3623 2233 3663 memorat
2253 3607 2448 3661 ibidem

1424 3691 1748 3762 Amphiarao
1772 3691 1964 3762 passim
1992 3690 2152 3742 heroa
2179 3707 2452 3742 conseera-

1425 3783 1475 3824 ta
1507 3773 1681 3823 fuisse.

1500 3851 1617 3921 574.
1642 3856 1824 3918 Sparsa
1863 3852 2068 3916 &vargi
2106 3848 2158 3900 in
2204 3846 2450 3898 omnibus

1425 3931 1656 4001 antiquis
1676 3931 1865 4002 legitur
1881 3969 1896 3994 ,
1917 3947 2096 3980 errore
2117 3929 2270 3979 facile
2294 3945 2451 3996 agno-

1427 4010 1640 4062 scendo.
1669 4009 1926 4062 Domitius
1947 4019 2118 4060 tamen
2139 4006 2448 4059 mendosam

1426 4091 1704 4144 lectionem
1725 4089 1952 4160 explicat
1968 4125 1984 4151 ,
2001 4100 2049 4140 et
2063 4086 2302 4157 iutelligit
2314 4106 2450 4154 spar-

1428 4190 1487 4220 sa
1515 4189 1685 4241 genua
1723 4167 1979 4241 Lycurgi,
2009 4167 2250 4221 Thraci-'e
2277 4170 2412 4242 regis
2429 4209 2447 4236 ,
