2975 4684
417 393 509 438 -12
867 373 1002 439 DE
1065 374 1412 442 VARIIS
1465 371 2117 452 ‚AUCTORfflUs

419 516 485 562 et
519 497 604 562 de
633 500 795 576 alio,
833 501 1000 564 forte
1037 499 1194 567 inde
1237 501 1563 590 descripto
1584 550 1603 582 ,
1648 499 1952 566 Mediceae
1988 499 2392 564 bibliothecae
2422 497 2567 560 Nic.

419 603 728 670 Heinsius
749 605 867 692 (1).
915 605 1240 672 Accedere
1283 607 1503 695 potuit
1547 623 1613 670 et
1652 606 1773 670 alia
1816 607 2006 680 ratio,
2050 627 2169 668 cur
2204 602 2571 668 Claudiano

418 709 862 776 adscriberent
879 759 900 793 ,
937 711 1120 800 quod
1147 713 1256 776 ille
1283 729 1348 777 et
1379 729 1572 800 poeta
1598 709 1851 778 Siculus
1876 711 2251 790 haberetur,
2284 725 2360 774 ut
2396 729 2569 796 quo-

419 815 732 882 rumdam
777 817 1084 882 codicum
1139 817 1597 906 inscriptiones
1650 815 2032 906 praeferunt,
2086 831 2153 878 et
2204 815 2377 878 inter
2430 811 2571 890 ejus

417 918 648 1008 Idyllia
678 922 903 985 similis
937 923 1309 1011 argumenti
1340 944 1601 986 carmen
1630 920 1713 986 de
1744 920 2047 984 fratribus
2068 917 2572 998 catanensibus}

415 1043 719 1112 parentes
751 1049 908 1092 suos
939 1049 1022 1091 ex
1052 1025 1364 1090 incendio
1385 1026 1641 1092 AEtnaeo
1668 1025 2072 1092 servantibus
2090 1073 2109 1108 ,
2146 1025 2571 1088 inveniretur.

421 1131 750 1212 Quintilio
777 1133 954 1196 Varo
991 1129 1310 1220 quosdam
1362 1131 1492 1194 hoc
1534 1153 1763 1220 poema
1811 1130 2143 1213 tribuisse,
2182 1129 2404 1193 scribit
2444 1130 2475 1194 J
2482 1128 2571 1192 ul.

419 1239 586 1299 Caes.
615 1235 935 1324 Scaliger,
966 1237 1210 1324 quibus
1243 1237 1383 1324 ipse
1415 1235 1793 1300 adsentitur.
1836 1235 1961 1300 Sed
1997 1258 2141 1324 quae
2174 1257 2398 1300 caussa
2430 1233 2575 1312 ejus

416 1340 821 1428 opinationis
850 1342 962 1422 sit,
997 1341 1305 1430 equidem
1339 1341 1701 1430 perspicere
1736 1363 1990 1429 nequeo
2006 1387 2025 1422 ,
2060 1362 2270 1428 neque
2292 1339 2577 1427 Scaliger

418 1445 620 1509 ullam
657 1443 948 1510 adduxit.
985 1447 1132 1512 Hoc
1163 1462 1431 1534 apparet
1452 1492 1470 1527 ,
1500 1446 1745 1510 Varum
1763 1495 1779 1528 ,
1816 1445 2068 1534 Virgilii·
2093 1445 2379 1509 amicum
2400 1493 2419 1525 ,
2456 1465 2576 1508 cu-

413 1550 522 1630 jus
557 1551 860 1615 meminit
887 1551 1026 1617 Ecl.
1047 1551 1138 1614 VI
1163 1567 1231 1615 et
1264 1553 1394 1628 lx,
1433 1551 1723 1640 intelligi.
1750 1551 1871 1614 Hic
1902 1567 2117 1614 tamen
2154 1550 2303 1638 quis
2336 1549 2574 1628 suerit,

421 1677 630 1742 quum
661 1656 886 1744 plures
921 1656 1058 1736 ejus
1095 1657 1382 1724 nominis
1415 1671 1599 1720 aetate
1631 1656 1916 1720 Maronis
1946 1669 2427 1736 memorentur,
2466 1655 2579 1718 vix

417 1775 678 1847 potest,
709 1759 930 1840 judice
967 1761 1264 1850 Heynio,
1296 1785 1359 1826 v.
1389 1761 1511 1843 ill.,
1540 1761 1609 1824 in
1644 1776 2027 1849 argumento
2054 1759 2137 1824 ad
2162 1760 2299 1825 Ecl.
2323 1761 2417 1826 VI
2438 1757 2473 1843 ,'
2494 1759 2579 1824 ad

418 1863 747 1954 liquidum
771 1866 1083 1954 perduci,
1114 1889 1330 1956 neque
1361 1888 1436 1930 ea
1455 1865 1609 1930 Vari
1646 1865 1952 1929 memoria
1973 1913 1989 1946 ,
2020 1881 2133 1929 aut
2162 1866 2307 1929 uuae
2339 1889 2583 1930 monu-

418 1988 797 2037 mentorum
835 1974 976 2054 ejus
1013 1973 1319 2061 reliquiae·
1339 1988 1626 2054 exstant,
1660 1995 1696 2036 e
1730 1972 1969 2060 quibus
2000 1989 2333 2036 auctorem
2356 1971 2581 2036 AEtnae

420 2077 705 2174 colligas.
741 2077 1018 2142 Interim
1057 2101 1248 2166 posse
1293 2077 1698 2166 aliquantum
1744 2077 1957 2142 ornari
2002 2099 2143 2140 eam
2188 2077 2581 2141 senteutiam

420 2183 660 2262 fateor,
697 2182 1022 2269 siquidem
1050 2199 1168 2246 aut
1199 2182 1561 2264 Quintilius
1590 2183 1711 2246 iste
1742 2182 2168 2262 existimetur,
2196 2203 2395 2270 quem
2424 2205 2583 2246 acu-

423 2301 567 2348 tum
622 2302 690 2349 et
735 2308 1036 2350 severum
1075 2285 1382 2349 criticum
1417 2284 1638 2349 laudat
1682 2287 1905 2350 Horat.
1956 2287 2091 2352 Art.
2128 2287 2309 2350 Poet.
2348 2310 2406 2352 v.
2447 2286 2583 2365 438

423 2391 724 2479 (poetam
755 2392 1266 2455 Cremonensem
1295 2405 1486 2454 vocat
1515 2391 1903 2477 interpres),
1936 2408 2001 2454 et
2030 2391 2111 2455 de
2144 2393 2329 2471 cujus
2366 2408 2585 2456 morte

427 2495 774 2586 Virgilium
822 2496 1071 2560 solatur
1111 2495 1286 2559 idem
1333 2496 1545 2558 Carni.
1590 2497 1651 2576 1,
1696 2497 1816 2576 243
1850 2511 1962 2560 aut
2002 2497 2071 2560 L.
2104 2497 2315 2560 Varus
2354 2498 2587 2585 epicu-

428 2625 580 2666 reus
597 2649 616 2683 ,
644 2624 845 2689 quem
869 2602 1134 2666 Caesaris
1161 2601 1444 2664 amicum
1473 2599 1694 2664 laudat
1720 2601 1991 2683 Quintil.
2015 2600 2245 2682 lib.V1,
2272 2601 2333 2680 3,
2364 2601 2449 2689 78
2469 2651 2487 2684 ,
2518 2618 2589 2667 et

427 2730 720 2796 quocum
755 2724 1072 2795 praecepta
1101 2705 1530 2794 philosophiae
1558 2729 1592 2770 a
1623 2707 1903 2793 Syrone,
1936 2705 2327 2793 philosopho
2354 2708 2587 2794 epicu-

426 2813 945 2902 reo,Virgilium
964 2811 1289 2877 audivisse
1317 2813 1573 2875 Servius
1602 2811 1685 2875 ad
1712 2810 1978 2892 Ecl.V1‚
2012 2809 2120 2890 13,
2140 2811 2414 2876 Focasin
2437 2812 2591 2878 Vita

429 2918 610 3006 Virg.
637 2940 698 2981 v.
725 2916 811 2983 63
830 2966 848 2999 ,
879 2933 945 2980 et
963 2919 1264 2982 Donatus
1283 2917 1348 2979 in
1372 2915 1516 2980 Vita
1534 2917 1711 3004 Virg.
1736 2925 1767 2991 S
1790 2937 1874 3002 79
1893 2913 2158 2978 tradunt
2178 2914 2290 3000 (2).
2319 2918 2588 2983 Etenim

429 3033 770 3087 auctorem
799 3022 1014 3088 AEtnae
1041 3037 1304 3111 poetam
1331 3044 1466 3084 non
1500 3020 1707 3084 infimi
1734 3020 2011 3108 ingenii,
2057 3037 2123 3082 et
2154 3019 2593 3113 philosophiae

429 3129 770 3216 praeceptis
815 3127 993 3192 haud
1042 3128 1273 3191 leviter
1319 3128 1601 3190 tinctum
1647 3125 1880 3206 fuisse,
1918 3125 2096 3187 facile
2139 3149 2216 3188 ex
2251 3127 2395 3212 ipso
2442 3152 2590 3192 car-

433 3233 614 3296 mine
649 3249 950 3322 apparet,
989 3255 1190 3321 quem
1230 3247 1443 3294 tamen
1485 3253 1565 3293 ex
1600 3227 1835 3293 eodem
1866 3227 2227 3316 colligimus
2267 3254 2403 3294 non
2436 3231 2591 3296 Vir-

433 3336 567 3426 gilii
601 3338 953 3426 aequalem,
991 3336 1105 3402 sed
1140 3335 1343 3399 :etatis
1374 3333 1698 3398 inferioris
1732 3333 1945 3394 fuisse.
1984 3331 2221 3418 Caspar
2248 3335 2552 3401 Barthius
2572 3389 2589 3421 ,

433 3458 513 3507 ut
554 3458 651 3507 est
701 3444 767 3505 in
810 3440 1179 3522 judicandis
1231 3438 1657 3526 scriptoribus
1698 3435 2023 3499 veteribus
2061 3437 2224 3502 mire
2256 3441 2472 3506 varius
2525 3462 2594 3509 et

437 3547 759 3612 fluctuans
781 3597 799 3628 ,
853 3548 1240 3636 scriptorem
1273 3544 1486 3608 AEtnae
1530 3541 1871 3606 Manilium
1908 3563 2079 3622 esse,
2114 3560 2289 3608 certe
2322 3549 2495 3635 stylo
2526 3567 2599 3616 et

435 3655 701 3742 ingenio
740 3654 1144 3718 simillimum
1179 3649 1447 3714 Manilio
1479 3645 1637 3710 dicit
1659 3693 1678 3726 ,
1714 3667 1866 3708 mox
1896 3661 2111 3712 autem
2149 3650 2419 3716 minime
2454 3672 2595 3720 tam

509 3855 588 3924 (x)
621 3855 686 3906 In
710 3855 910 3927 praesat.
928 3852 1000 3906 ad
1025 3847 1379 3904 Claudianum
1399 3885 1414 3910 ,
1443 3844 1571 3897 edit.
1594 3843 1809 3894 Amstel.
1831 3837 1983 3895 1663.

509 3944 588 4011 (π)
610 3943 678 3994 Et
707 3943 989 4014 epicureus
1025 3941 1160 4010 Syro
1191 3955 1224 3988 a
1247 3934 1503 3987 Cicerone
1532 3941 1853 3984 memoratur
1876 3930 2042 4002 Epist.
2064 3931 2133 3984 ad
2160 3933 2345 3988 Famil.
2362 3935 2473 4002 VI,
2510 3958 2531 3991 1
2548 3959 2596 3995 ι,

441 4031 700 4102 Caeterum
727 4030 815 4081 hic
842 4047 1004 4102 quem
1027 4028 1090 4078 L.
1112 4021 1442 4098 prenomine
1473 4018 1712 4089 designat
1726 4019 1805 4074 W
1808 4017 2130 4074 ernsdorfius
2150 4060 2165 4085 ,
2188 4039 2220 4073 a·
2244 4022 2598 4081 Pseudo-Do-

442 4130 568 4171 nato
590 4118 866 4191 Alphenus
893 4114 1212 4194 appellatur.
1243 4109 1346 4162 Eu.
