2975 4684
526 358 1101 429 ALBINOVANI
1153 360 1494 430 FRAGM.
1539 364 1668 431 DE
1716 363 2031 435 NAVIG.
2079 369 2361 443 GERM.
2410 398 2542 445 ατη

526 485 657 550 Per
691 504 828 549 non
866 502 1209 550 concessas
1246 480 1528 553 audaces
1563 483 1660 563 ire
1693 486 1996 557 tenebras

529 590 832 686 Hesperii
872 604 1081 659 metas
1116 606 1539 687 extremaque
1575 592 1772 664 litora
1809 596 2070 668 mundi.

532 704 733 773 Nunc
774 698 1001 787 illum,
1032 700 1241 795 pigris
1276 701 1593 773 immania
1635 720 1934 777 monstra
1973 708 2096 778 sub
2133 710 2332 783 undis
2531 736 2557 773 ε.

528 812 666 900 Qui
710 810 911 897 ferat,
951 812 1333 899 Oceanum,
1363 814 1480 907 qui
1519 836 1724 883 saevas
1761 814 2058 911 undique
2094 820 2365 913 pristes,

523 922 1023 1015 AEquoreosque
1056 946 1288 1008 canes,
1323 923 1578 993 ratibus
1617 948 2016 1022 consurgere
2045 930 2321 1023 prensis,

503 1180 550 1231 3.
573 1184 669 1230 Per
699 1196 800 1229 non
832 1194 1092 1229 concessas
1124 1180 1343 1230 audaces
1373 1182 1447 1231 ire

430 1261 673 1311 tenebras.
708 1254 1047 1310 Per-tinebant
1082 1256 1224 1309 enim
1260 1257 1343 1310 hae
1376 1258 1448 1311 ad

428 1356 613 1391 zonam
628 1334 873 1407 frigidam
886 1375 903 1402 ,
918 1352 1076 1408 quam
1086 1336 1236 1407 Vix-g.
1248 1336 1444 1408 Θεοῖς.

430 1419 455 1469 Ῑ
474 1458 491 1484 ,
533 1418 634 1487 ²37
647 1453 663 1479 ,
697 1427 857 1487 negat
890 1440 916 1461 α
950 1416 1263 1469 mortalibus
1297 1416 1447 1488 aegris

427 1516 650 1551 munere
683 1514 987 1549 concessam
1022 1496 1213 1548 Divum
1231 1521 1277 1548 ιο.
1308 1495 1447 1549 Hinc

428 1578 567 1629 infra
583 1615 600 1642 ,
650 1602 673 1623 ι
700 1576 873 1628 aliena
894 1572 1025 1647 quid
1050 1592 1259 1645 equora
1288 1576 1448 1628 remis

428 1656 497 1707 Et
514 1673 687 1709 sacras
696 1653 957 1709 violamus
974 1670 1139 1725 squas
1150 1652 1175 1705 Ρ
1186 1678 1211 1699 ι·
1222 1654 1445 1707 δσιωιῖ.

427 1734 763 1788 Burmannus
779 1733 993 1805 conjicit
1010 1752 1270 1784 concessas
1288 1736 1447 1785 auda-

428 1818 591 1875 cibus,
620 1826 681 1865 ut
716 1813 771 1865 iu
802 1811 969 1865 Cassii
1000 1809 1173 1864 Parm.
1193 1811 1443 1884 Orpheo:

429 1920 455 1939 α
473 1895 647 1947 Ausus
672 1904 726 1946 et
752 1893 829 1945 ire
852 1893 993 1945 viam
1020 1890 1335 1944 mortalibus
1362 1891 1445 1943 in·

427 1988 728 2025 concessam
751 1996 792 2024 ι.

500 2057 550 2114 4.
585 2053 809 2120 Hesperii
830 2064 1009 2102 metas.
1037 2050 1181 2103 Inter
1204 2048 1317 2103 hec
1334 2048 1445 2101 duo

428 2130 736 2203 particulam
748 2130 964 2201 periisse
980 2128 1291 2200 suspicor,et
1304 2128 1443 2183 hanc

427 2228 538 2264 esse
582 2226 825 2263 caussam
875 2208 1035 2261 totius
1078 2206 1407 2261 difficultatis
1424 2247 1441 2275 ,

428 2306 545 2361 que
562 2286 738 2341 adhuc
754 2286 906 2341 torsit
922 2285 1186 2341 eruditos:
1212 2305 1275 2341 ea
1296 2287 1443 2340 nulla

428 2382 506 2423 est
525 2407 541 2434 ,
561 2368 605 2422 si
647 2369 823 2441 legas:
865 2393 892 2413 ιι
908 2366 1150 2447 Hesperii
1179 2365 1249 2419 ad
1282 2378 1445 2419 metas

428 2460 759 2521 extremaque
802 2446 957 2501 litora
996 2445 1183 2499 mundi
1222 2472 1264 2499 n.
1306 2445 1446 2512 Quia

428 2529 528 2581 sub
547 2527 743 2581 vertice
763 2527 957 2581 arctico
976 2524 1297 2598 quandoque
1322 2526 1445 2579 nul·

428 2607 511 2661 lus
532 2619 751 2679 apparet
770 2607 885 2673 sol,
930 2618 1305 2679 perpetuusque
1324 2616 1447 2661 sunt

427 2688 655 2740 tenebra
672 2728 689 2753 ‚
724 2686 847 2739 inde
872 2685 1107 2757 Hesperii
1132 2684 1320 2738 mundi
1339 2703 1446 2738 me-

428 2779 505 2819 tas
531 2778 584 2819 et
602 2778 835 2819 extrema
853 2766 1005 2819 litora
1026 2765 1137 2819 illic
1164 2764 1341 2819 locare
1374 2765 1447 2818 vi-

428 2844 599 2900 detur.
624 2846 827 2899 Plinius
848 2863 863 2899 :
898 2872 921 2893 ι
944 2846 1115 2899 Nemo
1132 2845 1233 2897 sub
1248 2845 1447 2898 vertice

428 2926 625 2981 arctico
645 2944 735 2979 sex
750 2925 1023 2979 mensibus
1040 2922 1187 2978 videt
1203 2924 1367 2978 solem
1384 2949 1411 2970 a·
1431 2941 1445 2975 :

428 3005 552 3060 inde
591 3006 807 3078 praebita
845 3004 1061 3058 materia
1102 3003 1447 3075 exaggerandi

426 3086 611 3157 poetis.
660 3085 979 3139 sununs-mu.
1014 3082 1157 3137 Nihil
1196 3101 1333 3154 opus
1369 3093 1449 3136 est

426 3163 793 3218 emendatione
809 3162 1120 3233 Schultingii
1140 3178 1153 3212 :
1188 3180 1313 3214 nam
1333 3178 1449 3231 pars

426 3242 587 3297 ticula
628 3248 703 3296 ad
736 3241 1153 3314 frequentissime
1186 3240 1449 3294 omittitur

424 3334 549 3395 post
576 3328 649 3377 ire
674 3336 730 3376 et
754 3322 942 3376 similia
963 3320 1145 3374 verba.
1159 3318 1309 3391 Virg.
1329 3318 1443 3374 Ecl.

426 3404 455 3454 1
473 3443 490 3468 ,
509 3402 575 3455 65
599 3420 615 3455 ε
656 3428 679 3449 ι
706 3402 940 3455 sitientes
956 3400 1147 3453 ibimus
1166 3398 1323 3451 Afros
1339 3436 1355 3463 ,
1368 3437 1379 3449 .
1394 3438 1407 3451 .
1422 3436 1436 3450 .

424 3482 695 3536 veniemus
710 3481 911 3533 Oaxem
928 3504 975 3532 ιο.
1010 3476 1163 3530 Idem
1177 3514 1194 3541 ,
1212 3478 1409 3530 AEan
1426 3515 1443 3541 ,

426 3549 531 3631 696
552 3579 567 3613 t
600 3586 627 3607 α
647 3560 759 3613 hoc
772 3558 957 3611 limina
974 3555 1191 3610 tendere
1208 3556 1381 3627 adegit
1394 3582 1439 3610 a.

426 3640 587 3694 Ovid.
630 3640 850 3693 Metam.
890 3637 971 3689 111
986 3673 1003 3701 ,
1047 3640 1181 3701 462:
1220 3660 1247 3681 α
1264 3636 1446 3689 Verba

424 3720 621 3780 refers,
659 3736 813 3772 aures
835 3735 943 3771 non
968 3714 1329 3787 pervenientia
1354 3732 1447 3767 no—

428 3812 559 3853 stras
576 3825 619 3851 a.
655 3796 873 3851 Gratius
890 3832 907 3859 ,
946 3794 1146 3868 Cyneg.
1166 3796 1267 3847 63:
1308 3821 1333 3840 ι
1352 3812 1449 3848 σο-

424 3878 539 3933 lum
563 3878 841 3950 aggeribus
858 3886 1059 3929 tentare
1081 3874 1340 3945 superbis,
1362 3875 1449 3927 Ire

427 3959 563 4013 freta
582 3956 867 4010 ».—-Plura
890 3953 958 4007 ad
986 3954 1131 4008 hunc
1158 3952 1335 4005 locum
1355 3970 1451 4004 no-

429 4049 538 4092 tata
568 4056 599 4091 a
624 4036 777 4090 nobis
797 4033 922 4088 vide
940 4044 1085 4086 tomo
1103 4032 1130 4083 1
1148 4030 1307 4103 hujus
1327 4048 1451 4103 ope-

436 4116 542 4181 ris,
562 4133 686 4187 pag.
708 4114 795 4184 78.
826 4114 931 4167 En.

1617 1179 1666 1233 5.
1711 1182 1869 1249 agris
1907 1182 2146 1233 immania
2199 1198 2430 1237 monstra.
2475 1186 2558 1238 Pi·

1541 1274 1696 1328 grum
1713 1298 1730 1324 ‚
1766 1258 1818 1310 h.
1838 1276 1886 1311 e.
1906 1276 2094 1313 crassa
2113 1258 2350 1333 uliginis,
2370 1263 2556 1319 immo-

1537 1347 1650 1389 tum
1665 1376 1683 1405 ,
1704 1334 1954 1391 limosum
1973 1350 2024 1393 et
2045 1336 2328 1394 difficulter
2343 1345 2556 1417 neviga-

1536 1415 1695 1469 bilem
1713 1416 1934 1471 Veteres
1967 1414 2252 1473 credebant
2281 1422 2552 1477 Oceanum

1534 1506 1826 1549 extremum
1844 1496 1915 1551 ad
1931 1497 2372 1569 septemtrionem
2389 1514 2440 1556 et
2457 1504 2559 1555 Oc-

1535 1573 1814 1629 cidentem.
1837 1576 2056 1630 Tacitus
2073 1614 2090 1640 ,
2107 1576 2287 1632 Germ.
2307 1599 2422 1653 cap.
2443 1584 2510 1647 45
2535 1599 2552 1637 τ

1533 1654 1742 1707 «Trans
1753 1653 1978 1709 Suionas
1995 1654 2136 1709 aliud
2155 1674 2321 1726 mare,
2339 1660 2552 1733 pigrum
2633 1696 2640 1705 ·

1531 1749 1596 1785 ac
1611 1749 1779 1805 prope
1795 1733 2076 1786 immotum
2089 1774 2106 1801 ,
2121 1752 2230 1807 quo
2250 1738 2394 1810 cingi
2411 1740 2556 1793 clau·

1531 1808 1692 1882 dique
1727 1822 1990 1864 terrerum
2022 1814 2206 1866 orbem
2236 1813 2363 1870 hinc
2388 1816 2522 1871 fides
2535 1856 2554 1883 ,

1530 1887 1676 1959 quod
1711 1900 1972 1943 extremus
2013 1890 2248 1945 cadentis
2283 1896 2390 1967 jam
2425 1896 2556 1950 solis

1531 1967 1709 2038 fulgor
1737 1967 1795 2021 in
1831 1980 1980 2023 ortus
2014 1970 2200 2024 edurat
2218 1997 2264 2025 n.
2303 1979 2552 2029 Immania

1529 2060 1750 2097 monstra
1793 2048 1982 2102 bellum
2011 2049 2230 2103 marina
2259 2062 2312 2103 et
2340 2054 2556 2107 balmum

1530 2124 1682 2195 quasi
1712 2128 1927 2197 proprie
1963 2126 2230 2183 dicuntur.
2270 2129 2518 2187 Horatius
2534 2172 2551 2200 ,

1531 2202 1714 2257 Carm-
1765 2204 1886 2269 111,
1926 2224 2013 2277 27,
2059 2212 2162 2275 26,
2215 2235 2238 2257 ι
2265 2222 2552 2267 scatentem

1529 2282 1720 2337 belluis
1738 2296 1962 2356 pontum
1981 2308 2004 2333 ι
2035 2298 2204 2341 vocat.
2223 2288 2356 2342 Cato
2379 2289 2435 2343 in
2461 2292 2552 2344 Di-

1531 2364 1604 2417 ris
1626 2403 1642 2430 ,
1679 2380 1732 2416 v.
1757 2362 1822 2417 55
1849 2380 1864 2417 :
1898 2390 1925 2412 σι
1948 2365 2107 2437 Pigro
2127 2368 2294 2421 multa
2318 2370 2454 2423 mari
2479 2370 2556 2424 di-

1531 2452 1660 2497 cunt
1675 2453 1919 2515 portenta
1937 2457 2127 2499 natare
2154 2471 2177 2493 ι
2197 2464 2214 2511 ;
2246 2460 2298 2501 et
2317 2448 2554 2504 Halieut.

1531 2523 1741 2575 Nemes.
1777 2540 1858 2576 vs.
1889 2524 1994 2578 65:
2053 2550 2076 2573 ι
2101 2526 2377 2582 Fluctibus
2409 2532 2552 2584 occi·-

1532 2602 1655 2657 duis
1681 2600 1868 2655 dicunt
1891 2604 2006 2659 hnc
2031 2618 2268 2661 monstra
2308 2612 2484 2681 vagari
2507 2636 2551 2665 n.

1531 2682 1614 2734 Ad
1652 2693 1942 2755 utrumque
1985 2684 2160 2739 locum
2203 2686 2316 2741 vid.
2368 2688 2552 2743 adnot.

1531 2773 1726 2816 1108er-

1602 2846 1654 2897 6.
1677 2850 1844 2897 Saevus
1869 2846 2086 2912 undique
2099 2848 2294 2914 pristes.
2323 2846 2412 2900 Sic
2427 2848 2554 2903 Sca·

1531 2919 1664 2993 liger
1696 2936 1749 2977 et
1781 2922 2026 2978 schottm
2063 2924 2400 2978 scribendum
2439 2944 2554 2979 mo·-

1533 3002 1651 3053 nuit
1668 3040 1683 3066 ,
1717 3018 1883 3075 quum
1916 3000 2144 3056 Pithoeus
2176 3014 2228 3056 et
2259 3004 2350 3057 alii
2374 3004 2553 3077 legant

1522 3096 1710 3148 pestes.
1741 3082 1835 3133 Est
1864 3092 2042 3133 autem
2075 3081 2254 3153 pristis
2285 3083 2440 3154 piscis
2473 3085 2553 3137 in·

1534 3176 1662 3229 gens
1683 3160 1951 3223 marinus,
1980 3158 2184 3213 habens
2211 3160 2444 3233 gladium
2471 3182 2555 3217 os-

1535 3255 1682 3291 seum
1702 3238 1996 3300 dentatum,
2019 3255 2178 3293 serra
2200 3240 2366 3294 instar
2382 3260 2442 3295 ex
2461 3262 2554 3296 ore

1535 3318 1852 3372 eminentem
1871 3358 1888 3383 ,
1919 3317 2064 3371 unde
2100 3330 2152 3373 et
2178 3338 2382 3373 nomen'
2399 3341 2552 3377 acce·

1533 3397 1640 3469 pit,
1680 3415 1869 3469 nempe
1889 3400 1996 3475 ᾀπὸ
2017 3405 2102 3453 τοῦ
2121 3402 2331 3473 πρίζιιν,
2359 3400 2413 3454 id
2440 3413 2552 3464 est,

1534 3494 1677 3529 serra
1704 3475 1954 3531 dividere.
1980 3477 2124 3531 Solet
2139 3482 2310 3546 pristis
2333 3492 2384 3532 et
2400 3484 2550 3549 pesulo

1532 3573 1668 3628 sepe
1709 3558 2000 3628 permutari
2035 3575 2064 3610 s
2101 3556 2360 3622 librariis,
2397 3572 2457 3612 ut
2495 3560 2550 3612 in

1531 3636 1623 3688 illo
1641 3635 1774 3689 Ciris
1792 3637 1948 3708 Virg.
1969 3656 2024 3689 v.
2059 3635 2158 3699 4⁵1
2180 3654 2195 3690 ε
2233 3663 2258 3682 ι
2276 3640 2552 3709 AEquoreoe

1531 3726 1726 3787 pestes,
1745 3715 1999 3768 immania
2015 3730 2239 3787 corpora
2259 3716 2431 3785 ponti,
2445 3716 2557 3769 Un-

1535 3792 1698 3866 dique
1734 3794 2056 3846 conveniunt
2083 3818 2106 3839 ι
2125 3830 2140 3855 ,
2168 3793 2260 3845 ubi
2291 3794 2406 3848 alie
2431 3795 2552 3849 edd.

1528 3876 1692 3943 pisces
1729 3872 1910 3944 legunt
1927 3910 1942 3936 ,
1978 3872 2174 3926 rectius
2219 3891 2348 3927 veno
2378 3878 2554 3943 pristes

1540 3952 1616 4005 ibi
1659 3952 1764 4023 legi
1819 3950 2062 4003 Heinsius
2106 3962 2268 4023 atque
2317 3952 2554 4024 Heynius

1540 4042 1877 4085 censuerunt.
1939 4076 1950 4086 .

1611 4128 1663 4179 7,
1687 4113 2057 4177 AEquoreosque
2075 4126 2244 4160 canes.
2271 4112 2428 4163 Canes
2443 4132 2556 4163 ma-
