<?xml version="1.0" encoding="UTF-8"?>
<!DOCTYPE html PUBLIC "-//W3C//DTD XHTML 1.0 Transitional//EN"
    "http://www.w3.org/TR/xhtml1/DTD/xhtml1-transitional.dtd">
<html xmlns="http://www.w3.org/1999/xhtml" xml:lang="en" lang="en">
 <head>
  <title>
</title>
<meta http-equiv="Content-Type" content="text/html;charset=utf-8" />
  <meta name='ocr-system' content='tesseract 3.04.00' />
  <meta name='ocr-capabilities' content='ocr_page ocr_carea ocr_par ocr_line ocrx_word'/>
</head>
<body>
  <div class='ocr_page' id='page_1' title='image "./poetaelatinimin00unkngoog_0562.png"; bbox 0 0 2975 4684; ppageno 0'>
   <div class='ocr_carea' id='block_1_1' title="bbox 704 345 2137 420">
    <p class='ocr_par' dir='ltr' id='par_1_1' title="bbox 704 345 2137 420">
     <span class='ocr_line' id='line_1_1' title="bbox 704 345 2137 420; baseline -0.003 0"><span class='ocrx_word' id='word_1_1' title='bbox 704 345 1152 420; x_wconf 88' lang='lat' dir='ltr'><strong>EPITOME</strong></span> <span class='ocrx_word' id='word_1_2' title='bbox 1213 353 1644 420; x_wconf 87' lang='lat' dir='ltr'><strong>lLIADOS</strong></span> <span class='ocrx_word' id='word_1_3' title='bbox 1712 351 2137 418; x_wconf 88' lang='lat' dir='ltr'><strong>HOMERI.</strong></span> 
     </span>
    </p>
   </div>
   <div class='ocr_carea' id='block_1_2' title="bbox 2342 347 2481 426">
    <p class='ocr_par' dir='ltr' id='par_1_2' title="bbox 2342 347 2481 426">
     <span class='ocr_line' id='line_1_2' title="bbox 2342 347 2481 426; baseline 0.014 -5"><span class='ocrx_word' id='word_1_4' title='bbox 2342 347 2481 426; x_wconf 83' lang='lat'><strong>553</strong></span> 
     </span>
    </p>
   </div>
   <div class='ocr_carea' id='block_1_3' title="bbox 446 471 2483 1668">
    <p class='ocr_par' dir='ltr' id='par_1_3' title="bbox 446 471 1985 558">
     <span class='ocr_line' id='line_1_3' title="bbox 446 471 1985 558; baseline 0.001 -18"><span class='ocrx_word' id='word_1_5' title='bbox 446 474 535 540; x_wconf 89' lang='lat' dir='ltr'><strong>Et</strong></span> <span class='ocrx_word' id='word_1_6' title='bbox 569 472 695 540; x_wconf 89' lang='lat' dir='ltr'><strong>nisi</strong></span> <span class='ocrx_word' id='word_1_7' title='bbox 733 472 1060 558; x_wconf 82' lang='lat' dir='ltr'><strong>cessisset,</strong></span> <span class='ocrx_word' id='word_1_8' title='bbox 1093 473 1323 542; x_wconf 83' lang='lat' dir='ltr'><strong>dextra</strong></span> <span class='ocrx_word' id='word_1_9' title='bbox 1367 473 1701 542; x_wconf 82' lang='lat' dir='ltr'><strong>cecidisset</strong></span> <span class='ocrx_word' id='word_1_10' title='bbox 1734 471 1985 542; x_wconf 84' lang='lat' dir='ltr'><strong>eadem.</strong></span> 
     </span>
    </p>

    <p class='ocr_par' dir='ltr' id='par_1_4' title="bbox 447 581 2479 1118">
     <span class='ocr_line' id='line_1_4' title="bbox 549 581 2357 665; baseline -0.002 -13"><span class='ocrx_word' id='word_1_11' title='bbox 549 585 692 653; x_wconf 85' lang='lat' dir='ltr'><strong>Nec</strong></span> <span class='ocrx_word' id='word_1_12' title='bbox 724 584 950 651; x_wconf 90' lang='lat' dir='ltr'><strong>minus</strong></span> <span class='ocrx_word' id='word_1_13' title='bbox 997 584 1067 650; x_wconf 91' lang='lat' dir='ltr'><strong>in</strong></span> <span class='ocrx_word' id='word_1_14' title='bbox 1104 586 1400 654; x_wconf 86' lang='lat' dir='ltr'><strong>Teucros</strong></span> <span class='ocrx_word' id='word_1_15' title='bbox 1435 584 1640 651; x_wconf 85' lang='lat' dir='ltr'><strong>armis</strong></span> <span class='ocrx_word' id='word_1_16' title='bbox 1674 581 1837 650; x_wconf 87' lang='lat' dir='ltr'><strong>furit</strong></span> <span class='ocrx_word' id='word_1_17' title='bbox 1873 607 2027 650; x_wconf 85' lang='lat' dir='ltr'><strong>acer</strong></span> <span class='ocrx_word' id='word_1_18' title='bbox 2054 581 2319 651; x_wconf 84' lang='lat' dir='ltr'><strong>Atrides</strong></span> <span class='ocrx_word' id='word_1_19' title='bbox 2340 636 2357 665; x_wconf 92' lang='lat'><strong>‚</strong></span> 
     </span>
     <span class='ocr_line' id='line_1_5' title="bbox 450 691 2479 785; baseline -0.001 -27"><span class='ocrx_word' id='word_1_20' title='bbox 450 693 960 785; x_wconf 86' lang='lat' dir='ltr'><strong>Insequiturque</strong></span> <span class='ocrx_word' id='word_1_21' title='bbox 995 695 1207 778; x_wconf 81' lang='lat' dir='ltr'><strong>acies,</strong></span> <span class='ocrx_word' id='word_1_22' title='bbox 1251 709 1318 761; x_wconf 89' lang='lat' dir='ltr'><strong>et</strong></span> <span class='ocrx_word' id='word_1_23' title='bbox 1353 692 1531 762; x_wconf 88' lang='lat' dir='ltr'><strong>ferro</strong></span> <span class='ocrx_word' id='word_1_24' title='bbox 1566 691 1841 760; x_wconf 84' lang='lat' dir='ltr'><strong>vulnera</strong></span> <span class='ocrx_word' id='word_1_25' title='bbox 1876 693 2128 762; x_wconf 88' lang='lat' dir='ltr'><strong>miscet.</strong></span> <span class='ocrx_word' id='word_1_26' title='bbox 2403 718 2479 762; x_wconf 64' lang='grc' dir='ltr'>ω</span> 
     </span>
     <span class='ocr_line' id='line_1_6' title="bbox 451 791 1989 896; baseline 0 -26"><span class='ocrx_word' id='word_1_27' title='bbox 451 801 708 870; x_wconf 89' lang='lat' dir='ltr'><strong>Obvius</strong></span> <span class='ocrx_word' id='word_1_28' title='bbox 745 802 904 871; x_wconf 90' lang='lat' dir='ltr'><strong>huic</strong></span> <span class='ocrx_word' id='word_1_29' title='bbox 941 791 1094 872; x_wconf 75' lang='lat' dir='ltr'><strong>fatis</strong></span> <span class='ocrx_word' id='word_1_30' title='bbox 1129 804 1424 872; x_wconf 89' lang='lat' dir='ltr'><strong>occurrit</strong></span> <span class='ocrx_word' id='word_1_31' title='bbox 1463 803 1705 871; x_wconf 88' lang='lat' dir='ltr'><strong>ductus</strong></span> <span class='ocrx_word' id='word_1_32' title='bbox 1741 802 1989 896; x_wconf 87' lang='lat' dir='ltr'><strong>iniquis</strong></span> 
     </span>
     <span class='ocr_line' id='line_1_7' title="bbox 447 910 1967 1006; baseline 0.001 -26"><span class='ocrx_word' id='word_1_33' title='bbox 447 910 683 980; x_wconf 83' lang='lat' dir='ltr'><strong>Infelix</strong></span> <span class='ocrx_word' id='word_1_34' title='bbox 721 912 1014 1000; x_wconf 88' lang='lat' dir='ltr'><strong>Hodius,</strong></span> <span class='ocrx_word' id='word_1_35' title='bbox 1048 938 1248 1006; x_wconf 88' lang='lat' dir='ltr'><strong>quem</strong></span> <span class='ocrx_word' id='word_1_36' title='bbox 1282 928 1468 984; x_wconf 86' lang='lat' dir='ltr'><strong>vasto</strong></span> <span class='ocrx_word' id='word_1_37' title='bbox 1507 912 1801 1006; x_wconf 84' lang='lat' dir='ltr'><strong>cuspidis</strong></span> <span class='ocrx_word' id='word_1_38' title='bbox 1834 915 1967 984; x_wconf 89' lang='lat' dir='ltr'><strong>ictu</strong></span> 
     </span>
     <span class='ocr_line' id='line_1_8' title="bbox 448 1022 2233 1118; baseline -0.001 -26"><span class='ocrx_word' id='word_1_39' title='bbox 448 1024 726 1108; x_wconf 89' lang='lat' dir='ltr'><strong>Sternit,</strong></span> <span class='ocrx_word' id='word_1_40' title='bbox 766 1038 834 1091; x_wconf 90' lang='lat' dir='ltr'><strong>et</strong></span> <span class='ocrx_word' id='word_1_41' title='bbox 879 1025 1136 1118; x_wconf 87' lang='lat' dir='ltr'><strong>ingenti</strong></span> <span class='ocrx_word' id='word_1_42' title='bbox 1173 1022 1474 1118; x_wconf 85' lang='lat' dir='ltr'><strong>scapulas</strong></span> <span class='ocrx_word' id='word_1_43' title='bbox 1508 1023 1992 1093; x_wconf 84' lang='lat' dir='ltr'><strong>transverberat</strong></span> <span class='ocrx_word' id='word_1_44' title='bbox 2024 1023 2233 1094; x_wconf 83' lang='lat' dir='ltr'><strong>hasta.</strong></span> 
     </span>
    </p>

    <p class='ocr_par' dir='ltr' id='par_1_5' title="bbox 446 1133 2483 1668">
     <span class='ocr_line' id='line_1_9' title="bbox 446 1133 2139 1228; baseline 0 -28"><span class='ocrx_word' id='word_1_45' title='bbox 446 1133 622 1202; x_wconf 88' lang='lat' dir='ltr'><strong>Hinc</strong></span> <span class='ocrx_word' id='word_1_46' title='bbox 662 1135 832 1228; x_wconf 89' lang='lat' dir='ltr'><strong>petit</strong></span> <span class='ocrx_word' id='word_1_47' title='bbox 856 1133 1258 1204; x_wconf 86' lang='lat' dir='ltr'><strong>Idomeneus</strong></span> <span class='ocrx_word' id='word_1_48' title='bbox 1294 1133 1567 1202; x_wconf 80' lang='lat' dir='ltr'><strong>adversa</strong></span> <span class='ocrx_word' id='word_1_49' title='bbox 1605 1147 1797 1228; x_wconf 84' lang='lat' dir='ltr'><strong>parte</strong></span> <span class='ocrx_word' id='word_1_50' title='bbox 1834 1147 2139 1200; x_wconf 84' lang='lat' dir='ltr'><strong>ruentem</strong></span> 
     </span>
     <span class='ocr_line' id='line_1_10' title="bbox 447 1241 2483 1337; baseline -0.002 -25"><span class='ocrx_word' id='word_1_51' title='bbox 447 1244 826 1312; x_wconf 81' lang='lat' dir='ltr'><strong>Maeoniden</strong></span> <span class='ocrx_word' id='word_1_52' title='bbox 864 1245 1237 1331; x_wconf 66' lang='lat' dir='ltr'><strong>Phaestum3</strong></span> <span class='ocrx_word' id='word_1_53' title='bbox 1277 1244 1468 1336; x_wconf 91' lang='lat' dir='ltr'><strong>cujus</strong></span> <span class='ocrx_word' id='word_1_54' title='bbox 1499 1259 1651 1337; x_wconf 89' lang='lat' dir='ltr'><strong>post</strong></span> <span class='ocrx_word' id='word_1_55' title='bbox 1676 1241 1913 1312; x_wconf 86' lang='lat' dir='ltr'><strong>funera</strong></span> <span class='ocrx_word' id='word_1_56' title='bbox 1953 1241 2213 1312; x_wconf 88' lang='lat' dir='ltr'><strong>Atrides</strong></span> <span class='ocrx_word' id='word_1_57' title='bbox 2404 1264 2483 1307; x_wconf 67' lang='grc' dir='ltr'><strong>ωε</strong></span> 
     </span>
     <span class='ocr_line' id='line_1_11' title="bbox 447 1351 2287 1449; baseline -0.001 -27"><span class='ocrx_word' id='word_1_58' title='bbox 447 1357 534 1422; x_wconf 91' lang='lat' dir='ltr'><strong>Et</strong></span> <span class='ocrx_word' id='word_1_59' title='bbox 565 1355 888 1449; x_wconf 83' lang='lat' dir='ltr'><strong>Strophio</strong></span> <span class='ocrx_word' id='word_1_60' title='bbox 916 1356 1214 1447; x_wconf 84' lang='lat' dir='ltr'><strong>genitum</strong></span> <span class='ocrx_word' id='word_1_61' title='bbox 1243 1353 1502 1448; x_wconf 83' lang='lat' dir='ltr'><strong>Stygias</strong></span> <span class='ocrx_word' id='word_1_62' title='bbox 1544 1352 1837 1422; x_wconf 87' lang='lat' dir='ltr'><strong>demittit</strong></span> <span class='ocrx_word' id='word_1_63' title='bbox 1872 1351 1955 1421; x_wconf 84' lang='lat' dir='ltr'><strong>ad</strong></span> <span class='ocrx_word' id='word_1_64' title='bbox 1994 1352 2287 1422; x_wconf 81' lang='lat' dir='ltr'><strong>umbras.</strong></span> 
     </span>
     <span class='ocr_line' id='line_1_12' title="bbox 449 1462 2099 1558; baseline 0 -27"><span class='ocrx_word' id='word_1_65' title='bbox 449 1465 794 1533; x_wconf 88' lang='lat' dir='ltr'><strong>Meriones</strong></span> <span class='ocrx_word' id='word_1_66' title='bbox 827 1462 1224 1533; x_wconf 87' lang='lat' dir='ltr'><strong>Phereclum</strong></span> <span class='ocrx_word' id='word_1_67' title='bbox 1254 1465 1514 1534; x_wconf 76' lang='lat' dir='ltr'><strong>vibra&#39;ta</strong></span> <span class='ocrx_word' id='word_1_68' title='bbox 1556 1464 1849 1558; x_wconf 88' lang='lat' dir='ltr'><strong>percutit</strong></span> <span class='ocrx_word' id='word_1_69' title='bbox 1886 1463 2099 1554; x_wconf 82' lang='lat' dir='ltr'><strong>hasta,</strong></span> 
     </span>
     <span class='ocr_line' id='line_1_13' title="bbox 453 1572 2318 1668; baseline -0.001 -26"><span class='ocrx_word' id='word_1_70' title='bbox 453 1572 898 1668; x_wconf 85' lang='lat' dir='ltr'><strong>Pedaeumque</strong></span> <span class='ocrx_word' id='word_1_71' title='bbox 931 1577 1204 1668; x_wconf 83' lang='lat' dir='ltr'><strong>Meges,</strong></span> <span class='ocrx_word' id='word_1_72' title='bbox 1241 1576 1579 1668; x_wconf 83' lang='lat' dir='ltr'><strong>vastisque</strong></span> <span class='ocrx_word' id='word_1_73' title='bbox 1604 1572 1978 1642; x_wconf 79' lang='lat' dir='ltr'><strong>horrendus</strong></span> <span class='ocrx_word' id='word_1_74' title='bbox 2016 1573 2085 1640; x_wconf 89' lang='lat' dir='ltr'><strong>in</strong></span> <span class='ocrx_word' id='word_1_75' title='bbox 2118 1573 2318 1642; x_wconf 87' lang='lat' dir='ltr'><strong>armis</strong></span> 
     </span>
    </p>
   </div>
   <div class='ocr_carea' id='block_1_4' title="bbox 339 1819 1372 4184">
    <p class='ocr_par' dir='ltr' id='par_1_6' title="bbox 348 1819 1371 1970">
     <span class='ocr_line' id='line_1_14' title="bbox 421 1819 1371 1882; baseline 0.001 -12"><span class='ocrx_word' id='word_1_76' title='bbox 421 1825 540 1882; x_wconf 70' lang='lat'><strong>4²4·</strong></span> <span class='ocrx_word' id='word_1_77' title='bbox 569 1823 674 1870; x_wconf 78' lang='lat' dir='ltr'><strong>Nee</strong></span> <span class='ocrx_word' id='word_1_78' title='bbox 703 1821 860 1870; x_wconf 78' lang='lat' dir='ltr'><strong>minus</strong></span> <span class='ocrx_word' id='word_1_79' title='bbox 889 1821 1097 1870; x_wconf 68' lang='lat' dir='ltr'><strong>intentus</strong></span> <span class='ocrx_word' id='word_1_80' title='bbox 1131 1821 1282 1870; x_wconf 75' lang='lat' dir='ltr'><strong>annis</strong></span> <span class='ocrx_word' id='word_1_81' title='bbox 1305 1819 1371 1871; x_wconf 89' lang='lat' dir='ltr'><strong>L.</strong></span> 
     </span>
     <span class='ocr_line' id='line_1_15' title="bbox 348 1898 1213 1970; baseline 0 -22"><span class='ocrx_word' id='word_1_82' title='bbox 348 1915 626 1970; x_wconf 77' lang='lat' dir='ltr'><strong>perperam</strong></span> <span class='ocrx_word' id='word_1_83' title='bbox 651 1899 736 1950; x_wconf 78' lang='lat' dir='ltr'><strong>:in</strong></span> <span class='ocrx_word' id='word_1_84' title='bbox 761 1900 956 1949; x_wconf 51' lang='lat' dir='ltr'><strong>Troicos</strong></span> <span class='ocrx_word' id='word_1_85' title='bbox 974 1899 1123 1948; x_wconf 66' lang='lat' dir='ltr'><strong>amnis</strong></span> <span class='ocrx_word' id='word_1_86' title='bbox 1148 1898 1213 1948; x_wconf 81' lang='lat' dir='ltr'><strong>A.</strong></span> 
     </span>
    </p>

    <p class='ocr_par' dir='ltr' id='par_1_7' title="bbox 420 1976 1049 2041">
     <span class='ocr_line' id='line_1_16' title="bbox 420 1976 1049 2041; baseline -0.006 -10"><span class='ocrx_word' id='word_1_87' title='bbox 420 1977 540 2041; x_wconf 72' lang='lat'><strong>425.</strong></span> <span class='ocrx_word' id='word_1_88' title='bbox 569 1983 762 2029; x_wconf 77' lang='lat' dir='ltr'><strong>Funera</strong></span> <span class='ocrx_word' id='word_1_89' title='bbox 789 1979 956 2028; x_wconf 72' lang='lat' dir='ltr'><strong>miscet</strong></span> <span class='ocrx_word' id='word_1_90' title='bbox 980 1976 1049 2028; x_wconf 86' lang='lat' dir='ltr'><strong>H.</strong></span> 
     </span>
    </p>

    <p class='ocr_par' dir='ltr' id='par_1_8' title="bbox 348 2057 1365 2192">
     <span class='ocr_line' id='line_1_17' title="bbox 420 2057 1365 2122; baseline -0.003 -14"><span class='ocrx_word' id='word_1_91' title='bbox 420 2059 537 2120; x_wconf 73' lang='lat'><strong>426.</strong></span> <span class='ocrx_word' id='word_1_92' title='bbox 576 2058 706 2107; x_wconf 74' lang='lat' dir='ltr'><strong>Facis</strong></span> <span class='ocrx_word' id='word_1_93' title='bbox 747 2059 916 2107; x_wconf 79' lang='lat' dir='ltr'><strong>ductus</strong></span> <span class='ocrx_word' id='word_1_94' title='bbox 947 2059 1156 2106; x_wconf 75' lang='lat' dir='ltr'><strong>occurrit</strong></span> <span class='ocrx_word' id='word_1_95' title='bbox 1184 2057 1365 2122; x_wconf 75' lang='lat' dir='ltr'><strong>iniquis</strong></span> 
     </span>
     <span class='ocr_line' id='line_1_18' title="bbox 348 2137 572 2192; baseline 0 -3"><span class='ocrx_word' id='word_1_96' title='bbox 348 2139 416 2192; x_wconf 77' lang='lat' dir='ltr'><strong>A.</strong></span> <span class='ocrx_word' id='word_1_97' title='bbox 435 2149 487 2190; x_wconf 90' lang='lat' dir='ltr'><strong>et</strong></span> <span class='ocrx_word' id='word_1_98' title='bbox 508 2137 572 2190; x_wconf 92' lang='lat' dir='ltr'><strong>T.</strong></span> 
     </span>
    </p>

    <p class='ocr_par' dir='ltr' id='par_1_9' title="bbox 347 2214 1366 2442">
     <span class='ocr_line' id='line_1_19' title="bbox 419 2214 1366 2288; baseline -0.005 -20"><span class='ocrx_word' id='word_1_99' title='bbox 419 2225 520 2288; x_wconf 72' lang='lat'><strong>427</strong></span> <span class='ocrx_word' id='word_1_100' title='bbox 529 2256 542 2270; x_wconf 89' lang='lat'><strong>.</strong></span> <span class='ocrx_word' id='word_1_101' title='bbox 559 2218 750 2284; x_wconf 70' lang='lat' dir='ltr'><strong>Infilae&#39;oe</strong></span> <span class='ocrx_word' id='word_1_102' title='bbox 764 2218 980 2268; x_wconf 72' lang='lat' dir='ltr'><strong>Rhodius</strong></span> <span class='ocrx_word' id='word_1_103' title='bbox 992 2214 1169 2284; x_wconf 77' lang='lat' dir='ltr'><strong>vulgo.</strong></span> <span class='ocrx_word' id='word_1_104' title='bbox 1185 2215 1366 2266; x_wconf 75' lang='lat' dir='ltr'><strong>Radius</strong></span> 
     </span>
     <span class='ocr_line' id='line_1_20' title="bbox 347 2293 1365 2366; baseline -0.006 -16"><span class='ocrx_word' id='word_1_105' title='bbox 347 2297 417 2350; x_wconf 88' lang='lat' dir='ltr'><strong>G.</strong></span> <span class='ocrx_word' id='word_1_106' title='bbox 442 2317 470 2350; x_wconf 68' lang='grc' dir='ltr'><strong>ει</strong></span> <span class='ocrx_word' id='word_1_107' title='bbox 499 2309 551 2350; x_wconf 85' lang='lat' dir='ltr'><strong>et</strong></span> <span class='ocrx_word' id='word_1_108' title='bbox 585 2298 650 2348; x_wconf 79' lang='lat' dir='ltr'><strong>A.</strong></span> <span class='ocrx_word' id='word_1_109' title='bbox 671 2296 766 2350; x_wconf 83' lang='lat' dir='ltr'><strong>sed</strong></span> <span class='ocrx_word' id='word_1_110' title='bbox 790 2299 976 2348; x_wconf 63' lang='lat' dir='ltr'><strong>Hodites</strong></span> <span class='ocrx_word' id='word_1_111' title='bbox 996 2293 1278 2366; x_wconf 75' lang='lat' dir='ltr'><strong>legendum</strong></span> <span class='ocrx_word' id='word_1_112' title='bbox 1301 2311 1365 2345; x_wconf 83' lang='lat' dir='ltr'><strong>ex</strong></span> 
     </span>
     <span class='ocr_line' id='line_1_21' title="bbox 349 2375 962 2442; baseline -0.002 -14"><span class='ocrx_word' id='word_1_113' title='bbox 349 2375 610 2436; x_wconf 82' lang='lat' dir='ltr'><strong>Homero,</strong></span> <span class='ocrx_word' id='word_1_114' title='bbox 639 2375 780 2442; x_wconf 86' lang='lat' dir='ltr'><strong>11.V,</strong></span> <span class='ocrx_word' id='word_1_115' title='bbox 808 2375 891 2442; x_wconf 88' lang='grc'><strong>39.</strong></span> <span class='ocrx_word' id='word_1_116' title='bbox 953 2379 962 2388; x_wconf 86' lang='grc'><em>“</em></span> 
     </span>
    </p>

    <p class='ocr_par' dir='ltr' id='par_1_10' title="bbox 419 2451 1179 2518">
     <span class='ocr_line' id='line_1_22' title="bbox 419 2451 1179 2518; baseline -0.005 -11"><span class='ocrx_word' id='word_1_117' title='bbox 419 2458 538 2518; x_wconf 71' lang='lat'><strong>428.</strong></span> <span class='ocrx_word' id='word_1_118' title='bbox 566 2455 849 2508; x_wconf 59' lang='lat' dir='ltr'><strong>averterat</strong></span> <span class='ocrx_word' id='word_1_119' title='bbox 867 2457 1014 2504; x_wconf 74' lang='lat' dir='ltr'><strong>kasta</strong></span> <span class='ocrx_word' id='word_1_120' title='bbox 1034 2451 1102 2504; x_wconf 89' lang='lat' dir='ltr'><strong>G.</strong></span> <span class='ocrx_word' id='word_1_121' title='bbox 1133 2471 1179 2504; x_wconf 76' lang='lat'><strong>2.</strong></span> 
     </span>
    </p>

    <p class='ocr_par' dir='ltr' id='par_1_11' title="bbox 339 2534 1372 3770">
     <span class='ocr_line' id='line_1_23' title="bbox 419 2534 1370 2605; baseline -0.008 -17"><span class='ocrx_word' id='word_1_122' title='bbox 419 2543 542 2605; x_wconf 67' lang='lat'><strong>429.</strong></span> <span class='ocrx_word' id='word_1_123' title='bbox 567 2537 693 2586; x_wconf 73' lang='lat' dir='ltr'><strong>Hine</strong></span> <span class='ocrx_word' id='word_1_124' title='bbox 700 2537 828 2603; x_wconf 74' lang='lat' dir='ltr'><strong>petit</strong></span> <span class='ocrx_word' id='word_1_125' title='bbox 843 2537 982 2584; x_wconf 83' lang='lat' dir='ltr'><strong>Idom</strong></span> <span class='ocrx_word' id='word_1_126' title='bbox 989 2551 1097 2584; x_wconf 79' lang='lat' dir='ltr'><strong>enm</strong></span> <span class='ocrx_word' id='word_1_127' title='bbox 1113 2535 1178 2582; x_wconf 81' lang='lat' dir='ltr'><strong>de</strong></span> <span class='ocrx_word' id='word_1_128' title='bbox 1193 2534 1370 2582; x_wconf 77' lang='lat' dir='ltr'><strong>adver-</strong></span> 
     </span>
     <span class='ocr_line' id='line_1_24' title="bbox 347 2610 1370 2682; baseline -0.002 -17"><span class='ocrx_word' id='word_1_129' title='bbox 347 2635 409 2665; x_wconf 84' lang='lat' dir='ltr'><strong>sa</strong></span> <span class='ocrx_word' id='word_1_130' title='bbox 428 2629 570 2682; x_wconf 79' lang='lat' dir='ltr'><strong>parte</strong></span> <span class='ocrx_word' id='word_1_131' title='bbox 591 2629 809 2666; x_wconf 79' lang='lat' dir='ltr'><strong>ruentem</strong></span> <span class='ocrx_word' id='word_1_132' title='bbox 828 2615 1050 2666; x_wconf 79' lang='lat' dir='ltr'><strong>Mer-ione</strong></span> <span class='ocrx_word' id='word_1_133' title='bbox 1075 2625 1236 2662; x_wconf 79' lang='lat' dir='ltr'><strong>satum</strong></span> <span class='ocrx_word' id='word_1_134' title='bbox 1253 2629 1272 2660; x_wconf 89' lang='lat'><strong>.·</strong></span> <span class='ocrx_word' id='word_1_135' title='bbox 1293 2610 1370 2663; x_wconf 82' lang='lat' dir='ltr'><strong>sic</strong></span> 
     </span>
     <span class='ocr_line' id='line_1_25' title="bbox 347 2689 1365 2763; baseline -0.005 -19"><span class='ocrx_word' id='word_1_136' title='bbox 347 2694 412 2745; x_wconf 79' lang='lat' dir='ltr'><strong>A.</strong></span> <span class='ocrx_word' id='word_1_137' title='bbox 439 2704 490 2746; x_wconf 85' lang='lat' dir='ltr'><strong>et</strong></span> <span class='ocrx_word' id='word_1_138' title='bbox 513 2692 754 2763; x_wconf 66' lang='lat' dir='ltr'><strong>vulgate.</strong></span> <span class='ocrx_word' id='word_1_139' title='bbox 778 2695 1094 2743; x_wconf 78' lang='lat' dir='ltr'><strong>Idomeneum</strong></span> <span class='ocrx_word' id='word_1_140' title='bbox 1114 2689 1274 2742; x_wconf 80' lang='lat' dir='ltr'><strong>habet</strong></span> <span class='ocrx_word' id='word_1_141' title='bbox 1295 2689 1365 2740; x_wconf 84' lang='lat' dir='ltr'><strong>H.</strong></span> 
     </span>
     <span class='ocr_line' id='line_1_26' title="bbox 347 2767 1368 2841; baseline -0.008 -15"><span class='ocrx_word' id='word_1_142' title='bbox 347 2784 400 2826; x_wconf 86' lang='lat' dir='ltr'><strong>et</strong></span> <span class='ocrx_word' id='word_1_143' title='bbox 428 2771 496 2825; x_wconf 89' lang='lat' dir='ltr'><strong>G.</strong></span> <span class='ocrx_word' id='word_1_144' title='bbox 523 2791 550 2824; x_wconf 74' lang='lat' dir='ltr'><strong>s</strong></span> <span class='ocrx_word' id='word_1_145' title='bbox 578 2775 641 2822; x_wconf 82' lang='lat' dir='ltr'><strong>de</strong></span> <span class='ocrx_word' id='word_1_146' title='bbox 671 2771 878 2841; x_wconf 76' lang='lat' dir='ltr'><strong>omittit.</strong></span> <span class='ocrx_word' id='word_1_147' title='bbox 903 2767 1368 2840; x_wconf 72' lang='lat' dir='ltr'><strong>Corruptissimam</strong></span> 
     </span>
     <span class='ocr_line' id='line_1_27' title="bbox 349 2847 1370 2921; baseline -0.004 -19"><span class='ocrx_word' id='word_1_148' title='bbox 349 2851 660 2921; x_wconf 77' lang='lat' dir='ltr'><strong>scripturam</strong></span> <span class='ocrx_word' id='word_1_149' title='bbox 711 2850 786 2902; x_wconf 89' lang='lat' dir='ltr'><strong>sic</strong></span> <span class='ocrx_word' id='word_1_150' title='bbox 833 2849 1098 2920; x_wconf 75' lang='lat' dir='ltr'><strong>corrigere</strong></span> <span class='ocrx_word' id='word_1_151' title='bbox 1151 2847 1370 2900; x_wconf 78' lang='lat' dir='ltr'><strong>tentavit</strong></span> 
     </span>
     <span class='ocr_line' id='line_1_28' title="bbox 347 2927 1368 3000; baseline -0.003 -20"><span class='ocrx_word' id='word_1_152' title='bbox 347 2927 670 2982; x_wconf 76' lang='lat' dir='ltr'><strong>Bondamius</strong></span> <span class='ocrx_word' id='word_1_153' title='bbox 686 2966 703 2993; x_wconf 91' lang='lat'><strong>,</strong></span> <span class='ocrx_word' id='word_1_154' title='bbox 725 2949 778 3000; x_wconf 88' lang='lat' dir='ltr'><strong>p.</strong></span> <span class='ocrx_word' id='word_1_155' title='bbox 802 2929 934 2983; x_wconf 82' lang='lat'>158:</span> <span class='ocrx_word' id='word_1_156' title='bbox 961 2931 1090 2980; x_wconf 80' lang='lat' dir='ltr'><strong>Hinc</strong></span> <span class='ocrx_word' id='word_1_157' title='bbox 1105 2929 1232 2996; x_wconf 79' lang='lat' dir='ltr'><strong>petit</strong></span> <span class='ocrx_word' id='word_1_158' title='bbox 1252 2931 1368 2978; x_wconf 84' lang='lat' dir='ltr'><strong>Ido-</strong></span> 
     </span>
     <span class='ocr_line' id='line_1_29' title="bbox 347 3011 1368 3075; baseline -0.002 -15"><span class='ocrx_word' id='word_1_159' title='bbox 347 3027 545 3060; x_wconf 81' lang='lat' dir='ltr'><strong>meneus</strong></span> <span class='ocrx_word' id='word_1_160' title='bbox 587 3011 652 3060; x_wconf 78' lang='lat' dir='ltr'><strong>de</strong></span> <span class='ocrx_word' id='word_1_161' title='bbox 701 3013 911 3062; x_wconf 68' lang='lat' dir='ltr'><strong>adversa</strong></span> <span class='ocrx_word' id='word_1_162' title='bbox 949 3021 1095 3075; x_wconf 75' lang='lat' dir='ltr'><strong>parte</strong></span> <span class='ocrx_word' id='word_1_163' title='bbox 1153 3021 1368 3058; x_wconf 78' lang='lat' dir='ltr'><strong>ruentem</strong></span> 
     </span>
     <span class='ocr_line' id='line_1_30' title="bbox 346 3083 1366 3156; baseline 0 -18"><span class='ocrx_word' id='word_1_164' title='bbox 346 3089 546 3138; x_wconf 73' lang='lat' dir='ltr'><strong>Heione</strong></span> <span class='ocrx_word' id='word_1_165' title='bbox 591 3101 780 3139; x_wconf 73' lang='lat' dir='ltr'><strong>natum.</strong></span> <span class='ocrx_word' id='word_1_166' title='bbox 834 3085 1059 3139; x_wconf 65' lang='lat' dir='ltr'><strong>Felicia:</strong></span> <span class='ocrx_word' id='word_1_167' title='bbox 1104 3083 1366 3156; x_wconf 72' lang='lat' dir='ltr'><strong>Dorpius,</strong></span> 
     </span>
     <span class='ocr_line' id='line_1_31' title="bbox 347 3167 1367 3236; baseline 0 -20"><span class='ocrx_word' id='word_1_168' title='bbox 347 3183 404 3236; x_wconf 82' lang='lat' dir='ltr'><strong>p.</strong></span> <span class='ocrx_word' id='word_1_169' title='bbox 427 3184 448 3218; x_wconf 84' lang='lat'>1</span> <span class='ocrx_word' id='word_1_170' title='bbox 463 3177 553 3232; x_wconf 81' lang='lat'><strong>19:</strong></span> <span class='ocrx_word' id='word_1_171' title='bbox 573 3168 700 3217; x_wconf 80' lang='lat' dir='ltr'><strong>Hine</strong></span> <span class='ocrx_word' id='word_1_172' title='bbox 709 3168 836 3234; x_wconf 75' lang='lat' dir='ltr'><strong>petit</strong></span> <span class='ocrx_word' id='word_1_173' title='bbox 850 3167 1139 3216; x_wconf 78' lang='lat' dir='ltr'><strong>Idomeneus</strong></span> <span class='ocrx_word' id='word_1_174' title='bbox 1157 3167 1367 3216; x_wconf 80' lang='lat' dir='ltr'><strong>adversa</strong></span> 
     </span>
     <span class='ocr_line' id='line_1_32' title="bbox 339 3246 1364 3312; baseline 0.002 -19"><span class='ocrx_word' id='word_1_175' title='bbox 339 3257 488 3312; x_wconf 80' lang='lat' dir='ltr'><strong>parte</strong></span> <span class='ocrx_word' id='word_1_176' title='bbox 522 3259 737 3296; x_wconf 79' lang='lat' dir='ltr'><strong>ruentem</strong></span> <span class='ocrx_word' id='word_1_177' title='bbox 777 3246 1060 3296; x_wconf 65' lang='lat' dir='ltr'><strong>Maeoniden</strong></span> <span class='ocrx_word' id='word_1_178' title='bbox 1106 3247 1364 3295; x_wconf 69' lang='lat' dir='ltr'><strong>Pliaestum.</strong></span> 
     </span>
     <span class='ocr_line' id='line_1_33' title="bbox 347 3321 1366 3396; baseline 0.001 -22"><span class='ocrx_word' id='word_1_179' title='bbox 347 3322 414 3374; x_wconf 83' lang='lat' dir='ltr'><strong>Et</strong></span> <span class='ocrx_word' id='word_1_180' title='bbox 460 3321 564 3375; x_wconf 89' lang='lat' dir='ltr'><strong>hoc</strong></span> <span class='ocrx_word' id='word_1_181' title='bbox 612 3323 820 3396; x_wconf 78' lang='lat' dir='ltr'><strong>plenius</strong></span> <span class='ocrx_word' id='word_1_182' title='bbox 869 3321 1111 3393; x_wconf 81' lang='lat' dir='ltr'><strong>exprimit</strong></span> <span class='ocrx_word' id='word_1_183' title='bbox 1154 3339 1366 3375; x_wconf 81' lang='lat' dir='ltr'><strong>versum</strong></span> 
     </span>
     <span class='ocr_line' id='line_1_34' title="bbox 345 3398 1368 3476; baseline 0.007 -25"><span class='ocrx_word' id='word_1_184' title='bbox 345 3398 594 3466; x_wconf 79' lang='lat' dir='ltr'><strong>Homeri,</strong></span> <span class='ocrx_word' id='word_1_185' title='bbox 617 3400 689 3462; x_wconf 86' lang='lat' dir='ltr'><strong>V,</strong></span> <span class='ocrx_word' id='word_1_186' title='bbox 727 3401 835 3461; x_wconf 73' lang='lat'><strong>43:</strong></span> <span class='ocrx_word' id='word_1_187' title='bbox 871 3399 1131 3474; x_wconf 63' lang='lat' dir='ltr'><strong>ISopsvsbc</strong></span> <span class='ocrx_word' id='word_1_188' title='bbox 1180 3400 1368 3476; x_wconf 54' lang='lat' dir='ltr'><strong>8⁹an</strong></span> 
     </span>
     <span class='ocr_line' id='line_1_35' title="bbox 344 3479 1372 3552; baseline 0.002 -19"><span class='ocrx_word' id='word_1_189' title='bbox 344 3485 557 3533; x_wconf 79' lang='grc' dir='ltr'>Φαῖστον</span> <span class='ocrx_word' id='word_1_190' title='bbox 617 3481 817 3551; x_wconf 65' lang='grc' dir='ltr'><strong>ἐνήρατο</strong></span> <span class='ocrx_word' id='word_1_191' title='bbox 875 3483 1068 3552; x_wconf 65' lang='grc' dir='ltr'><strong>Μῄονος</strong></span> <span class='ocrx_word' id='word_1_192' title='bbox 1125 3484 1241 3536; x_wconf 77' lang='grc' dir='ltr'><strong>υἱόν.</strong></span> <span class='ocrx_word' id='word_1_193' title='bbox 1303 3479 1372 3532; x_wconf 84' lang='lat' dir='ltr'><strong>Et</strong></span> 
     </span>
     <span class='ocr_line' id='line_1_36' title="bbox 345 3557 1368 3630; baseline 0.001 -21"><span class='ocrx_word' id='word_1_194' title='bbox 345 3561 627 3610; x_wconf 66' lang='lat' dir='ltr'><strong>Maeoniden</strong></span> <span class='ocrx_word' id='word_1_195' title='bbox 659 3557 820 3610; x_wconf 78' lang='lat' dir='ltr'><strong>latere</strong></span> <span class='ocrx_word' id='word_1_196' title='bbox 851 3559 985 3612; x_wconf 88' lang='lat' dir='ltr'><strong>mihi</strong></span> <span class='ocrx_word' id='word_1_197' title='bbox 1017 3561 1072 3612; x_wconf 89' lang='lat' dir='ltr'><strong>in</strong></span> <span class='ocrx_word' id='word_1_198' title='bbox 1111 3560 1368 3630; x_wconf 78' lang='lat' dir='ltr'><strong>scriptura</strong></span> 
     </span>
     <span class='ocr_line' id='line_1_37' title="bbox 345 3635 1368 3710; baseline 0 -23"><span class='ocrx_word' id='word_1_199' title='bbox 345 3635 570 3690; x_wconf 82' lang='lat' dir='ltr'><strong>Helmst.</strong></span> <span class='ocrx_word' id='word_1_200' title='bbox 591 3647 642 3688; x_wconf 88' lang='lat' dir='ltr'><strong>et</strong></span> <span class='ocrx_word' id='word_1_201' title='bbox 662 3635 726 3690; x_wconf 91' lang='lat' dir='ltr'><strong>G.</strong></span> <span class='ocrx_word' id='word_1_202' title='bbox 753 3637 978 3704; x_wconf 79' lang='lat' dir='ltr'><strong>videtur,</strong></span> <span class='ocrx_word' id='word_1_203' title='bbox 989 3639 1084 3710; x_wconf 86' lang='lat' dir='ltr'><strong>qui</strong></span> <span class='ocrx_word' id='word_1_204' title='bbox 1101 3639 1368 3689; x_wconf 78' lang='lat' dir='ltr'><strong>Melidione</strong></span> 
     </span>
     <span class='ocr_line' id='line_1_38' title="bbox 343 3715 975 3770; baseline 0.005 -4"><span class='ocrx_word' id='word_1_205' title='bbox 343 3725 396 3766; x_wconf 83' lang='lat' dir='ltr'><strong>et</strong></span> <span class='ocrx_word' id='word_1_206' title='bbox 418 3717 692 3767; x_wconf 76' lang='lat' dir='ltr'><strong>Mer-idione</strong></span> <span class='ocrx_word' id='word_1_207' title='bbox 712 3715 975 3770; x_wconf 77' lang='lat' dir='ltr'><strong>exhibent.</strong></span> 
     </span>
    </p>

    <p class='ocr_par' dir='ltr' id='par_1_12' title="bbox 341 3794 1368 4184">
     <span class='ocr_line' id='line_1_39' title="bbox 415 3794 1368 3864; baseline 0 -18"><span class='ocrx_word' id='word_1_208' title='bbox 415 3794 539 3858; x_wconf 72' lang='lat'><strong>430.</strong></span> <span class='ocrx_word' id='word_1_209' title='bbox 567 3797 710 3863; x_wconf 78' lang='lat' dir='ltr'><strong>Cujus</strong></span> <span class='ocrx_word' id='word_1_210' title='bbox 736 3811 856 3863; x_wconf 77' lang='lat' dir='ltr'><strong>post</strong></span> <span class='ocrx_word' id='word_1_211' title='bbox 867 3797 1064 3864; x_wconf 77' lang='lat' dir='ltr'><strong>funera</strong></span> <span class='ocrx_word' id='word_1_212' title='bbox 1093 3802 1266 3848; x_wconf 74' lang='lat' dir='ltr'><strong>latus:</strong></span> <span class='ocrx_word' id='word_1_213' title='bbox 1294 3794 1368 3847; x_wconf 89' lang='lat' dir='ltr'><strong>sic</strong></span> 
     </span>
     <span class='ocr_line' id='line_1_40' title="bbox 341 3872 1363 3946; baseline 0.003 -22"><span class='ocrx_word' id='word_1_214' title='bbox 341 3872 565 3944; x_wconf 68' lang='lat' dir='ltr'><strong>vulgata·</strong></span> <span class='ocrx_word' id='word_1_215' title='bbox 591 3892 602 3925; x_wconf 92' lang='lat'><strong>:</strong></span> <span class='ocrx_word' id='word_1_216' title='bbox 645 3873 740 3927; x_wconf 86' lang='lat' dir='ltr'><strong>sed</strong></span> <span class='ocrx_word' id='word_1_217' title='bbox 762 3874 830 3928; x_wconf 88' lang='lat' dir='ltr'><strong>el.</strong></span> <span class='ocrx_word' id='word_1_218' title='bbox 853 3875 1082 3946; x_wconf 84' lang='lat' dir='ltr'><strong>Dorpius</strong></span> <span class='ocrx_word' id='word_1_219' title='bbox 1101 3915 1116 3940; x_wconf 88' lang='lat'>,</span> <span class='ocrx_word' id='word_1_220' title='bbox 1155 3895 1207 3946; x_wconf 88' lang='lat' dir='ltr'><strong>p.</strong></span> <span class='ocrx_word' id='word_1_221' title='bbox 1234 3894 1331 3927; x_wconf 76' lang='lat'><strong>1²0</strong></span> <span class='ocrx_word' id='word_1_222' title='bbox 1348 3913 1363 3937; x_wconf 88' lang='lat'><strong>,</strong></span> 
     </span>
     <span class='ocr_line' id='line_1_41' title="bbox 343 3951 1365 4023; baseline 0 -19"><span class='ocrx_word' id='word_1_223' title='bbox 343 3951 644 4005; x_wconf 78' lang='lat' dir='ltr'><strong>emendavit</strong></span> <span class='ocrx_word' id='word_1_224' title='bbox 667 3956 804 4023; x_wconf 77' lang='lat' dir='ltr'><strong>cujus</strong></span> <span class='ocrx_word' id='word_1_225' title='bbox 825 3955 1135 4023; x_wconf 78' lang='lat' dir='ltr'><strong>postsunera</strong></span> <span class='ocrx_word' id='word_1_226' title='bbox 1153 3957 1365 4005; x_wconf 79' lang='lat' dir='ltr'><strong>Atrides.</strong></span> 
     </span>
     <span class='ocr_line' id='line_1_42' title="bbox 341 4031 1365 4105; baseline 0.003 -22"><span class='ocrx_word' id='word_1_227' title='bbox 341 4031 410 4083; x_wconf 91' lang='lat' dir='ltr'><strong>Et</strong></span> <span class='ocrx_word' id='word_1_228' title='bbox 435 4045 712 4104; x_wconf 75' lang='lat' dir='ltr'><strong>sequentes</strong></span> <span class='ocrx_word' id='word_1_229' title='bbox 739 4045 845 4086; x_wconf 77' lang='lat' dir='ltr'><strong>tres</strong></span> <span class='ocrx_word' id='word_1_230' title='bbox 871 4051 1051 4086; x_wconf 77' lang='lat' dir='ltr'><strong>versus</strong></span> <span class='ocrx_word' id='word_1_231' title='bbox 1087 4035 1365 4105; x_wconf 81' lang='lat' dir='ltr'><strong>corruptis—</strong></span> 
     </span>
     <span class='ocr_line' id='line_1_43' title="bbox 342 4110 1366 4184; baseline 0.004 -21"><span class='ocrx_word' id='word_1_232' title='bbox 342 4110 504 4166; x_wconf 78' lang='lat' dir='ltr'><strong>simos</strong></span> <span class='ocrx_word' id='word_1_233' title='bbox 557 4129 642 4164; x_wconf 86' lang='lat' dir='ltr'><strong>me</strong></span> <span class='ocrx_word' id='word_1_234' title='bbox 693 4111 946 4182; x_wconf 78' lang='lat' dir='ltr'><strong>profiteor</strong></span> <span class='ocrx_word' id='word_1_235' title='bbox 1004 4131 1066 4165; x_wconf 79' lang='lat' dir='ltr'><strong>ex</strong></span> <span class='ocrx_word' id='word_1_236' title='bbox 1133 4111 1366 4184; x_wconf 82' lang='lat' dir='ltr'><strong>ejusdem</strong></span> 
     </span>
    </p>
   </div>
   <div class='ocr_carea' id='block_1_5' title="bbox 1453 1812 2490 4181">
    <p class='ocr_par' dir='ltr' id='par_1_13' title="bbox 1453 1812 2488 2344">
     <span class='ocr_line' id='line_1_44' title="bbox 1461 1812 2488 1883; baseline -0.008 -11"><span class='ocrx_word' id='word_1_237' title='bbox 1461 1817 1829 1872; x_wconf 78' lang='lat' dir='ltr'><strong>emendatione</strong></span> <span class='ocrx_word' id='word_1_238' title='bbox 1894 1816 2145 1868; x_wconf 76' lang='lat' dir='ltr'><strong>formatos</strong></span> <span class='ocrx_word' id='word_1_239' title='bbox 2218 1812 2451 1883; x_wconf 79' lang='lat' dir='ltr'><strong>posuisse</strong></span> <span class='ocrx_word' id='word_1_240' title='bbox 2472 1853 2488 1876; x_wconf 93' lang='lat'>‚</span> 
     </span>
     <span class='ocr_line' id='line_1_45' title="bbox 1463 1891 2488 1968; baseline -0.006 -19"><span class='ocrx_word' id='word_1_241' title='bbox 1463 1897 1707 1968; x_wconf 81' lang='lat' dir='ltr'><strong>quamvis</strong></span> <span class='ocrx_word' id='word_1_242' title='bbox 1742 1914 1773 1948; x_wconf 80' lang='lat' dir='ltr'><strong>a</strong></span> <span class='ocrx_word' id='word_1_243' title='bbox 1807 1895 2017 1965; x_wconf 71' lang='lat' dir='ltr'><strong>vulgata</strong></span> <span class='ocrx_word' id='word_1_244' title='bbox 2050 1892 2304 1964; x_wconf 78' lang='lat' dir='ltr'><strong>scriptun</strong></span> <span class='ocrx_word' id='word_1_245' title='bbox 2342 1891 2488 1944; x_wconf 84' lang='lat' dir='ltr'><strong>haud</strong></span> 
     </span>
     <span class='ocr_line' id='line_1_46' title="bbox 1464 1970 2487 2046; baseline -0.006 -18"><span class='ocrx_word' id='word_1_246' title='bbox 1464 1995 1649 2046; x_wconf 75' lang='lat' dir='ltr'><strong>parum</strong></span> <span class='ocrx_word' id='word_1_247' title='bbox 1698 1975 1950 2027; x_wconf 79' lang='lat' dir='ltr'><strong>abeuntes</strong></span> <span class='ocrx_word' id='word_1_248' title='bbox 1966 2011 1981 2036; x_wconf 87' lang='lat'>‚</span> <span class='ocrx_word' id='word_1_249' title='bbox 2031 1971 2151 2043; x_wconf 80' lang='lat' dir='ltr'><strong>quia</strong></span> <span class='ocrx_word' id='word_1_250' title='bbox 2204 1970 2449 2024; x_wconf 80' lang='lat' dir='ltr'><strong>videbam</strong></span> <span class='ocrx_word' id='word_1_251' title='bbox 2472 2011 2487 2036; x_wconf 90' lang='lat'>‚</span> 
     </span>
     <span class='ocr_line' id='line_1_47' title="bbox 1465 2048 2485 2113; baseline -0.008 -7"><span class='ocrx_word' id='word_1_252' title='bbox 1465 2055 1667 2108; x_wconf 78' lang='lat' dir='ltr'><strong>collatis</strong></span> <span class='ocrx_word' id='word_1_253' title='bbox 1692 2051 1910 2105; x_wconf 83' lang='lat' dir='ltr'><strong>Homeri</strong></span> <span class='ocrx_word' id='word_1_254' title='bbox 1936 2050 2171 2102; x_wconf 72' lang='lat' dir='ltr'><strong>versibus</strong></span> <span class='ocrx_word' id='word_1_255' title='bbox 2189 2087 2205 2113; x_wconf 88' lang='lat'>‚</span> <span class='ocrx_word' id='word_1_256' title='bbox 2238 2048 2390 2102; x_wconf 81' lang='lat' dir='ltr'><strong>Iliad.</strong></span> <span class='ocrx_word' id='word_1_257' title='bbox 2416 2049 2485 2110; x_wconf 91' lang='lat' dir='ltr'><strong>V,</strong></span> 
     </span>
     <span class='ocr_line' id='line_1_48' title="bbox 1457 2129 2486 2204; baseline -0.006 -18"><span class='ocrx_word' id='word_1_258' title='bbox 1457 2140 1584 2204; x_wconf 70' lang='lat'><em>⁴9⁶7</em></span> <span class='ocrx_word' id='word_1_259' title='bbox 1596 2153 1639 2200; x_wconf 82' lang='lat'><strong>1,</strong></span> <span class='ocrx_word' id='word_1_260' title='bbox 1659 2151 1748 2185; x_wconf 79' lang='lat' dir='ltr'><strong>eos</strong></span> <span class='ocrx_word' id='word_1_261' title='bbox 1768 2131 1853 2184; x_wconf 79' lang='lat' dir='ltr'><strong>vix</strong></span> <span class='ocrx_word' id='word_1_262' title='bbox 1872 2129 2024 2182; x_wconf 80' lang='lat' dir='ltr'><strong>aliter</strong></span> <span class='ocrx_word' id='word_1_263' title='bbox 2042 2129 2288 2182; x_wconf 80' lang='lat' dir='ltr'><strong>constitui</strong></span> <span class='ocrx_word' id='word_1_264' title='bbox 2305 2146 2486 2200; x_wconf 84' lang='lat' dir='ltr'><strong>posse,</strong></span> 
     </span>
     <span class='ocr_line' id='line_1_49' title="bbox 1453 2209 2485 2283; baseline -0.006 -18"><span class='ocrx_word' id='word_1_265' title='bbox 1453 2213 1645 2283; x_wconf 71' lang='lat' dir='ltr'><strong>partim</strong></span> <span class='ocrx_word' id='word_1_266' title='bbox 1692 2211 1851 2265; x_wconf 78' lang='lat' dir='ltr'><strong>etiam</strong></span> <span class='ocrx_word' id='word_1_267' title='bbox 1892 2209 2199 2263; x_wconf 77' lang='lat' dir='ltr'><strong>confirmari</strong></span> <span class='ocrx_word' id='word_1_268' title='bbox 2244 2226 2485 2260; x_wconf 85' lang='lat' dir='ltr'><strong>meorum</strong></span> 
     </span>
     <span class='ocr_line' id='line_1_50' title="bbox 1455 2289 1973 2344; baseline -0.004 0"><span class='ocrx_word' id='word_1_269' title='bbox 1455 2289 1705 2344; x_wconf 85' lang='lat' dir='ltr'><strong>codicum</strong></span> <span class='ocrx_word' id='word_1_270' title='bbox 1731 2290 1973 2343; x_wconf 85' lang='lat' dir='ltr'><strong>lectione.</strong></span> 
     </span>
    </p>

    <p class='ocr_par' dir='ltr' id='par_1_14' title="bbox 1457 2365 2485 2739">
     <span class='ocr_line' id='line_1_51' title="bbox 1531 2365 2483 2438; baseline -0.005 -16"><span class='ocrx_word' id='word_1_271' title='bbox 1531 2370 1649 2436; x_wconf 73' lang='grc'><strong>431.</strong></span> <span class='ocrx_word' id='word_1_272' title='bbox 1668 2375 1733 2420; x_wconf 79' lang='lat' dir='ltr'><strong>Ee</strong></span> <span class='ocrx_word' id='word_1_273' title='bbox 1750 2371 1969 2438; x_wconf 74' lang='lat' dir='ltr'><strong>Strophio</strong></span> <span class='ocrx_word' id='word_1_274' title='bbox 1984 2370 2221 2436; x_wconf 70' lang='lat' dir='ltr'><strong>genitum.</strong></span> <span class='ocrx_word' id='word_1_275' title='bbox 2235 2365 2483 2436; x_wconf 66' lang='lat' dir='ltr'><strong>Vulgata</strong></span> 
     </span>
     <span class='ocr_line' id='line_1_52' title="bbox 1457 2449 2483 2518; baseline -0.007 -16"><span class='ocrx_word' id='word_1_276' title='bbox 1457 2449 1585 2503; x_wconf 83' lang='lat' dir='ltr'><strong>edd.</strong></span> <span class='ocrx_word' id='word_1_277' title='bbox 1618 2453 1865 2518; x_wconf 73' lang='lat' dir='ltr'><strong>Aur-opio.</strong></span> <span class='ocrx_word' id='word_1_278' title='bbox 1888 2479 1961 2489; x_wconf 81' lang='lat'><strong>——-</strong></span> <span class='ocrx_word' id='word_1_279' title='bbox 1984 2449 2188 2498; x_wconf 72' lang='lat' dir='ltr'><strong>Demise’t</strong></span> <span class='ocrx_word' id='word_1_280' title='bbox 2216 2449 2290 2497; x_wconf 84' lang='lat' dir='ltr'><strong>ad</strong></span> <span class='ocrx_word' id='word_1_281' title='bbox 2322 2449 2483 2496; x_wconf 77' lang='lat' dir='ltr'><strong>undas</strong></span> 
     </span>
     <span class='ocr_line' id='line_1_53' title="bbox 1459 2526 2485 2582; baseline -0.004 -3"><span class='ocrx_word' id='word_1_282' title='bbox 1459 2527 1527 2580; x_wconf 86' lang='lat' dir='ltr'><strong>H.</strong></span> <span class='ocrx_word' id='word_1_283' title='bbox 1558 2527 1700 2582; x_wconf 86' lang='lat' dir='ltr'><strong>unde</strong></span> <span class='ocrx_word' id='word_1_284' title='bbox 1741 2529 1967 2581; x_wconf 82' lang='lat' dir='ltr'><strong>scribere</strong></span> <span class='ocrx_word' id='word_1_285' title='bbox 2006 2526 2150 2580; x_wconf 76' lang='lat' dir='ltr'><strong>volui</strong></span> <span class='ocrx_word' id='word_1_286' title='bbox 2178 2527 2393 2577; x_wconf 62' lang='lat' dir='ltr'><strong>demittit.</strong></span> <span class='ocrx_word' id='word_1_287' title='bbox 2416 2555 2485 2564; x_wconf 91' lang='lat'><em>-</em></span> 
     </span>
     <span class='ocr_line' id='line_1_54' title="bbox 1457 2607 2485 2678; baseline -0.007 -18"><span class='ocrx_word' id='word_1_288' title='bbox 1457 2607 1713 2661; x_wconf 81' lang='lat' dir='ltr'><strong>Similiter</strong></span> <span class='ocrx_word' id='word_1_289' title='bbox 1752 2626 1905 2678; x_wconf 77' lang='lat' dir='ltr'><strong>supra</strong></span> <span class='ocrx_word' id='word_1_290' title='bbox 1928 2644 1943 2670; x_wconf 90' lang='lat'><strong>,</strong></span> <span class='ocrx_word' id='word_1_291' title='bbox 1984 2627 2041 2659; x_wconf 79' lang='lat' dir='ltr'><strong>v.</strong></span> <span class='ocrx_word' id='word_1_292' title='bbox 2077 2607 2211 2670; x_wconf 81' lang='lat'><strong>360,</strong></span> <span class='ocrx_word' id='word_1_293' title='bbox 2248 2607 2485 2656; x_wconf 78' lang='lat' dir='ltr'><strong>dernissus</strong></span> 
     </span>
     <span class='ocr_line' id='line_1_55' title="bbox 1457 2687 2164 2739; baseline -0.001 -1"><span class='ocrx_word' id='word_1_294' title='bbox 1457 2689 1532 2738; x_wconf 79' lang='lat' dir='ltr'><strong>ad</strong></span> <span class='ocrx_word' id='word_1_295' title='bbox 1554 2690 1765 2739; x_wconf 80' lang='lat' dir='ltr'><strong>umbras.</strong></span> <span class='ocrx_word' id='word_1_296' title='bbox 1800 2687 1905 2739; x_wconf 88' lang='lat' dir='ltr'><strong>En.</strong></span> <span class='ocrx_word' id='word_1_297' title='bbox 2155 2703 2164 2706; x_wconf 88' lang='lat'><em>·</em></span> 
     </span>
    </p>

    <p class='ocr_par' dir='ltr' id='par_1_15' title="bbox 1455 2763 2490 3468">
     <span class='ocr_line' id='line_1_56' title="bbox 1528 2763 2484 2828; baseline -0.006 -10"><span class='ocrx_word' id='word_1_298' title='bbox 1528 2767 1651 2828; x_wconf 73' lang='lat'><strong>432.</strong></span> <span class='ocrx_word' id='word_1_299' title='bbox 1684 2769 1927 2818; x_wconf 78' lang='lat' dir='ltr'><strong>Meriones</strong></span> <span class='ocrx_word' id='word_1_300' title='bbox 1958 2763 2484 2817; x_wconf 74' lang='lat' dir='ltr'><strong>Phereclum.Veteres</strong></span> 
     </span>
     <span class='ocr_line' id='line_1_57' title="bbox 1458 2842 2490 2899; baseline -0.007 -2"><span class='ocrx_word' id='word_1_301' title='bbox 1458 2844 1713 2899; x_wconf 80' lang='lat' dir='ltr'><strong>editiones</strong></span> <span class='ocrx_word' id='word_1_302' title='bbox 1744 2845 2011 2898; x_wconf 77' lang='lat' dir='ltr'><strong>habebant</strong></span> <span class='ocrx_word' id='word_1_303' title='bbox 2035 2842 2365 2894; x_wconf 77' lang='lat' dir='ltr'><strong>vitiosissime</strong></span> <span class='ocrx_word' id='word_1_304' title='bbox 2384 2845 2490 2890; x_wconf 74' lang='lat' dir='ltr'><strong>Me·</strong></span> 
     </span>
     <span class='ocr_line' id='line_1_58' title="bbox 1455 2923 2485 2992; baseline -0.007 -16"><span class='ocrx_word' id='word_1_305' title='bbox 1455 2928 1609 2977; x_wconf 78' lang='lat' dir='ltr'><strong>rionis</strong></span> <span class='ocrx_word' id='word_1_306' title='bbox 1631 2943 1833 2992; x_wconf 76' lang='lat' dir='ltr'><strong>puerum</strong></span> <span class='ocrx_word' id='word_1_307' title='bbox 1850 2961 1865 2981; x_wconf 86' lang='lat'>‚</span> <span class='ocrx_word' id='word_1_308' title='bbox 1906 2935 1957 2975; x_wconf 91' lang='lat' dir='ltr'><strong>et</strong></span> <span class='ocrx_word' id='word_1_309' title='bbox 1984 2925 2043 2974; x_wconf 77' lang='lat' dir='ltr'><strong>A.</strong></span> <span class='ocrx_word' id='word_1_310' title='bbox 2080 2923 2337 2988; x_wconf 72' lang='lat' dir='ltr'><strong>Megeom&#39;s</strong></span> <span class='ocrx_word' id='word_1_311' title='bbox 2364 2938 2485 2986; x_wconf 83' lang='lat' dir='ltr'><strong>pue-</strong></span> 
     </span>
     <span class='ocr_line' id='line_1_59' title="bbox 1456 2998 2481 3074; baseline -0.005 -20"><span class='ocrx_word' id='word_1_312' title='bbox 1456 3023 1563 3056; x_wconf 85' lang='lat' dir='ltr'><strong>rum</strong></span> <span class='ocrx_word' id='word_1_313' title='bbox 1579 3024 1597 3054; x_wconf 84' lang='lat'><strong>.-</strong></span> <span class='ocrx_word' id='word_1_314' title='bbox 1619 3020 1778 3074; x_wconf 79' lang='lat' dir='ltr'><strong>quam</strong></span> <span class='ocrx_word' id='word_1_315' title='bbox 1793 3001 2072 3054; x_wconf 86' lang='lat' dir='ltr'><strong>lectionem</strong></span> <span class='ocrx_word' id='word_1_316' title='bbox 2088 3009 2339 3072; x_wconf 77' lang='lat' dir='ltr'><strong>sequutus</strong></span> <span class='ocrx_word' id='word_1_317' title='bbox 2352 2998 2481 3050; x_wconf 81' lang='lat' dir='ltr'><strong>Bar-</strong></span> 
     </span>
     <span class='ocr_line' id='line_1_60' title="bbox 1457 3078 2481 3160; baseline -0.005 -25"><span class='ocrx_word' id='word_1_318' title='bbox 1457 3082 1603 3135; x_wconf 76' lang='lat' dir='ltr'><strong>thius</strong></span> <span class='ocrx_word' id='word_1_319' title='bbox 1617 3123 1633 3147; x_wconf 84' lang='lat'>‚</span> <span class='ocrx_word' id='word_1_320' title='bbox 1652 3079 1873 3134; x_wconf 79' lang='lat' dir='ltr'><strong>Advers.</strong></span> <span class='ocrx_word' id='word_1_321' title='bbox 1894 3080 2074 3160; x_wconf 76' lang='lat' dir='ltr'><strong>LleI</strong></span> <span class='ocrx_word' id='word_1_322' title='bbox 2086 3119 2101 3146; x_wconf 88' lang='lat'><strong>,</strong></span> <span class='ocrx_word' id='word_1_323' title='bbox 2126 3079 2191 3143; x_wconf 70' lang='grc'><strong>14</strong></span> <span class='ocrx_word' id='word_1_324' title='bbox 2206 3119 2221 3144; x_wconf 85' lang='grc'><em>,</em></span> <span class='ocrx_word' id='word_1_325' title='bbox 2239 3097 2337 3150; x_wconf 84' lang='lat' dir='ltr'><strong>pro</strong></span> <span class='ocrx_word' id='word_1_326' title='bbox 2350 3078 2481 3130; x_wconf 84' lang='lat' dir='ltr'><strong>idio-</strong></span> 
     </span>
     <span class='ocr_line' id='line_1_61' title="bbox 1455 3155 2483 3228; baseline -0.007 -13"><span class='ocrx_word' id='word_1_327' title='bbox 1455 3163 1611 3215; x_wconf 78' lang='lat' dir='ltr'><strong>tismo</strong></span> <span class='ocrx_word' id='word_1_328' title='bbox 1666 3160 1897 3213; x_wconf 80' lang='lat' dir='ltr'><strong>auctoris</strong></span> <span class='ocrx_word' id='word_1_329' title='bbox 1946 3158 2236 3212; x_wconf 78' lang='lat' dir='ltr'><strong>venditavit</strong></span> <span class='ocrx_word' id='word_1_330' title='bbox 2254 3195 2270 3221; x_wconf 87' lang='lat'>‚</span> <span class='ocrx_word' id='word_1_331' title='bbox 2336 3155 2483 3228; x_wconf 89' lang='lat' dir='ltr'><strong>quod</strong></span> 
     </span>
     <span class='ocr_line' id='line_1_62' title="bbox 1455 3237 2483 3310; baseline -0.006 -18"><span class='ocrx_word' id='word_1_332' title='bbox 1455 3258 1681 3310; x_wconf 81' lang='lat' dir='ltr'><strong>puerum</strong></span> <span class='ocrx_word' id='word_1_333' title='bbox 1711 3257 1807 3310; x_wconf 90' lang='lat' dir='ltr'><strong>pro</strong></span> <span class='ocrx_word' id='word_1_334' title='bbox 1834 3257 1988 3290; x_wconf 80' lang='lat' dir='ltr'><strong>servo</strong></span> <span class='ocrx_word' id='word_1_335' title='bbox 2015 3237 2218 3290; x_wconf 86' lang='lat' dir='ltr'><strong>dixerit.</strong></span> <span class='ocrx_word' id='word_1_336' title='bbox 2234 3238 2483 3288; x_wconf 77' lang='lat' dir='ltr'><strong>——Ve&#39;bra·</strong></span> 
     </span>
     <span class='ocr_line' id='line_1_63' title="bbox 1456 3315 2481 3390; baseline -0.002 -21"><span class='ocrx_word' id='word_1_337' title='bbox 1456 3333 1527 3370; x_wconf 77' lang='lat' dir='ltr'><strong>ta.</strong></span> <span class='ocrx_word' id='word_1_338' title='bbox 1560 3319 1891 3390; x_wconf 83' lang='lat' dir='ltr'><strong>Repetitione</strong></span> <span class='ocrx_word' id='word_1_339' title='bbox 1930 3317 2277 3370; x_wconf 79' lang='lat' dir='ltr'><strong>confirmatur</strong></span> <span class='ocrx_word' id='word_1_340' title='bbox 2328 3315 2481 3368; x_wconf 84' lang='lat' dir='ltr'><strong>lectio</strong></span> 
     </span>
     <span class='ocr_line' id='line_1_64' title="bbox 1456 3398 1909 3468; baseline -0.002 -18"><span class='ocrx_word' id='word_1_341' title='bbox 1456 3417 1637 3452; x_wconf 81' lang='lat' dir='ltr'><strong>versus</strong></span> <span class='ocrx_word' id='word_1_342' title='bbox 1660 3405 1784 3468; x_wconf 82' lang='grc'><strong>407.</strong></span> <span class='ocrx_word' id='word_1_343' title='bbox 1805 3398 1909 3450; x_wconf 84' lang='lat' dir='ltr'><strong>En.</strong></span> 
     </span>
    </p>

    <p class='ocr_par' dir='ltr' id='par_1_16' title="bbox 1454 3474 2485 4181">
     <span class='ocr_line' id='line_1_65' title="bbox 1528 3474 2485 3548; baseline -0.006 -15"><span class='ocrx_word' id='word_1_344' title='bbox 1528 3480 1647 3540; x_wconf 78' lang='grc'><strong>433.</strong></span> <span class='ocrx_word' id='word_1_345' title='bbox 1662 3483 1988 3547; x_wconf 55' lang='lat' dir='ltr'><strong>Pedes-umque</strong></span> <span class='ocrx_word' id='word_1_346' title='bbox 2002 3483 2172 3547; x_wconf 72' lang='lat' dir='ltr'><strong>Meges</strong></span> <span class='ocrx_word' id='word_1_347' title='bbox 2182 3516 2193 3528; x_wconf 90' lang='lat'><strong>.</strong></span> <span class='ocrx_word' id='word_1_348' title='bbox 2213 3474 2485 3548; x_wconf 78' lang='lat' dir='ltr'><strong>Antiquio-</strong></span> 
     </span>
     <span class='ocr_line' id='line_1_66' title="bbox 1457 3556 2483 3624; baseline -0.006 -14"><span class='ocrx_word' id='word_1_349' title='bbox 1457 3575 1541 3612; x_wconf 74' lang='lat' dir='ltr'><strong>res</strong></span> <span class='ocrx_word' id='word_1_350' title='bbox 1564 3558 1697 3612; x_wconf 77' lang='lat' dir='ltr'><strong>falso</strong></span> <span class='ocrx_word' id='word_1_351' title='bbox 1718 3556 1999 3611; x_wconf 84' lang='lat' dir='ltr'><strong>ediderunt</strong></span> <span class='ocrx_word' id='word_1_352' title='bbox 2016 3559 2391 3624; x_wconf 74' lang='lat' dir='ltr'><strong>Pergellumque</strong></span> <span class='ocrx_word' id='word_1_353' title='bbox 2403 3573 2483 3605; x_wconf 79' lang='lat' dir='ltr'><strong>ne-</strong></span> 
     </span>
     <span class='ocr_line' id='line_1_67' title="bbox 1457 3637 2477 3704; baseline -0.003 -17"><span class='ocrx_word' id='word_1_354' title='bbox 1457 3652 1566 3695; x_wconf 74' lang='lat' dir='ltr'><strong>cat.</strong></span> <span class='ocrx_word' id='word_1_355' title='bbox 1596 3648 1651 3690; x_wconf 89' lang='lat' dir='ltr'><strong>et</strong></span> <span class='ocrx_word' id='word_1_356' title='bbox 1670 3639 1733 3689; x_wconf 79' lang='lat' dir='ltr'><strong>A.</strong></span> <span class='ocrx_word' id='word_1_357' title='bbox 1764 3637 1923 3689; x_wconf 76' lang='lat' dir='ltr'><strong>habet</strong></span> <span class='ocrx_word' id='word_1_358' title='bbox 1949 3644 2286 3704; x_wconf 73' lang='lat' dir='ltr'><strong>Pregeumque</strong></span> <span class='ocrx_word' id='word_1_359' title='bbox 2310 3648 2477 3686; x_wconf 81' lang='lat' dir='ltr'><strong>necat.</strong></span> 
     </span>
     <span class='ocr_line' id='line_1_68' title="bbox 1454 3711 2479 3785; baseline -0.004 -17"><span class='ocrx_word' id='word_1_360' title='bbox 1454 3715 1519 3768; x_wconf 87' lang='lat' dir='ltr'><strong>G.</strong></span> <span class='ocrx_word' id='word_1_361' title='bbox 1545 3735 1571 3767; x_wconf 81' lang='lat'>2</span> <span class='ocrx_word' id='word_1_362' title='bbox 1596 3719 2010 3785; x_wconf 71' lang='lat' dir='ltr'><strong>Phr-egestumque</strong></span> <span class='ocrx_word' id='word_1_363' title='bbox 2029 3715 2354 3781; x_wconf 77' lang='lat' dir='ltr'><strong>necatsaseis.</strong></span> <span class='ocrx_word' id='word_1_364' title='bbox 2373 3711 2479 3764; x_wconf 79' lang='lat' dir='ltr'><strong>Fa-</strong></span> 
     </span>
     <span class='ocr_line' id='line_1_69' title="bbox 1454 3791 2475 3848; baseline -0.006 0"><span class='ocrx_word' id='word_1_365' title='bbox 1454 3807 1551 3848; x_wconf 66' lang='lat' dir='ltr'><strong>cta</strong></span> <span class='ocrx_word' id='word_1_366' title='bbox 1569 3793 1926 3848; x_wconf 84' lang='lat' dir='ltr'><strong>emendationi</strong></span> <span class='ocrx_word' id='word_1_367' title='bbox 1946 3795 2089 3846; x_wconf 81' lang='lat' dir='ltr'><strong>favet</strong></span> <span class='ocrx_word' id='word_1_368' title='bbox 2112 3792 2231 3846; x_wconf 90' lang='lat' dir='ltr'><strong>cod.</strong></span> <span class='ocrx_word' id='word_1_369' title='bbox 2254 3791 2475 3844; x_wconf 86' lang='lat' dir='ltr'><strong>Helmst.</strong></span> 
     </span>
     <span class='ocr_line' id='line_1_70' title="bbox 1454 3875 2481 3942; baseline -0.003 -18"><span class='ocrx_word' id='word_1_370' title='bbox 1454 3877 1823 3942; x_wconf 73' lang='lat' dir='ltr'><strong>Pht-egeamque</strong></span> <span class='ocrx_word' id='word_1_371' title='bbox 1833 3879 2083 3942; x_wconf 63' lang='lat' dir='ltr'><strong>Megalen</strong></span> <span class='ocrx_word' id='word_1_372' title='bbox 2103 3876 2359 3940; x_wconf 74' lang='lat' dir='ltr'><strong>vastisque</strong></span> <span class='ocrx_word' id='word_1_373' title='bbox 2370 3875 2481 3922; x_wconf 81' lang='grc' dir='ltr'><em>Ιιοι·</em></span> 
     </span>
     <span class='ocr_line' id='line_1_71' title="bbox 1455 3949 2475 4024; baseline -0.002 -20"><span class='ocrx_word' id='word_1_374' title='bbox 1455 3955 1588 4004; x_wconf 67' lang='lat' dir='ltr'><strong>vidus</strong></span> <span class='ocrx_word' id='word_1_375' title='bbox 1618 3956 1787 4006; x_wconf 74' lang='lat' dir='ltr'><strong>armis.</strong></span> <span class='ocrx_word' id='word_1_376' title='bbox 1816 3954 1950 4006; x_wconf 89' lang='lat' dir='ltr'><strong>Cum</strong></span> <span class='ocrx_word' id='word_1_377' title='bbox 1974 3952 2037 4004; x_wconf 83' lang='lat' dir='ltr'><strong>H.</strong></span> <span class='ocrx_word' id='word_1_378' title='bbox 2058 3951 2324 4024; x_wconf 81' lang='lat' dir='ltr'><strong>conspirat</strong></span> <span class='ocrx_word' id='word_1_379' title='bbox 2354 3949 2475 4004; x_wconf 87' lang='lat' dir='ltr'><strong>cod.</strong></span> 
     </span>
     <span class='ocr_line' id='line_1_72' title="bbox 1455 4031 2477 4103; baseline -0.002 -19"><span class='ocrx_word' id='word_1_380' title='bbox 1455 4033 1743 4084; x_wconf 70' lang='lat' dir='ltr'><strong>Burmann.</strong></span> <span class='ocrx_word' id='word_1_381' title='bbox 1777 4043 1997 4086; x_wconf 79' lang='lat' dir='ltr'><strong>testante</strong></span> <span class='ocrx_word' id='word_1_382' title='bbox 2034 4031 2235 4103; x_wconf 86' lang='lat' dir='ltr'><strong>Dorpio</strong></span> <span class='ocrx_word' id='word_1_383' title='bbox 2272 4032 2307 4083; x_wconf 90' lang='lat' dir='ltr'><strong>l.</strong></span> <span class='ocrx_word' id='word_1_384' title='bbox 2344 4049 2389 4083; x_wconf 88' lang='lat' dir='ltr'><strong>c.</strong></span> <span class='ocrx_word' id='word_1_385' title='bbox 2425 4041 2477 4082; x_wconf 88' lang='lat' dir='ltr'><strong>et</strong></span> 
     </span>
     <span class='ocr_line' id='line_1_73' title="bbox 1457 4103 2477 4181; baseline -0.002 -17"><span class='ocrx_word' id='word_1_386' title='bbox 1457 4109 1577 4164; x_wconf 81' lang='lat' dir='ltr'><strong>cod.</strong></span> <span class='ocrx_word' id='word_1_387' title='bbox 1594 4110 1745 4164; x_wconf 83' lang='lat' dir='ltr'><strong>Leid.</strong></span> <span class='ocrx_word' id='word_1_388' title='bbox 1764 4103 1885 4181; x_wconf 79' lang='lat' dir='ltr'><strong>legit</strong></span> <span class='ocrx_word' id='word_1_389' title='bbox 1902 4118 2247 4180; x_wconf 79' lang='lat' dir='ltr'><strong>Praegemnque</strong></span> <span class='ocrx_word' id='word_1_390' title='bbox 2258 4115 2477 4178; x_wconf 68' lang='lat' dir='ltr'><strong>Megetis.</strong></span> 
     </span>
    </p>
   </div>
  </div>
 </body>
</html>
