2975 4684
728 356 1192 425 EPITOME
1251 357 1549 427 ILIAD
1565 358 1688 425 OS
1755 358 2187 427 HOMERI.

2394 353 2537 453 599

484 483 700 572 Inque
737 477 954 548 virum
991 480 1251 573 magnis
1283 480 1593 549 emissam
1632 479 1885 549 viribus
1926 480 2095 573 egit3

484 590 706 679 Quam
747 588 1240 685 praeterlapsam
1275 592 1513 661 vitavit
1545 588 1825 659 callidus
1856 595 2145 661 Hector:

483 698 879 768 Exclamant
913 701 1156 770 Danai.
1199 704 1456 771 Contra
1496 701 1868 788 Priameius
1905 700 2105 771 heros
2458 726 2537 777 ⁹⁵⁵

485 810 844 881 Vibratum
867 810 1168 905 jaculum
1197 811 1527 883 Vulcania
1570 826 1841 907 torquet
1877 813 1947 879 in
1986 836 2207 897 arma,

488 922 628 990 Nec
667 944 1006 992 successus
1041 922 1264 1009 adest,
1309 947 1466 991 nam
1505 922 1676 991 duro
1716 922 2080 993 inflectitur
2116 949 2326 993 auro:

486 1029 797 1100 Dissiluit
835 1056 1109 1102 mucro:
1158 1047 1558 1127 gemuerunt
1595 1032 1863 1127 agmina
1894 1036 2167 1103 Troum.

487 1145 920 1211 Concurrunt
963 1144 1208 1212 iterum
1246 1142 1505 1214 collatis
1545 1140 1811 1213 fortiter
1845 1146 2085 1231 armni,

487 1256 699 1346 Inque
740 1242 952 1322 &icem
994 1254 1198 1323 duros
1233 1256 1490 1323 evitant
1524 1255 1833 1324 cominus
1873 1280 2081 1325 enseS.

2460 1286 2545 1329 97⁶

583 1368 725 1437 Nec
769 1366 1050 1437 sufferre
1085 1366 1260 1437 valet
1299 1366 1517 1453 ultra,
1546 1382 1927 1462 sortemque
1964 1391 2343 1463 supremam

459 1546 583 1611 963.
617 1552 776 1613 Inque
808 1549 986 1599 virum.
1026 1546 1183 1601 Hunc
1206 1564 1414 1599 versum

389 1622 545 1679 codd.
572 1624 793 1678 Helmst.
821 1638 872 1679 et
901 1625 964 1680 G.
992 1644 1013 1679 ι
1048 1645 1170 1679 cum
1206 1626 1382 1697 priore
1401 1664 1416 1689 ,

389 1724 552 1775 quem
595 1706 912 1767 omiserant,
946 1707 1276 1760 contrahunt
1314 1704 1418 1757 hoc

389 1784 588 1837 modo:
618 1790 779 1855 Inque
815 1790 977 1838 vicem
1021 1789 1222 1855 magnis
1265 1788 1422 1838 emisit

391 1868 575 1916 viribus
608 1868 820 1917 hastam.
859 1865 1000 1939 Lips.
1035 1884 1161 1919 vero
1189 1866 1276 1919 ed.
1299 1876 1420 1938 post

391 1947 574 1997 viribus
609 1950 712 2015 egit
734 1946 878 2000 hunc
909 1946 1094 2000 inserit
1117 1966 1130 2000 :
1176 1951 1413 2008 Hastam,

391 2045 542 2093 quam
578 2030 800 2078 manibus
831 2030 972 2078 soevae's
1001 2029 1216 2078 vibravit
1249 2029 1420 2078 Aelnil-

391 2110 480 2168 Ies,
507 2104 654 2179 quod
673 2106 1014 2162 manifestum
1037 2106 1299 2178 glossema
1321 2118 1415 2159 est.

461 2188 582 2255 964.
601 2184 868 2257 Sequutus
889 2204 1004 2238 sum
1028 2184 1308 2239 lectionem
1328 2204 1419 2238 co-

391 2264 571 2317 dicum
591 2264 677 2327 H„
697 2262 765 2316 G.
791 2276 907 2327 1,et
933 2263 1020 2320 ed.
1047 2265 1111 2316 L.
1134 2262 1319 2316 Caeteri
1343 2262 1418 2314 le-

391 2356 525 2415 gunt
548 2349 712 2413 Quam
719 2358 840 2411 post
863 2348 1100 2413 elapsam.

463 2428 584 2493 967.
606 2426 881 2493 [reflectitur
901 2442 1041 2477 auro.
1069 2422 1148 2476 Cl.
1178 2426 1241 2474 de
1261 2426 1416 2487 Boos,

393 2523 440 2573 p.
467 2522 564 2557 roo
582 2542 596 2567 ,
626 2504 892 2557 substituit
915 2522 1014 2555 cere
1029 2542 1046 2565 ,
1090 2502 1210 2575 quia
1229 2500 1417 2573 virgil.

392 2588 518 2637 AEn.
542 2585 598 2636 11
613 2624 629 2650 ,
666 2584 766 2649 545
788 2602 801 2635 τ
843 2610 867 2628 ι·
887 2582 1034 2655 quod
1054 2584 1298 2656 protinus
1320 2598 1422 2634 aere

389 2662 660 2734 repulsum
676 2685 724 2731 ις
747 2675 798 2715 et
819 2661 1082 2721 Homerus
1099 2701 1113 2726 ,
1134 2660 1286 2717 Iliad.
1303 2662 1388 2713 111
1404 2704 1419 2726 ‚

395 2742 496 2805 348
515 2781 530 2806 ,
571 2744 760 2814 clypeo
804 2746 983 2814 χαλκὸν
1047 2741 1247 2794 tribuit.
1318 2740 1422 2795 Sed

391 2836 670 2896 propterea
689 2843 814 2874 auro
839 2842 948 2875 non
973 2818 1292 2875 movendum
1321 2834 1416 2872 est.

393 2903 529 2955 Nam
551 2922 726 2955 sermo
749 2914 825 2956 est
845 2900 912 2955 de
936 2900 1100 2955 armis
1118 2900 1418 2964 Vulcaniis‚

393 3001 512 3053 quae
534 3001 604 3034 ex
626 3001 756 3035 auro
779 2982 1032 3035 fabricata
1056 2999 1168 3033 esse
1183 3021 1197 3045 ,
1233 2980 1421 3031 Noster

393 3080 547 3133 supra
570 3082 620 3115 v.
643 3062 743 3115 863
764 3060 913 3113 dixit.
949 3062 1134 3131 Neque
1169 3058 1422 3111 heroibus

393 3142 680 3204 veteribus,
705 3141 1016 3212 infrequens
1075 3153 1154 3192 est
1208 3140 1422 3211 clypeos

377 3242 525 3273 -auro
551 3221 758 3275 caelatos
778 3232 999 3293 gestare.
1019 3217 1176 3271 Ovid.
1199 3219 1419 3271 Metam.

395 3302 555 3369 vm,
575 3322 649 3355 vs.
674 3304 772 3361 26:
801 3326 824 3347 ιι
849 3300 952 3354 Seu
977 3310 1275 3371 sumpserat
1291 3317 1422 3351 auro

392 3383 704 3453 Fulgentem
723 3381 996 3455 clypeum,
1024 3380 1272 3452 clypeum
1285 3396 1425 3432 sum·

391 3462 559 3536 psisse
584 3459 806 3517 decebat
829 3488 871 3512 ιι.

465 3543 584 3613 968.
609 3543 834 3593 Dissiluit
857 3558 1038 3592 mucro.
1063 3538 1246 3591 Paullo
1270 3538 1424 3589 abru-

393 3634 542 3694 ptum
567 3622 672 3691 hoc
694 3620 927 3686 videtur,
949 3632 1008 3673 ut
1032 3620 1140 3672 fere
1163 3620 1419 3687 suspicer,

393 3721 606 3755 versum
621 3701 854 3772 aliquem
870 3697 1139 3753 excidisse.
1151 3700 1284 3751 Nam
1301 3710 1422 3751 ante

390 3781 459 3834 de
482 3784 658 3854 jaculo
683 3782 886 3833 vibrato
914 3798 1088 3833 sermo
1118 3779 1250 3842 fuit,
1277 3796 1420 3829 nunc

394 3859 460 3914 de
491 3878 775 3924 mucrone,
802 3859 837 3913 i.
865 3880 912 3913 e.
945 3878 1088 3913 ense.
1129 3858 1194 3908 Et
1219 3856 1274 3910 in
1305 3861 1419 3909 Dis-

392 3946 522 3994 siluit
547 3943 842 4014 exprimere
876 3938 1092 4013 quidem
1129 3953 1316 3993 auctor
1346 3941 1422 3993 vi-

394 4022 572 4086 detur,
591 4021 740 4095 quod
757 4022 945 4075 Turno
963 4020 1106 4093 apud
1128 4020 1275 4091 Virg.
1301 4024 1420 4076 AEn.

396 4102 501 4155 XII
522 4140 537 4166 ,
559 4102 662 4173 739
682 4140 698 4165 ,
727 4100 948 4155 accidit:
971 4127 994 4146 α
1021 4111 1300 4172 postquam
1341 4118 1422 4153 ar-

1508 1564 1590 1597 ma
1609 1547 1705 1599 Dei
1720 1545 2047 1600 aqulcania
2064 1558 2282 1599 ventum
2298 1546 2544 1612 est,Mor-

1507 1626 1623 1677 talis
1646 1643 1833 1680 mucro
1846 1666 1863 1693 ,
1882 1624 2079 1697 glacies
2099 1644 2197 1678 ceu
2222 1624 2381 1679 futilis
2394 1666 2409 1691 ,
2425 1626 2539 1679 ictu

1508 1704 1811 1759 Dissiluit».
1832 1708 1901 1758 At
1922 1704 2009 1759 hic
2035 1724 2222 1757 mucro
2238 1743 2257 1768 ,
2278 1703 2373 1776 qni
2394 1707 2538 1775 infle-

1508 1787 1653 1837 ctitur
1694 1806 1843 1847 aum,
1884 1784 1937 1839 h.
1987 1804 2032 1839 e.
2082 1783 2419 1848 obtunditur,
2448 1783 2534 1837 vel

1508 1864 1783 1929 avertitur,
1804 1884 1915 1919 non
1942 1862 2048 1917 dici
2072 1876 2245 1937 potest
2268 1866 2543 1916 dissiluisse

1510 1963 1580 1999 sc.
1610 1944 1667 1996 in
1717 1944 1881 1997 frusta
1901 1982 1917 2007 ‚
1966 1942 2057 1997 sed
2091 1940 2365 1997 decidisse.
2410 1942 2541 1995 Pro-

1508 2020 1634 2076 inde
1672 2042 1861 2097 parum
1900 2024 2081 2089 abest,
2112 2024 2245 2095 quin
2282 2021 2538 2076 tuendam

1507 2114 1688 2175 putem
1728 2104 2007 2155 lectionem
2033 2140 2049 2165 ‚
2082 2121 2245 2174 quam
2292 2102 2403 2155 sola
2448 2100 2533 2155 ed.

1508 2182 1721 2256 antiqua
1756 2183 1903 2257 Lips.
1941 2182 2185 2247 exbibet,
2214 2185 2404 2235 Desiliie
2433 2202 2539 2232 mu-

1508 2284 1593 2315 cro
1614 2303 1628 2323 ,
1659 2272 1751 2314 ant
1774 2301 1789 2327 ,
1818 2260 1963 2335 quod
2004 2273 2219 2333 propter
2255 2263 2541 2314 connexio-

1510 2362 1630 2395 nem
1659 2342 1849 2395 melius
1874 2343 2010 2395 foret
2028 2383 2043 2407 ,
2065 2343 2261 2401 Desilit,
2287 2342 2368 2393 vel
2394 2345 2540 2393 Deci·
2646 2375 2661 2395 t

1510 2426 1583 2475 dit
1624 2438 1675 2474 ee
1711 2441 1897 2475 mucro.
1940 2422 2044 2477 Sed
2089 2424 2193 2475 hoc
2233 2421 2543 2475 observasse

1510 2514 1827 2566 contentus,
1855 2502 2005 2575 quod
2044 2503 2135 2555 alii
2178 2500 2387 2556 codices
2426 2520 2541 2556 non

1512 2584 1712 2647 favent,
1740 2582 1872 2634 nihil
1900 2581 2130 2655 amplius
2159 2594 2321 2634 tento.

1583 2668 1702 2733 969.
1730 2662 1838 2717 Pro
1860 2668 2054 2717 collatis
2082 2662 2149 2719 Η.
2166 2666 2399 2715 collectis.
2416 2662 2481 2714 G.
2504 2664 2537 2715 ‘2

1512 2756 1797 2816 utrumque
1822 2746 2015 2796 collatis
2038 2755 2091 2797 et
2112 2745 2343 2795 collectis.

1581 2842 1701 2893 970.
1740 2830 1901 2891 Inque
1920 2826 2081 2876 vicem
2115 2825 2304 2873 strictos
2327 2840 2541 2870 commu-

1510 2919 1619 2955 tant
1654 2903 1837 2975 legunt
1882 2902 2003 2955 edd.
2038 2902 2163 2954 Tor.
2202 2915 2255 2952 et
2297 2902 2388 2972 sp.
2434 2898 2547 2953 sed

1510 2998 1808 3035 commutare
1827 3002 1967 3033 enses
1983 3022 1997 3042 ,
2019 3000 2119 3053 pro
2140 2980 2336 3033 mutuis
2356 2998 2415 3032 se
2432 2978 2545 3033 icti-

1511 3064 1611 3115 bus
1647 3062 1854 3113 ensium
1900 3060 2081 3126 ferire,
2112 3077 2317 3112 merum
2343 3064 2539 3111 Teuto-

1514 3144 1745 3196 nismum
1768 3160 1879 3194 esse
1902 3152 2079 3193 censet
2096 3138 2343 3193 Bar-thius
2360 3177 2375 3203 ,
2400 3138 2537 3192 Adv.

1512 3222 1724 3286 LVIII,
1772 3229 1864 3284 τά,
1900 3240 1955 3292 p.
1979 3218 2132 3291 2753.
2167 3218 2341 3271 Etiam
2359 3238 2541 3291 suspe-

1512 3315 1657 3355 ctum
1676 3303 1779 3354 hoc
1797 3300 1971 3355 visum
1998 3298 2259 3353 Dussenio
2273 3337 2288 3364 ,
2320 3305 2411 3371 qui
2430 3318 2543 3353 ma-

1510 3380 1627 3434 vult
1652 3384 1953 3433 committunt
1974 3380 2013 3433 l.
2040 3380 2131 3434 cit.
2155 3399 2277 3453 pag.
2316 3386 2402 3443 40.
2435 3379 2540 3435 Sed

1510 3462 1689 3533 scripti
1724 3461 1842 3521 mei,
1860 3461 1929 3513 G.
1965 3480 1986 3513 1
2024 3472 2073 3513 et
2101 3480 2129 3513 a
2161 3460 2345 3531 legunt
2384 3466 2541 3529 Inque

1511 3543 1671 3594 vicem
1710 3546 1856 3593 duros
1894 3544 2076 3593 evitant
2116 3542 2335 3593 cominus
2374 3560 2538 3592 enses.

1512 3622 1580 3674 Π.
1605 3624 1667 3675 Α.
1695 3634 1745 3675 et
1764 3622 1825 3673 L.
1846 3626 1998 3673 duros
2018 3634 2336 3672 commutant.
2353 3620 2545 3674 Teneo

1513 3703 1689 3773 itaque
1720 3706 1867 3753 duros
1903 3701 2113 3757 evitant,
2144 3710 2195 3751 et
2224 3699 2542 3771 interpretor

1512 3792 1886 3833 concurrentes
1910 3777 2125 3831 ensibus
2154 3778 2247 3831 diu
2273 3778 2342 3830 ita
2377 3776 2541 3850 digla-

1513 3860 1752 3925 diantur,
1785 3872 1843 3911 ut
1878 3860 2015 3912 ictus
2051 3858 2247 3911 evitent
2281 3858 2543 3921 invicem,

1516 3958 1613 3992 nec
1656 3940 1869 3993 vulnera
1913 3938 2195 4008 accipiant.
2238 3938 2361 3991 Post
2396 3938 2541 3992 enim

1514 4038 1695 4071 rursus
1714 4016 1853 4071 cedit
1874 4018 2071 4070 Hector
2097 4030 2146 4070 et
2184 4018 2334 4090 fugit.
2368 4018 2541 4073 Possis

1514 4101 1674 4155 etiam
1716 4098 1785 4151 ad
1823 4098 2093 4169 exemplar
2126 4118 2306 4151 versus
2338 4098 2441 4167 959
2477 4098 2553 4157 le-
