<?xml version="1.0" encoding="UTF-8"?>
<!DOCTYPE html PUBLIC "-//W3C//DTD XHTML 1.0 Transitional//EN"
    "http://www.w3.org/TR/xhtml1/DTD/xhtml1-transitional.dtd">
<html xmlns="http://www.w3.org/1999/xhtml" xml:lang="en" lang="en">
 <head>
  <title>
</title>
<meta http-equiv="Content-Type" content="text/html;charset=utf-8" />
  <meta name='ocr-system' content='tesseract 3.04.00' />
  <meta name='ocr-capabilities' content='ocr_page ocr_carea ocr_par ocr_line ocrx_word'/>
</head>
<body>
  <div class='ocr_page' id='page_1' title='image "./poetaelatinimin00unkngoog_0493.png"; bbox 0 0 2975 4684; ppageno 0'>
   <div class='ocr_carea' id='block_1_1' title="bbox 505 381 2095 469">
    <p class='ocr_par' dir='ltr' id='par_1_1' title="bbox 505 381 2095 469">
     <span class='ocr_line' id='line_1_1' title="bbox 505 381 2095 469; baseline 0.001 -19"><span class='ocrx_word' id='word_1_1' title='bbox 505 381 647 464; x_wconf 76' lang='lat'><strong>484</strong></span> <span class='ocrx_word' id='word_1_2' title='bbox 1045 381 1659 451; x_wconf 83' lang='lat' dir='ltr'>HOMERISTAE</span> <span class='ocrx_word' id='word_1_3' title='bbox 1719 384 2095 469; x_wconf 79' lang='lat' dir='ltr'><strong>LATINI,</strong></span> 
     </span>
    </p>
   </div>
   <div class='ocr_carea' id='block_1_2' title="bbox 503 509 2651 1341">
    <p class='ocr_par' dir='ltr' id='par_1_2' title="bbox 503 509 2651 1341">
     <span class='ocr_line' id='line_1_2' title="bbox 505 509 2639 602; baseline 0 -26"><span class='ocrx_word' id='word_1_4' title='bbox 505 509 840 576; x_wconf 88' lang='lat' dir='ltr'><strong>AEmilium</strong></span> <span class='ocrx_word' id='word_1_5' title='bbox 869 511 1162 576; x_wconf 87' lang='lat' dir='ltr'><strong>Macrum</strong></span> <span class='ocrx_word' id='word_1_6' title='bbox 1180 559 1199 593; x_wconf 87' lang='lat'><strong>,</strong></span> <span class='ocrx_word' id='word_1_7' title='bbox 1223 513 1338 599; x_wconf 89' lang='lat' dir='ltr'><strong>qui</strong></span> <span class='ocrx_word' id='word_1_8' title='bbox 1359 511 1911 600; x_wconf 84' lang='lat' dir='ltr'><strong>Ornithogoniam</strong></span> <span class='ocrx_word' id='word_1_9' title='bbox 1932 530 1997 578; x_wconf 89' lang='lat' dir='ltr'><strong>et</strong></span> <span class='ocrx_word' id='word_1_10' title='bbox 2018 511 2325 577; x_wconf 87' lang='lat' dir='ltr'><strong>Theriaca</strong></span> <span class='ocrx_word' id='word_1_11' title='bbox 2348 513 2639 602; x_wconf 79' lang='lat' dir='ltr'><strong>scripsit,</strong></span> 
     </span>
     <span class='ocr_line' id='line_1_3' title="bbox 503 613 2645 708; baseline 0 -26"><span class='ocrx_word' id='word_1_12' title='bbox 503 613 742 682; x_wconf 84' lang='lat' dir='ltr'><strong>obiisse</strong></span> <span class='ocrx_word' id='word_1_13' title='bbox 772 618 840 680; x_wconf 92' lang='lat' dir='ltr'><strong>in</strong></span> <span class='ocrx_word' id='word_1_14' title='bbox 875 618 1052 698; x_wconf 86' lang='lat' dir='ltr'><strong>Asia,</strong></span> <span class='ocrx_word' id='word_1_15' title='bbox 1081 639 1213 704; x_wconf 87' lang='lat' dir='ltr'><strong>quo</strong></span> <span class='ocrx_word' id='word_1_16' title='bbox 1247 631 1540 706; x_wconf 85' lang='lat' dir='ltr'><strong>tempore</strong></span> <span class='ocrx_word' id='word_1_17' title='bbox 1568 618 1901 706; x_wconf 79' lang='lat' dir='ltr'><strong>Augustus</strong></span> <span class='ocrx_word' id='word_1_18' title='bbox 1929 635 2199 708; x_wconf 80' lang='lat' dir='ltr'>nepotes</span> <span class='ocrx_word' id='word_1_19' title='bbox 2227 641 2379 683; x_wconf 86' lang='lat' dir='ltr'><strong>suos</strong></span> <span class='ocrx_word' id='word_1_20' title='bbox 2408 620 2645 683; x_wconf 85' lang='lat' dir='ltr'><strong>Caium</strong></span> 
     </span>
     <span class='ocr_line' id='line_1_4' title="bbox 505 718 2645 812; baseline -0.001 -24"><span class='ocrx_word' id='word_1_21' title='bbox 505 737 571 788; x_wconf 90' lang='lat' dir='ltr'><strong>et</strong></span> <span class='ocrx_word' id='word_1_22' title='bbox 614 722 888 786; x_wconf 87' lang='lat' dir='ltr'><strong>Lucium</strong></span> <span class='ocrx_word' id='word_1_23' title='bbox 916 722 1231 812; x_wconf 79' lang='lat' dir='ltr'>Agrippas</span> <span class='ocrx_word' id='word_1_24' title='bbox 1278 718 1624 809; x_wconf 87' lang='lat' dir='ltr'><strong>adoptavit.</strong></span> <span class='ocrx_word' id='word_1_25' title='bbox 1675 721 1751 786; x_wconf 91' lang='lat' dir='ltr'><strong>Id</strong></span> <span class='ocrx_word' id='word_1_26' title='bbox 1798 723 2040 788; x_wconf 83' lang='lat' dir='ltr'><strong>sactum</strong></span> <span class='ocrx_word' id='word_1_27' title='bbox 2076 727 2153 789; x_wconf 80' lang='lat' dir='ltr'><strong>A.</strong></span> <span class='ocrx_word' id='word_1_28' title='bbox 2186 724 2266 787; x_wconf 91' lang='lat' dir='ltr'><strong>U.</strong></span> <span class='ocrx_word' id='word_1_29' title='bbox 2298 723 2449 811; x_wconf 83' lang='lat'><strong>737,</strong></span> <span class='ocrx_word' id='word_1_30' title='bbox 2486 723 2645 788; x_wconf 78' lang='lat' dir='ltr'><strong>Caio</strong></span> 
     </span>
     <span class='ocr_line' id='line_1_5' title="bbox 503 827 2645 919; baseline -0 -26"><span class='ocrx_word' id='word_1_31' title='bbox 503 831 750 904; x_wconf 85' lang='lat' dir='ltr'><strong>Furnio</strong></span> <span class='ocrx_word' id='word_1_32' title='bbox 770 876 788 910; x_wconf 89' lang='lat'><strong>,</strong></span> <span class='ocrx_word' id='word_1_33' title='bbox 821 829 976 892; x_wconf 88' lang='lat' dir='ltr'><strong>Caio</strong></span> <span class='ocrx_word' id='word_1_34' title='bbox 1009 828 1201 891; x_wconf 87' lang='lat' dir='ltr'><strong>Junio</strong></span> <span class='ocrx_word' id='word_1_35' title='bbox 1239 827 1454 892; x_wconf 90' lang='lat' dir='ltr'><strong>Silano</strong></span> <span class='ocrx_word' id='word_1_36' title='bbox 1500 827 1682 892; x_wconf 89' lang='lat' dir='ltr'><strong>Coss.</strong></span> <span class='ocrx_word' id='word_1_37' title='bbox 1722 829 1939 893; x_wconf 86' lang='lat' dir='ltr'><strong>Multo</strong></span> <span class='ocrx_word' id='word_1_38' title='bbox 1972 830 2173 919; x_wconf 86' lang='lat' dir='ltr'><strong>igitur</strong></span> <span class='ocrx_word' id='word_1_39' title='bbox 2208 845 2503 918; x_wconf 87' lang='lat' dir='ltr'><strong>tempore</strong></span> <span class='ocrx_word' id='word_1_40' title='bbox 2532 828 2645 893; x_wconf 86' lang='lat' dir='ltr'><strong>hic</strong></span> 
     </span>
     <span class='ocr_line' id='line_1_6' title="bbox 505 933 2651 1024; baseline -0.001 -24"><span class='ocrx_word' id='word_1_41' title='bbox 505 952 654 1000; x_wconf 90' lang='lat' dir='ltr'><strong>ante</strong></span> <span class='ocrx_word' id='word_1_42' title='bbox 681 936 846 1000; x_wconf 88' lang='lat' dir='ltr'><strong>obiit</strong></span> <span class='ocrx_word' id='word_1_43' title='bbox 863 984 880 1017; x_wconf 89' lang='lat'><strong>,</strong></span> <span class='ocrx_word' id='word_1_44' title='bbox 905 957 1102 1024; x_wconf 89' lang='lat' dir='ltr'><strong>quam</strong></span> <span class='ocrx_word' id='word_1_45' title='bbox 1135 933 1408 998; x_wconf 84' lang='lat' dir='ltr'><strong>Ovidius</strong></span> <span class='ocrx_word' id='word_1_46' title='bbox 1434 934 1501 997; x_wconf 90' lang='lat' dir='ltr'><strong>in</strong></span> <span class='ocrx_word' id='word_1_47' title='bbox 1533 934 1827 999; x_wconf 82' lang='lat' dir='ltr'>exsilium</span> <span class='ocrx_word' id='word_1_48' title='bbox 1857 935 2215 1019; x_wconf 82' lang='lat' dir='ltr'><strong>ejiceretur,</strong></span> <span class='ocrx_word' id='word_1_49' title='bbox 2240 953 2307 1001; x_wconf 91' lang='lat' dir='ltr'><strong>et</strong></span> <span class='ocrx_word' id='word_1_50' title='bbox 2332 934 2483 1001; x_wconf 89' lang='lat' dir='ltr'><strong>inde</strong></span> <span class='ocrx_word' id='word_1_51' title='bbox 2511 935 2651 1024; x_wconf 86' lang='lat' dir='ltr'><strong>epi·</strong></span> 
     </span>
     <span class='ocr_line' id='line_1_7' title="bbox 504 1041 2645 1107; baseline -0 0"><span class='ocrx_word' id='word_1_52' title='bbox 504 1044 733 1107; x_wconf 87' lang='lat' dir='ltr'><strong>stolam</strong></span> <span class='ocrx_word' id='word_1_53' title='bbox 771 1041 853 1106; x_wconf 92' lang='lat' dir='ltr'><strong>ad</strong></span> <span class='ocrx_word' id='word_1_54' title='bbox 895 1042 1170 1106; x_wconf 79' lang='lat' dir='ltr'><strong>alterum</strong></span> <span class='ocrx_word' id='word_1_55' title='bbox 1215 1041 1514 1105; x_wconf 84' lang='lat' dir='ltr'><strong>Macrum</strong></span> <span class='ocrx_word' id='word_1_56' title='bbox 1553 1041 1882 1106; x_wconf 84' lang='lat' dir='ltr'><strong>scriberet.</strong></span> <span class='ocrx_word' id='word_1_57' title='bbox 1920 1043 2215 1107; x_wconf 86' lang='lat' dir='ltr'><strong>Macrum</strong></span> <span class='ocrx_word' id='word_1_58' title='bbox 2256 1043 2521 1107; x_wconf 89' lang='lat' dir='ltr'><strong>Iliacum</strong></span> <span class='ocrx_word' id='word_1_59' title='bbox 2560 1041 2645 1106; x_wconf 86' lang='lat' dir='ltr'><strong>ad</strong></span> 
     </span>
     <span class='ocr_line' id='line_1_8' title="bbox 503 1145 2645 1237; baseline -0.001 -24"><span class='ocrx_word' id='word_1_60' title='bbox 503 1149 814 1213; x_wconf 76' lang='lat' dir='ltr'>Liciniam</span> <span class='ocrx_word' id='word_1_61' title='bbox 840 1165 1098 1236; x_wconf 86' lang='lat' dir='ltr'><strong>gentem</strong></span> <span class='ocrx_word' id='word_1_62' title='bbox 1126 1169 1264 1210; x_wconf 88' lang='lat' dir='ltr'><strong>esse</strong></span> <span class='ocrx_word' id='word_1_63' title='bbox 1287 1145 1699 1211; x_wconf 85' lang='lat' dir='ltr'><strong>referendum</strong></span> <span class='ocrx_word' id='word_1_64' title='bbox 1721 1196 1740 1230; x_wconf 89' lang='lat'><strong>,</strong></span> <span class='ocrx_word' id='word_1_65' title='bbox 1762 1148 1931 1212; x_wconf 88' lang='lat' dir='ltr'><strong>sicut</strong></span> <span class='ocrx_word' id='word_1_66' title='bbox 1952 1149 2112 1213; x_wconf 89' lang='lat' dir='ltr'><strong>alter</strong></span> <span class='ocrx_word' id='word_1_67' title='bbox 2135 1148 2645 1237; x_wconf 83' lang='lat' dir='ltr'><strong>Ornithogonias</strong></span> 
     </span>
     <span class='ocr_line' id='line_1_9' title="bbox 505 1251 2645 1341; baseline -0.001 -22"><span class='ocrx_word' id='word_1_68' title='bbox 505 1271 568 1320; x_wconf 89' lang='lat' dir='ltr'><strong>et</strong></span> <span class='ocrx_word' id='word_1_69' title='bbox 598 1255 921 1318; x_wconf 66' lang='lat' dir='ltr'><strong>Thericun</strong></span> <span class='ocrx_word' id='word_1_70' title='bbox 969 1268 1195 1317; x_wconf 84' lang='lat' dir='ltr'><strong>auctor</strong></span> <span class='ocrx_word' id='word_1_71' title='bbox 1242 1253 1454 1341; x_wconf 86' lang='lat' dir='ltr'><strong>gentis</strong></span> <span class='ocrx_word' id='word_1_72' title='bbox 1487 1251 1763 1316; x_wconf 80' lang='lat' dir='ltr'><strong>AEmiliae</strong></span> <span class='ocrx_word' id='word_1_73' title='bbox 1807 1251 2036 1338; x_wconf 73' lang='lat' dir='ltr'><strong>fuerit,</strong></span> <span class='ocrx_word' id='word_1_74' title='bbox 2074 1269 2292 1319; x_wconf 87' lang='lat' dir='ltr'><strong>censet</strong></span> <span class='ocrx_word' id='word_1_75' title='bbox 2339 1253 2645 1319; x_wconf 78' lang='lat' dir='ltr'><strong>Heinsius</strong></span> 
     </span>
    </p>
   </div>
   <div class='ocr_carea' id='block_1_3' title="bbox 379 1359 2646 1443">
    <p class='ocr_par' dir='ltr' id='par_1_3' title="bbox 379 1359 2646 1443">
     <span class='ocr_line' id='line_1_10' title="bbox 379 1359 2646 1443; baseline -0.001 -16"><span class='ocrx_word' id='word_1_76' title='bbox 379 1417 390 1428; x_wconf 78' lang='grc'>,</span> <span class='ocrx_word' id='word_1_77' title='bbox 504 1360 586 1425; x_wconf 90' lang='lat' dir='ltr'><strong>ad</strong></span> <span class='ocrx_word' id='word_1_78' title='bbox 629 1361 816 1426; x_wconf 81' lang='lat' dir='ltr'><strong>ovid.</strong></span> <span class='ocrx_word' id='word_1_79' title='bbox 853 1382 931 1424; x_wconf 85' lang='lat' dir='ltr'><strong>ex</strong></span> <span class='ocrx_word' id='word_1_80' title='bbox 963 1361 1154 1424; x_wconf 90' lang='lat' dir='ltr'><strong>Pont.</strong></span> <span class='ocrx_word' id='word_1_81' title='bbox 1197 1359 1306 1442; x_wconf 85' lang='lat' dir='ltr'><strong>IV,</strong></span> <span class='ocrx_word' id='word_1_82' title='bbox 1354 1360 1462 1442; x_wconf 89' lang='lat'><strong>16,</strong></span> <span class='ocrx_word' id='word_1_83' title='bbox 1496 1360 1558 1424; x_wconf 90' lang='lat'><strong>6.</strong></span> <span class='ocrx_word' id='word_1_84' title='bbox 1596 1361 1743 1425; x_wconf 88' lang='lat' dir='ltr'>Fuit</span> <span class='ocrx_word' id='word_1_85' title='bbox 1780 1363 1955 1425; x_wconf 88' lang='lat' dir='ltr'><strong>enim</strong></span> <span class='ocrx_word' id='word_1_86' title='bbox 1992 1365 2064 1426; x_wconf 89' lang='lat' dir='ltr'><strong>C.</strong></span> <span class='ocrx_word' id='word_1_87' title='bbox 2086 1361 2369 1426; x_wconf 88' lang='lat' dir='ltr'><strong>Licinius</strong></span> <span class='ocrx_word' id='word_1_88' title='bbox 2406 1361 2646 1443; x_wconf 83' lang='lat' dir='ltr'><strong>Macer,</strong></span> 
     </span>
    </p>
   </div>
   <div class='ocr_carea' id='block_1_4' title="bbox 504 1459 2657 3355">
    <p class='ocr_par' dir='ltr' id='par_1_4' title="bbox 504 1459 2657 3355">
     <span class='ocr_line' id='line_1_11' title="bbox 505 1459 2655 1551; baseline 0 -26"><span class='ocrx_word' id='word_1_89' title='bbox 505 1477 726 1526; x_wconf 87' lang='lat' dir='ltr'><strong>orator</strong></span> <span class='ocrx_word' id='word_1_90' title='bbox 757 1477 822 1525; x_wconf 88' lang='lat' dir='ltr'><strong>et</strong></span> <span class='ocrx_word' id='word_1_91' title='bbox 852 1461 1200 1525; x_wconf 88' lang='lat' dir='ltr'><strong>historicus</strong></span> <span class='ocrx_word' id='word_1_92' title='bbox 1237 1459 1506 1525; x_wconf 83' lang='lat' dir='ltr'><strong>celebris</strong></span> <span class='ocrx_word' id='word_1_93' title='bbox 1544 1462 1877 1526; x_wconf 86' lang='lat' dir='ltr'><strong>Ciceronis</strong></span> <span class='ocrx_word' id='word_1_94' title='bbox 1908 1478 2090 1528; x_wconf 82' lang='lat' dir='ltr'><strong>aetate</strong></span> <span class='ocrx_word' id='word_1_95' title='bbox 2118 1513 2137 1546; x_wconf 91' lang='lat'><strong>,</strong></span> <span class='ocrx_word' id='word_1_96' title='bbox 2164 1463 2250 1527; x_wconf 89' lang='lat' dir='ltr'><strong>de</strong></span> <span class='ocrx_word' id='word_1_97' title='bbox 2282 1485 2417 1551; x_wconf 90' lang='lat' dir='ltr'><strong>quo</strong></span> <span class='ocrx_word' id='word_1_98' title='bbox 2441 1461 2655 1548; x_wconf 44' lang='lat' dir='ltr'><strong>videri,</strong></span> 
     </span>
     <span class='ocr_line' id='line_1_12' title="bbox 504 1566 2652 1657; baseline 0 -27"><span class='ocrx_word' id='word_1_99' title='bbox 504 1581 720 1656; x_wconf 89' lang='lat' dir='ltr'><strong>potest</strong></span> <span class='ocrx_word' id='word_1_100' title='bbox 743 1567 1010 1630; x_wconf 85' lang='lat' dir='ltr'><strong>Vossius</strong></span> <span class='ocrx_word' id='word_1_101' title='bbox 1038 1567 1105 1630; x_wconf 91' lang='lat' dir='ltr'><strong>in</strong></span> <span class='ocrx_word' id='word_1_102' title='bbox 1135 1566 1362 1630; x_wconf 89' lang='lat' dir='ltr'><strong>histor.</strong></span> <span class='ocrx_word' id='word_1_103' title='bbox 1392 1569 1531 1631; x_wconf 90' lang='lat' dir='ltr'><strong>Lat.</strong></span> <span class='ocrx_word' id='word_1_104' title='bbox 1565 1566 1679 1632; x_wconf 87' lang='lat' dir='ltr'><strong>lib.</strong></span> <span class='ocrx_word' id='word_1_105' title='bbox 1714 1569 1781 1650; x_wconf 90' lang='lat'><strong>1,</strong></span> <span class='ocrx_word' id='word_1_106' title='bbox 1805 1589 1861 1632; x_wconf 92' lang='lat' dir='ltr'><strong>c.</strong></span> <span class='ocrx_word' id='word_1_107' title='bbox 1903 1590 1979 1632; x_wconf 88' lang='lat'><strong>10</strong></span> <span class='ocrx_word' id='word_1_108' title='bbox 1997 1616 2015 1650; x_wconf 89' lang='lat'><strong>,</strong></span> <span class='ocrx_word' id='word_1_109' title='bbox 2043 1591 2106 1657; x_wconf 87' lang='lat' dir='ltr'><strong>p.</strong></span> <span class='ocrx_word' id='word_1_110' title='bbox 2138 1567 2221 1646; x_wconf 74' lang='grc'><strong>45</strong></span> <span class='ocrx_word' id='word_1_111' title='bbox 2242 1615 2261 1650; x_wconf 90' lang='grc'><strong><em>,</em></strong></span> <span class='ocrx_word' id='word_1_112' title='bbox 2290 1567 2473 1646; x_wconf 87' lang='lat' dir='ltr'><strong>cujus</strong></span> <span class='ocrx_word' id='word_1_113' title='bbox 2502 1589 2652 1656; x_wconf 84' lang='lat' dir='ltr'><strong>gen·</strong></span> 
     </span>
     <span class='ocr_line' id='line_1_13' title="bbox 507 1672 2652 1756; baseline 0 -19"><span class='ocrx_word' id='word_1_114' title='bbox 507 1673 686 1738; x_wconf 88' lang='lat' dir='ltr'><strong>tilem</strong></span> <span class='ocrx_word' id='word_1_115' title='bbox 738 1674 938 1738; x_wconf 86' lang='lat' dir='ltr'><strong>fuisse</strong></span> <span class='ocrx_word' id='word_1_116' title='bbox 985 1673 1280 1737; x_wconf 85' lang='lat' dir='ltr'><strong>Macrum</strong></span> <span class='ocrx_word' id='word_1_117' title='bbox 1333 1672 1485 1737; x_wconf 91' lang='lat' dir='ltr'><strong>belli</strong></span> <span class='ocrx_word' id='word_1_118' title='bbox 1530 1672 1791 1754; x_wconf 88' lang='lat' dir='ltr'><strong>Trojani</strong></span> <span class='ocrx_word' id='word_1_119' title='bbox 1841 1689 2213 1756; x_wconf 80' lang='lat' dir='ltr'><strong>auctorem,</strong></span> <span class='ocrx_word' id='word_1_120' title='bbox 2251 1673 2413 1738; x_wconf 86' lang='lat' dir='ltr'><strong>mihi</strong></span> <span class='ocrx_word' id='word_1_121' title='bbox 2465 1673 2652 1737; x_wconf 78' lang='lat' dir='ltr'><strong>facile</strong></span> 
     </span>
     <span class='ocr_line' id='line_1_14' title="bbox 507 1777 2651 1871; baseline 0 -27"><span class='ocrx_word' id='word_1_122' title='bbox 507 1779 866 1871; x_wconf 87' lang='lat' dir='ltr'><strong>persuadeo</strong></span> <span class='ocrx_word' id='word_1_123' title='bbox 886 1830 904 1855; x_wconf 90' lang='lat'>‚</span> <span class='ocrx_word' id='word_1_124' title='bbox 937 1779 1136 1867; x_wconf 88' lang='lat' dir='ltr'><strong>idque</strong></span> <span class='ocrx_word' id='word_1_125' title='bbox 1173 1802 1250 1844; x_wconf 87' lang='lat' dir='ltr'><strong>ex</strong></span> <span class='ocrx_word' id='word_1_126' title='bbox 1285 1779 1412 1843; x_wconf 93' lang='lat' dir='ltr'><strong>hoc</strong></span> <span class='ocrx_word' id='word_1_127' title='bbox 1454 1779 1649 1842; x_wconf 87' lang='lat' dir='ltr'><strong>etiam</strong></span> <span class='ocrx_word' id='word_1_128' title='bbox 1690 1778 2128 1869; x_wconf 88' lang='lat' dir='ltr'><strong>colligendum</strong></span> <span class='ocrx_word' id='word_1_129' title='bbox 2162 1803 2397 1844; x_wconf 88' lang='lat' dir='ltr'><strong>censeo</strong></span> <span class='ocrx_word' id='word_1_130' title='bbox 2418 1827 2436 1861; x_wconf 89' lang='lat'><strong>,</strong></span> <span class='ocrx_word' id='word_1_131' title='bbox 2467 1777 2651 1867; x_wconf 89' lang='lat' dir='ltr'><strong>quod</strong></span> 
     </span>
     <span class='ocr_line' id='line_1_15' title="bbox 510 1885 2649 1951; baseline -0.001 0"><span class='ocrx_word' id='word_1_132' title='bbox 510 1886 926 1951; x_wconf 87' lang='lat' dir='ltr'><strong>Grammatici</strong></span> <span class='ocrx_word' id='word_1_133' title='bbox 959 1885 1237 1950; x_wconf 87' lang='lat' dir='ltr'><strong>subinde</strong></span> <span class='ocrx_word' id='word_1_134' title='bbox 1271 1885 1563 1950; x_wconf 88' lang='lat' dir='ltr'><strong>Macrum</strong></span> <span class='ocrx_word' id='word_1_135' title='bbox 1596 1885 1865 1950; x_wconf 84' lang='lat' dir='ltr'><strong>citantes</strong></span> <span class='ocrx_word' id='word_1_136' title='bbox 1892 1885 2136 1950; x_wconf 85' lang='lat' dir='ltr'><strong>AEmilii</strong></span> <span class='ocrx_word' id='word_1_137' title='bbox 2170 1903 2235 1950; x_wconf 87' lang='lat' dir='ltr'><strong>et</strong></span> <span class='ocrx_word' id='word_1_138' title='bbox 2266 1885 2493 1950; x_wconf 87' lang='lat' dir='ltr'><strong>Licinii</strong></span> <span class='ocrx_word' id='word_1_139' title='bbox 2526 1907 2649 1949; x_wconf 92' lang='lat' dir='ltr'><strong>no-</strong></span> 
     </span>
     <span class='ocr_line' id='line_1_16' title="bbox 505 1989 2653 2078; baseline -0.001 -21"><span class='ocrx_word' id='word_1_140' title='bbox 505 1994 682 2058; x_wconf 89' lang='lat' dir='ltr'><strong>mina</strong></span> <span class='ocrx_word' id='word_1_141' title='bbox 713 1991 1150 2056; x_wconf 86' lang='lat' dir='ltr'><strong>confundunt.</strong></span> <span class='ocrx_word' id='word_1_142' title='bbox 1185 1991 1440 2057; x_wconf 89' lang='lat' dir='ltr'><strong>Nonius</strong></span> <span class='ocrx_word' id='word_1_143' title='bbox 1473 1991 1543 2054; x_wconf 91' lang='lat' dir='ltr'><strong>in</strong></span> <span class='ocrx_word' id='word_1_144' title='bbox 1576 2013 1738 2056; x_wconf 79' lang='lat' dir='ltr'><strong>voce</strong></span> <span class='ocrx_word' id='word_1_145' title='bbox 1771 1989 2103 2078; x_wconf 72' lang='lat' dir='ltr'><strong>Pmftcta‚</strong></span> <span class='ocrx_word' id='word_1_146' title='bbox 2142 1991 2463 2056; x_wconf 84' lang='lat' dir='ltr'><strong>Licinium</strong></span> <span class='ocrx_word' id='word_1_147' title='bbox 2502 1991 2653 2056; x_wconf 86' lang='lat' dir='ltr'><strong>Ma-</strong></span> 
     </span>
     <span class='ocr_line' id='line_1_17' title="bbox 509 2097 2654 2190; baseline -0.001 -25"><span class='ocrx_word' id='word_1_148' title='bbox 509 2125 692 2166; x_wconf 87' lang='lat' dir='ltr'><strong>crum</strong></span> <span class='ocrx_word' id='word_1_149' title='bbox 721 2102 788 2164; x_wconf 88' lang='lat' dir='ltr'><strong>in</strong></span> <span class='ocrx_word' id='word_1_150' title='bbox 817 2101 1296 2190; x_wconf 85' lang='lat' dir='ltr'><strong>Ornithogonia</strong></span> <span class='ocrx_word' id='word_1_151' title='bbox 1323 2100 1511 2181; x_wconf 86' lang='lat' dir='ltr'><strong>citat,</strong></span> <span class='ocrx_word' id='word_1_152' title='bbox 1530 2099 1645 2162; x_wconf 88' lang='lat' dir='ltr'><strong>ubi</strong></span> <span class='ocrx_word' id='word_1_153' title='bbox 1670 2100 1810 2163; x_wconf 90' lang='lat' dir='ltr'><strong>sine</strong></span> <span class='ocrx_word' id='word_1_154' title='bbox 1836 2100 2042 2164; x_wconf 91' lang='lat' dir='ltr'><strong>dubio</strong></span> <span class='ocrx_word' id='word_1_155' title='bbox 2064 2098 2415 2190; x_wconf 85' lang='lat' dir='ltr'><strong>legendum</strong></span> <span class='ocrx_word' id='word_1_156' title='bbox 2446 2097 2654 2163; x_wconf 86' lang='lat' dir='ltr'><strong>AEmi-</strong></span> 
     </span>
     <span class='ocr_line' id='line_1_18' title="bbox 510 2193 2653 2294; baseline -0.001 -24"><span class='ocrx_word' id='word_1_157' title='bbox 510 2207 636 2272; x_wconf 89' lang='lat' dir='ltr'><strong>lius</strong></span> <span class='ocrx_word' id='word_1_158' title='bbox 666 2208 902 2271; x_wconf 84' lang='lat' dir='ltr'><strong>Macer.</strong></span> <span class='ocrx_word' id='word_1_159' title='bbox 940 2207 1186 2270; x_wconf 86' lang='lat' dir='ltr'><strong>Contra</strong></span> <span class='ocrx_word' id='word_1_160' title='bbox 1217 2205 1618 2287; x_wconf 85' lang='lat' dir='ltr'><strong>Priscianus,</strong></span> <span class='ocrx_word' id='word_1_161' title='bbox 1653 2203 1882 2282; x_wconf 81' lang='lat' dir='ltr'><strong>lib.x‚</strong></span> <span class='ocrx_word' id='word_1_162' title='bbox 1912 2193 1976 2294; x_wconf 63' lang='lat' dir='ltr'><strong>p&#39;.</strong></span> <span class='ocrx_word' id='word_1_163' title='bbox 2000 2203 2152 2292; x_wconf 82' lang='lat'><strong>895,</strong></span> <span class='ocrx_word' id='word_1_164' title='bbox 2174 2203 2419 2269; x_wconf 80' lang='lat' dir='ltr'><strong>AEmilii</strong></span> <span class='ocrx_word' id='word_1_165' title='bbox 2449 2205 2653 2268; x_wconf 79' lang='lat' dir='ltr'><strong>Macri</strong></span> 
     </span>
     <span class='ocr_line' id='line_1_19' title="bbox 510 2309 2653 2400; baseline -0.003 -21"><span class='ocrx_word' id='word_1_166' title='bbox 510 2313 864 2379; x_wconf 89' lang='lat' dir='ltr'><strong>Annalium</strong></span> <span class='ocrx_word' id='word_1_167' title='bbox 902 2312 1142 2376; x_wconf 85' lang='lat' dir='ltr'><strong>librum</strong></span> <span class='ocrx_word' id='word_1_168' title='bbox 1177 2311 1332 2376; x_wconf 88' lang='lat' dir='ltr'><strong>XVI</strong></span> <span class='ocrx_word' id='word_1_169' title='bbox 1363 2312 1629 2400; x_wconf 85' lang='lat' dir='ltr'><strong>allegat,</strong></span> <span class='ocrx_word' id='word_1_170' title='bbox 1660 2311 1776 2374; x_wconf 88' lang='lat' dir='ltr'><strong>ubi</strong></span> <span class='ocrx_word' id='word_1_171' title='bbox 1812 2311 2097 2377; x_wconf 87' lang='lat' dir='ltr'><strong>Licinius</strong></span> <span class='ocrx_word' id='word_1_172' title='bbox 2133 2311 2353 2376; x_wconf 85' lang='lat' dir='ltr'><strong>Macer</strong></span> <span class='ocrx_word' id='word_1_173' title='bbox 2384 2309 2653 2374; x_wconf 90' lang='lat' dir='ltr'><strong>histori-</strong></span> 
     </span>
     <span class='ocr_line' id='line_1_20' title="bbox 511 2415 2655 2483; baseline -0.002 0"><span class='ocrx_word' id='word_1_174' title='bbox 511 2441 625 2483; x_wconf 88' lang='lat' dir='ltr'><strong>cus</strong></span> <span class='ocrx_word' id='word_1_175' title='bbox 672 2417 1109 2482; x_wconf 87' lang='lat' dir='ltr'><strong>nominandus</strong></span> <span class='ocrx_word' id='word_1_176' title='bbox 1155 2433 1309 2480; x_wconf 87' lang='lat' dir='ltr'><strong>erat.</strong></span> <span class='ocrx_word' id='word_1_177' title='bbox 1355 2415 1714 2482; x_wconf 86' lang='lat' dir='ltr'><strong>Re&#39;ferenda</strong></span> <span class='ocrx_word' id='word_1_178' title='bbox 1764 2415 1981 2482; x_wconf 85' lang='lat' dir='ltr'><strong>adhuc</strong></span> <span class='ocrx_word' id='word_1_179' title='bbox 2021 2415 2141 2481; x_wconf 86' lang='lat' dir='ltr'><strong>alia</strong></span> <span class='ocrx_word' id='word_1_180' title='bbox 2196 2417 2511 2481; x_wconf 88' lang='lat' dir='ltr'><strong>sententia</strong></span> <span class='ocrx_word' id='word_1_181' title='bbox 2555 2431 2655 2479; x_wconf 59' lang='lat' dir='ltr'><strong>est</strong></span> 
     </span>
     <span class='ocr_line' id='line_1_21' title="bbox 511 2521 2651 2612; baseline -0.001 -24"><span class='ocrx_word' id='word_1_182' title='bbox 511 2525 608 2588; x_wconf 86' lang='lat' dir='ltr'><strong>Jo.</strong></span> <span class='ocrx_word' id='word_1_183' title='bbox 659 2527 833 2612; x_wconf 87' lang='lat' dir='ltr'><strong>Bapt.</strong></span> <span class='ocrx_word' id='word_1_184' title='bbox 881 2523 1010 2604; x_wconf 88' lang='lat' dir='ltr'><strong>Pii,</strong></span> <span class='ocrx_word' id='word_1_185' title='bbox 1041 2521 1372 2588; x_wconf 87' lang='lat' dir='ltr'><strong>Adnotatt.</strong></span> <span class='ocrx_word' id='word_1_186' title='bbox 1407 2540 1649 2611; x_wconf 87' lang='lat' dir='ltr'><strong>poster.</strong></span> <span class='ocrx_word' id='word_1_187' title='bbox 1692 2547 1832 2612; x_wconf 86' lang='lat' dir='ltr'><strong>cap.</strong></span> <span class='ocrx_word' id='word_1_188' title='bbox 1870 2523 2027 2604; x_wconf 73' lang='lat'><strong>184,</strong></span> <span class='ocrx_word' id='word_1_189' title='bbox 2056 2523 2167 2610; x_wconf 90' lang='lat' dir='ltr'><strong>qui</strong></span> <span class='ocrx_word' id='word_1_190' title='bbox 2214 2521 2363 2587; x_wconf 85' lang='lat' dir='ltr'><strong>belli</strong></span> <span class='ocrx_word' id='word_1_191' title='bbox 2387 2522 2651 2603; x_wconf 74' lang='lat' dir='ltr'><strong>Troiani</strong></span> 
     </span>
     <span class='ocr_line' id='line_1_22' title="bbox 511 2628 2653 2719; baseline -0.001 -24"><span class='ocrx_word' id='word_1_192' title='bbox 511 2631 895 2719; x_wconf 81' lang='lat' dir='ltr'><strong>scriptorem</strong></span> <span class='ocrx_word' id='word_1_193' title='bbox 940 2629 1236 2694; x_wconf 87' lang='lat' dir='ltr'><strong>Macrum</strong></span> <span class='ocrx_word' id='word_1_194' title='bbox 1258 2678 1277 2710; x_wconf 92' lang='lat'><strong>,</strong></span> <span class='ocrx_word' id='word_1_195' title='bbox 1303 2628 1386 2693; x_wconf 90' lang='lat' dir='ltr'><strong>ad</strong></span> <span class='ocrx_word' id='word_1_196' title='bbox 1431 2653 1629 2719; x_wconf 88' lang='lat' dir='ltr'><strong>quem</strong></span> <span class='ocrx_word' id='word_1_197' title='bbox 1678 2629 1900 2694; x_wconf 86' lang='lat' dir='ltr'><strong>scribit</strong></span> <span class='ocrx_word' id='word_1_198' title='bbox 1945 2629 2217 2695; x_wconf 75' lang='lat' dir='ltr'><strong>Ovidius</strong></span> <span class='ocrx_word' id='word_1_199' title='bbox 2237 2677 2256 2711; x_wconf 89' lang='lat'><strong>,</strong></span> <span class='ocrx_word' id='word_1_200' title='bbox 2289 2643 2473 2718; x_wconf 82' lang='lat' dir='ltr'><strong>putat</strong></span> <span class='ocrx_word' id='word_1_201' title='bbox 2515 2651 2653 2692; x_wconf 82' lang='lat' dir='ltr'><strong>esse</strong></span> 
     </span>
     <span class='ocr_line' id='line_1_23' title="bbox 512 2733 2652 2825; baseline -0.002 -24"><span class='ocrx_word' id='word_1_202' title='bbox 512 2737 894 2825; x_wconf 89' lang='lat' dir='ltr'><strong>Pompeium</strong></span> <span class='ocrx_word' id='word_1_203' title='bbox 930 2736 1256 2815; x_wconf 89' lang='lat' dir='ltr'><strong>Macrum,</strong></span> <span class='ocrx_word' id='word_1_204' title='bbox 1297 2758 1492 2822; x_wconf 88' lang='lat' dir='ltr'><strong>quem</strong></span> <span class='ocrx_word' id='word_1_205' title='bbox 1527 2735 1684 2800; x_wconf 88' lang='lat' dir='ltr'><strong>dicit</strong></span> <span class='ocrx_word' id='word_1_206' title='bbox 1719 2734 2013 2800; x_wconf 87' lang='lat' dir='ltr'><strong>floruisse</strong></span> <span class='ocrx_word' id='word_1_207' title='bbox 2044 2736 2171 2800; x_wconf 87' lang='lat' dir='ltr'><strong>sub</strong></span> <span class='ocrx_word' id='word_1_208' title='bbox 2200 2737 2498 2824; x_wconf 86' lang='lat' dir='ltr'><strong>Augusto</strong></span> <span class='ocrx_word' id='word_1_209' title='bbox 2520 2781 2539 2816; x_wconf 93' lang='lat'><strong>,</strong></span> <span class='ocrx_word' id='word_1_210' title='bbox 2580 2733 2652 2797; x_wconf 92' lang='lat' dir='ltr'><strong>li·</strong></span> 
     </span>
     <span class='ocr_line' id='line_1_24' title="bbox 505 2839 2651 2929; baseline -0.001 -22"><span class='ocrx_word' id='word_1_211' title='bbox 505 2859 796 2907; x_wconf 81' lang='lat' dir='ltr'><strong>terarum</strong></span> <span class='ocrx_word' id='word_1_212' title='bbox 827 2842 1128 2906; x_wconf 88' lang='lat' dir='ltr'><strong>columen</strong></span> <span class='ocrx_word' id='word_1_213' title='bbox 1158 2858 1222 2905; x_wconf 92' lang='lat' dir='ltr'><strong>et</strong></span> <span class='ocrx_word' id='word_1_214' title='bbox 1251 2841 1637 2906; x_wconf 87' lang='lat' dir='ltr'><strong>eruditionis</strong></span> <span class='ocrx_word' id='word_1_215' title='bbox 1668 2839 2017 2929; x_wconf 84' lang='lat' dir='ltr'><strong>quemdam</strong></span> <span class='ocrx_word' id='word_1_216' title='bbox 2043 2841 2241 2905; x_wconf 83' lang='lat' dir='ltr'><strong>veluti</strong></span> <span class='ocrx_word' id='word_1_217' title='bbox 2272 2841 2651 2904; x_wconf 84' lang='lat' dir='ltr'><strong>thesaurum</strong></span> 
     </span>
     <span class='ocr_line' id='line_1_25' title="bbox 508 2945 2652 3034; baseline -0.001 -21"><span class='ocrx_word' id='word_1_218' title='bbox 508 2949 746 3029; x_wconf 84' lang='lat' dir='ltr'><strong>fuisse,</strong></span> <span class='ocrx_word' id='word_1_219' title='bbox 785 2964 849 3012; x_wconf 90' lang='lat' dir='ltr'><strong>et</strong></span> <span class='ocrx_word' id='word_1_220' title='bbox 895 2971 932 3011; x_wconf 90' lang='lat' dir='ltr'><strong>a</strong></span> <span class='ocrx_word' id='word_1_221' title='bbox 980 2947 1292 3012; x_wconf 90' lang='lat' dir='ltr'><strong>Suetonio</strong></span> <span class='ocrx_word' id='word_1_222' title='bbox 1347 2948 1474 3010; x_wconf 85' lang='lat' dir='ltr'><strong>Jul.</strong></span> <span class='ocrx_word' id='word_1_223' title='bbox 1512 2969 1652 3034; x_wconf 89' lang='lat' dir='ltr'><strong>cap.</strong></span> <span class='ocrx_word' id='word_1_224' title='bbox 1695 2945 1818 3028; x_wconf 86' lang='lat'><strong>56,</strong></span> <span class='ocrx_word' id='word_1_225' title='bbox 1868 2945 1969 3012; x_wconf 80' lang='lat' dir='ltr'><strong>his</strong></span> <span class='ocrx_word' id='word_1_226' title='bbox 2008 2946 2219 3010; x_wconf 81' lang='lat' dir='ltr'><strong>verbis</strong></span> <span class='ocrx_word' id='word_1_227' title='bbox 2270 2947 2652 3010; x_wconf 84' lang='lat' dir='ltr'><strong>memorari:</strong></span> 
     </span>
     <span class='ocr_line' id='line_1_26' title="bbox 513 3049 2651 3140; baseline -0.002 -21"><span class='ocrx_word' id='word_1_228' title='bbox 513 3086 538 3110; x_wconf 73' lang='grc' dir='ltr'>κ</span> <span class='ocrx_word' id='word_1_229' title='bbox 561 3055 746 3136; x_wconf 89' lang='lat' dir='ltr'><strong>Quos</strong></span> <span class='ocrx_word' id='word_1_230' title='bbox 780 3073 1006 3118; x_wconf 85' lang='lat' dir='ltr'><strong>omnes</strong></span> <span class='ocrx_word' id='word_1_231' title='bbox 1042 3053 1292 3116; x_wconf 84' lang='lat' dir='ltr'><strong>libellos</strong></span> <span class='ocrx_word' id='word_1_232' title='bbox 1321 3049 1669 3139; x_wconf 78' lang='lat' dir='ltr'><strong>(Coesaris)</strong></span> <span class='ocrx_word' id='word_1_233' title='bbox 1696 3055 1901 3116; x_wconf 87' lang='lat' dir='ltr'><strong>vetuit</strong></span> <span class='ocrx_word' id='word_1_234' title='bbox 1936 3054 2261 3140; x_wconf 85' lang='lat' dir='ltr'><strong>Augustus</strong></span> <span class='ocrx_word' id='word_1_235' title='bbox 2298 3051 2613 3140; x_wconf 80' lang='lat' dir='ltr'><strong>publicari</strong></span> <span class='ocrx_word' id='word_1_236' title='bbox 2631 3100 2651 3128; x_wconf 87' lang='lat'><strong>,</strong></span> 
     </span>
     <span class='ocr_line' id='line_1_27' title="bbox 512 3155 2657 3247; baseline 0 -25"><span class='ocrx_word' id='word_1_237' title='bbox 512 3161 581 3222; x_wconf 92' lang='lat' dir='ltr'><strong>in</strong></span> <span class='ocrx_word' id='word_1_238' title='bbox 611 3160 880 3246; x_wconf 89' lang='lat' dir='ltr'><strong>epistola</strong></span> <span class='ocrx_word' id='word_1_239' title='bbox 898 3207 918 3240; x_wconf 89' lang='lat'><strong>,</strong></span> <span class='ocrx_word' id='word_1_240' title='bbox 948 3181 1144 3246; x_wconf 88' lang='lat' dir='ltr'><strong>quam</strong></span> <span class='ocrx_word' id='word_1_241' title='bbox 1180 3159 1444 3229; x_wconf 82' lang='lat' dir='ltr'><strong>brevem</strong></span> <span class='ocrx_word' id='word_1_242' title='bbox 1478 3155 1835 3222; x_wconf 88' lang='lat' dir='ltr'><strong>admodum</strong></span> <span class='ocrx_word' id='word_1_243' title='bbox 1862 3180 1935 3222; x_wconf 92' lang='lat' dir='ltr'><strong>ac</strong></span> <span class='ocrx_word' id='word_1_244' title='bbox 1960 3158 2319 3247; x_wconf 83' lang='lat' dir='ltr'><strong>simplicem</strong></span> <span class='ocrx_word' id='word_1_245' title='bbox 2348 3157 2430 3222; x_wconf 86' lang='lat' dir='ltr'><strong>ad</strong></span> <span class='ocrx_word' id='word_1_246' title='bbox 2458 3156 2657 3222; x_wconf 86' lang='lat' dir='ltr'><strong>Pom—</strong></span> 
     </span>
     <span class='ocr_line' id='line_1_28' title="bbox 512 3261 2651 3355; baseline 0 -28"><span class='ocrx_word' id='word_1_247' title='bbox 512 3266 732 3355; x_wconf 89' lang='lat' dir='ltr'><strong>peium</strong></span> <span class='ocrx_word' id='word_1_248' title='bbox 771 3265 1066 3329; x_wconf 86' lang='lat' dir='ltr'><strong>Macrum</strong></span> <span class='ocrx_word' id='word_1_249' title='bbox 1085 3313 1104 3346; x_wconf 95' lang='lat'><strong>,</strong></span> <span class='ocrx_word' id='word_1_250' title='bbox 1139 3264 1246 3327; x_wconf 88' lang='lat' dir='ltr'><strong>cui</strong></span> <span class='ocrx_word' id='word_1_251' title='bbox 1295 3261 1689 3328; x_wconf 83' lang='lat' dir='ltr'><strong>ordinandas</strong></span> <span class='ocrx_word' id='word_1_252' title='bbox 1737 3263 2163 3330; x_wconf 88' lang='lat' dir='ltr'><strong>bibliothecas</strong></span> <span class='ocrx_word' id='word_1_253' title='bbox 2212 3265 2651 3352; x_wconf 83' lang='lat' dir='ltr'><strong>delegaverat,</strong></span> 
     </span>
    </p>
   </div>
   <div class='ocr_carea' id='block_1_5' title="bbox 393 3370 762 3447">
    <p class='ocr_par' dir='ltr' id='par_1_5' title="bbox 393 3370 762 3447">
     <span class='ocr_line' id='line_1_29' title="bbox 393 3370 762 3447; baseline 0.003 -15"><span class='ocrx_word' id='word_1_254' title='bbox 393 3437 402 3447; x_wconf 70' lang='grc'><strong><em>,</em></strong></span> <span class='ocrx_word' id='word_1_255' title='bbox 515 3370 691 3434; x_wconf 88' lang='lat' dir='ltr'><strong>misit</strong></span> <span class='ocrx_word' id='word_1_256' title='bbox 716 3400 762 3433; x_wconf 74' lang='grc' dir='ltr'><strong>ν.</strong></span> 
     </span>
    </p>
   </div>
   <div class='ocr_carea' id='block_1_6' title="bbox 511 3600 2662 3899">
    <p class='ocr_par' dir='ltr' id='par_1_6' title="bbox 511 3600 2662 3899">
     <span class='ocr_line' id='line_1_30' title="bbox 599 3600 2662 3689; baseline 0.001 -26"><span class='ocrx_word' id='word_1_257' title='bbox 599 3600 745 3665; x_wconf 82' lang='lat' dir='ltr'><strong>vll.</strong></span> <span class='ocrx_word' id='word_1_258' title='bbox 781 3603 1068 3665; x_wconf 88' lang='lat' dir='ltr'><strong>Auctore</strong></span> <span class='ocrx_word' id='word_1_259' title='bbox 1100 3600 1336 3665; x_wconf 85' lang='lat' dir='ltr'><strong>Ovidio</strong></span> <span class='ocrx_word' id='word_1_260' title='bbox 1371 3624 1472 3665; x_wconf 88' lang='lat' dir='ltr'><strong>res</strong></span> <span class='ocrx_word' id='word_1_261' title='bbox 1496 3601 1841 3682; x_wconf 68' lang='lat' dir='ltr'><strong>Troianas,</strong></span> <span class='ocrx_word' id='word_1_262' title='bbox 1873 3618 1939 3666; x_wconf 92' lang='lat' dir='ltr'><strong>et</strong></span> <span class='ocrx_word' id='word_1_263' title='bbox 1966 3601 2231 3689; x_wconf 87' lang='lat' dir='ltr'><strong>quidem</strong></span> <span class='ocrx_word' id='word_1_264' title='bbox 2256 3602 2662 3666; x_wconf 62' lang='lat' dir='ltr'><strong>‘Antehome-</strong></span> 
     </span>
     <span class='ocr_line' id='line_1_31' title="bbox 511 3706 2655 3795; baseline 0 -23"><span class='ocrx_word' id='word_1_265' title='bbox 511 3709 674 3772; x_wconf 86' lang='lat' dir='ltr'><strong>ricas</strong></span> <span class='ocrx_word' id='word_1_266' title='bbox 695 3754 713 3788; x_wconf 97' lang='lat'><strong>,</strong></span> <span class='ocrx_word' id='word_1_267' title='bbox 744 3722 1044 3795; x_wconf 87' lang='lat' dir='ltr'><strong>poemate.</strong></span> <span class='ocrx_word' id='word_1_268' title='bbox 1071 3708 1365 3770; x_wconf 86' lang='lat' dir='ltr'><strong>tractavit</strong></span> <span class='ocrx_word' id='word_1_269' title='bbox 1395 3706 1778 3773; x_wconf 80' lang='lat' dir='ltr'><strong>Camerinus.</strong></span> <span class='ocrx_word' id='word_1_270' title='bbox 1809 3709 1915 3772; x_wconf 90' lang='lat' dir='ltr'><strong>Sic</strong></span> <span class='ocrx_word' id='word_1_271' title='bbox 1946 3709 2122 3772; x_wconf 89' lang='lat' dir='ltr'><strong>enim</strong></span> <span class='ocrx_word' id='word_1_272' title='bbox 2154 3709 2295 3790; x_wconf 84' lang='lat' dir='ltr'><strong>ille,</strong></span> <span class='ocrx_word' id='word_1_273' title='bbox 2324 3707 2516 3773; x_wconf 87' lang='lat' dir='ltr'><strong>Pont.</strong></span> <span class='ocrx_word' id='word_1_274' title='bbox 2538 3707 2655 3790; x_wconf 89' lang='lat' dir='ltr'><strong>IV,</strong></span> 
     </span>
     <span class='ocr_line' id='line_1_32' title="bbox 522 3816 796 3899; baseline 0 -21"><span class='ocrx_word' id='word_1_275' title='bbox 522 3816 634 3896; x_wconf 87' lang='lat'><strong>16,</strong></span> <span class='ocrx_word' id='word_1_276' title='bbox 680 3836 796 3899; x_wconf 91' lang='lat'><strong>19:</strong></span> 
     </span>
    </p>
   </div>
   <div class='ocr_carea' id='block_1_7' title="bbox 789 3960 2403 4039">
    <p class='ocr_par' dir='ltr' id='par_1_7' title="bbox 789 3960 2403 4039">
     <span class='ocr_line' id='line_1_33' title="bbox 789 3960 2403 4039; baseline 0.001 -25"><span class='ocrx_word' id='word_1_277' title='bbox 789 3961 1001 4033; x_wconf 88' lang='lat' dir='ltr'><strong>Quique</strong></span> <span class='ocrx_word' id='word_1_278' title='bbox 1027 3963 1170 4015; x_wconf 86' lang='lat' dir='ltr'><strong>canit</strong></span> <span class='ocrx_word' id='word_1_279' title='bbox 1202 3960 1454 4016; x_wconf 74' lang='lat' dir='ltr'><strong>domitam</strong></span> <span class='ocrx_word' id='word_1_280' title='bbox 1483 3964 1791 4039; x_wconf 70' lang='lat' dir='ltr'><strong>Camerinus</strong></span> <span class='ocrx_word' id='word_1_281' title='bbox 1824 3965 1893 4016; x_wconf 81' lang='lat' dir='ltr'><strong>ab</strong></span> <span class='ocrx_word' id='word_1_282' title='bbox 1919 3964 2148 4018; x_wconf 80' lang='lat' dir='ltr'><strong>Hercule</strong></span> <span class='ocrx_word' id='word_1_283' title='bbox 2160 3963 2403 4037; x_wconf 84' lang='lat' dir='ltr'><strong>Trojam.</strong></span> 
     </span>
    </p>
   </div>
   <div class='ocr_carea' id='block_1_8' title="bbox 515 4109 2655 4201">
    <p class='ocr_par' dir='ltr' id='par_1_8' title="bbox 515 4109 2655 4201">
     <span class='ocr_line' id='line_1_34' title="bbox 515 4109 2655 4201; baseline 0.002 -30"><span class='ocrx_word' id='word_1_284' title='bbox 515 4109 708 4172; x_wconf 91' lang='lat' dir='ltr'><strong>Hunc</strong></span> <span class='ocrx_word' id='word_1_285' title='bbox 759 4109 841 4191; x_wconf 89' lang='lat' dir='ltr'><strong>Q.</strong></span> <span class='ocrx_word' id='word_1_286' title='bbox 892 4110 1248 4199; x_wconf 90' lang='lat' dir='ltr'><strong>Sulpicium</strong></span> <span class='ocrx_word' id='word_1_287' title='bbox 1303 4111 1718 4178; x_wconf 87' lang='lat' dir='ltr'><strong>Camerinum</strong></span> <span class='ocrx_word' id='word_1_288' title='bbox 1769 4114 2122 4180; x_wconf 83' lang='lat' dir='ltr'><strong>Consulem</strong></span> <span class='ocrx_word' id='word_1_289' title='bbox 2176 4113 2302 4178; x_wconf 87' lang='lat' dir='ltr'><strong>sub</strong></span> <span class='ocrx_word' id='word_1_290' title='bbox 2350 4116 2655 4201; x_wconf 79' lang='lat' dir='ltr'><strong>Augusto</strong></span> 
     </span>
    </p>
   </div>
  </div>
 </body>
</html>
