<?xml version="1.0" encoding="UTF-8"?>
<!DOCTYPE html PUBLIC "-//W3C//DTD XHTML 1.0 Transitional//EN"
    "http://www.w3.org/TR/xhtml1/DTD/xhtml1-transitional.dtd">
<html xmlns="http://www.w3.org/1999/xhtml" xml:lang="en" lang="en">
 <head>
  <title>
</title>
<meta http-equiv="Content-Type" content="text/html;charset=utf-8" />
  <meta name='ocr-system' content='tesseract 3.04.00' />
  <meta name='ocr-capabilities' content='ocr_page ocr_carea ocr_par ocr_line ocrx_word'/>
</head>
<body>
  <div class='ocr_page' id='page_1' title='image "./poetaelatinimin00unkngoog_0039.png"; bbox 0 0 2975 4684; ppageno 0'>
   <div class='ocr_carea' id='block_1_1' title="bbox 504 329 2162 404">
    <p class='ocr_par' dir='ltr' id='par_1_1' title="bbox 504 329 2162 404">
     <span class='ocr_line' id='line_1_1' title="bbox 504 329 2162 404; baseline -0.004 0"><span class='ocrx_word' id='word_1_1' title='bbox 504 333 597 404; x_wconf 83' lang='lat'><strong>30</strong></span> <span class='ocrx_word' id='word_1_2' title='bbox 973 332 1109 401; x_wconf 89' lang='lat' dir='ltr'><strong>DE</strong></span> <span class='ocrx_word' id='word_1_3' title='bbox 1158 331 1691 402; x_wconf 79' lang='lat' dir='ltr'>CORNELIO</span> <span class='ocrx_word' id='word_1_4' title='bbox 1741 329 2162 402; x_wconf 87' lang='lat' dir='ltr'><strong>SEVERO.</strong></span> 
     </span>
    </p>
   </div>
   <div class='ocr_carea' id='block_1_2' title="bbox 448 460 2694 4162">
    <p class='ocr_par' dir='ltr' id='par_1_2' title="bbox 448 460 2694 4162">
     <span class='ocr_line' id='line_1_2' title="bbox 448 460 2630 553; baseline -0.001 -25"><span class='ocrx_word' id='word_1_5' title='bbox 448 548 451 551; x_wconf 21' lang='grc' dir='ltr'>Ι</span> <span class='ocrx_word' id='word_1_6' title='bbox 502 483 739 553; x_wconf 83' lang='lat' dir='ltr'><strong>magno</strong></span> <span class='ocrx_word' id='word_1_7' title='bbox 776 481 1054 526; x_wconf 84' lang='lat' dir='ltr'><strong>numero</strong></span> <span class='ocrx_word' id='word_1_8' title='bbox 1084 460 1409 550; x_wconf 80' lang='lat' dir='ltr'><strong>congessit</strong></span> <span class='ocrx_word' id='word_1_9' title='bbox 1440 460 1610 526; x_wconf 86' lang='lat' dir='ltr'><strong>Phil.</strong></span> <span class='ocrx_word' id='word_1_10' title='bbox 1637 460 1980 526; x_wconf 76' lang='lat' dir='ltr'>Cluverius</span> <span class='ocrx_word' id='word_1_11' title='bbox 1994 510 2012 544; x_wconf 93' lang='lat'>‚</span> <span class='ocrx_word' id='word_1_12' title='bbox 2041 461 2216 527; x_wconf 87' lang='lat' dir='ltr'><strong>sicil.</strong></span> <span class='ocrx_word' id='word_1_13' title='bbox 2247 463 2403 526; x_wconf 85' lang='lat' dir='ltr'><strong>Ant.</strong></span> <span class='ocrx_word' id='word_1_14' title='bbox 2429 461 2544 527; x_wconf 90' lang='lat' dir='ltr'><strong>lib.</strong></span> <span class='ocrx_word' id='word_1_15' title='bbox 2560 463 2591 526; x_wconf 93' lang='lat' dir='ltr'>I</span> <span class='ocrx_word' id='word_1_16' title='bbox 2613 511 2630 542; x_wconf 91' lang='lat'>‚</span> 
     </span>
     <span class='ocr_line' id='line_1_3' title="bbox 500 565 2630 658; baseline -0.002 -22"><span class='ocrx_word' id='word_1_17' title='bbox 500 592 639 658; x_wconf 79' lang='lat' dir='ltr'><strong>cap.</strong></span> <span class='ocrx_word' id='word_1_18' title='bbox 672 567 826 634; x_wconf 92' lang='lat' dir='ltr'>VIII</span> <span class='ocrx_word' id='word_1_19' title='bbox 844 613 863 648; x_wconf 89' lang='lat'><strong>,</strong></span> <span class='ocrx_word' id='word_1_20' title='bbox 898 589 1044 655; x_wconf 84' lang='lat' dir='ltr'><strong>pag.</strong></span> <span class='ocrx_word' id='word_1_21' title='bbox 1076 587 1165 654; x_wconf 84' lang='lat'><strong>97</strong></span> <span class='ocrx_word' id='word_1_22' title='bbox 1194 589 1373 657; x_wconf 82' lang='lat' dir='ltr'>seqq.</span> <span class='ocrx_word' id='word_1_23' title='bbox 1404 566 1461 631; x_wconf 91' lang='lat' dir='ltr'><strong>E</strong></span> <span class='ocrx_word' id='word_1_24' title='bbox 1490 565 1894 656; x_wconf 85' lang='lat' dir='ltr'><strong>philosophis</strong></span> <span class='ocrx_word' id='word_1_25' title='bbox 1925 583 1992 633; x_wconf 88' lang='lat' dir='ltr'><strong>et</strong></span> <span class='ocrx_word' id='word_1_26' title='bbox 2019 567 2347 632; x_wconf 77' lang='lat' dir='ltr'>historicis</span> <span class='ocrx_word' id='word_1_27' title='bbox 2371 566 2482 631; x_wconf 89' lang='lat' dir='ltr'><strong>hic</strong></span> <span class='ocrx_word' id='word_1_28' title='bbox 2507 589 2630 632; x_wconf 89' lang='lat' dir='ltr'><strong>no-</strong></span> 
     </span>
     <span class='ocr_line' id='line_1_4' title="bbox 500 671 2630 764; baseline -0.003 -22"><span class='ocrx_word' id='word_1_29' title='bbox 500 673 791 742; x_wconf 85' lang='lat' dir='ltr'><strong>minandi</strong></span> <span class='ocrx_word' id='word_1_30' title='bbox 836 673 1250 756; x_wconf 80' lang='lat' dir='ltr'><strong>Aristoteles,</strong></span> <span class='ocrx_word' id='word_1_31' title='bbox 1297 673 1409 740; x_wconf 84' lang='lat' dir='ltr'><strong>lib.</strong></span> <span class='ocrx_word' id='word_1_32' title='bbox 1466 671 1552 737; x_wconf 91' lang='lat' dir='ltr'><strong>de</strong></span> <span class='ocrx_word' id='word_1_33' title='bbox 1596 671 1894 756; x_wconf 85' lang='lat' dir='ltr'><strong>Mundo,</strong></span> <span class='ocrx_word' id='word_1_34' title='bbox 1933 697 2075 764; x_wconf 80' lang='lat' dir='ltr'><strong>cap.</strong></span> <span class='ocrx_word' id='word_1_35' title='bbox 2107 671 2231 756; x_wconf 91' lang='lat' dir='ltr'><strong>VI,</strong></span> <span class='ocrx_word' id='word_1_36' title='bbox 2279 673 2393 762; x_wconf 88' lang='lat' dir='ltr'><strong>qui</strong></span> <span class='ocrx_word' id='word_1_37' title='bbox 2437 673 2630 737; x_wconf 80' lang='lat' dir='ltr'><strong>etiam</strong></span> 
     </span>
     <span class='ocr_line' id='line_1_5' title="bbox 497 777 2630 868; baseline -0.002 -20"><span class='ocrx_word' id='word_1_38' title='bbox 497 780 836 848; x_wconf 80' lang='lat' dir='ltr'><strong>Meteorol.</strong></span> <span class='ocrx_word' id='word_1_39' title='bbox 868 779 982 845; x_wconf 90' lang='lat' dir='ltr'><strong>lib.</strong></span> <span class='ocrx_word' id='word_1_40' title='bbox 1004 778 1069 842; x_wconf 86' lang='lat'><strong>11</strong></span> <span class='ocrx_word' id='word_1_41' title='bbox 1088 801 1280 866; x_wconf 82' lang='lat' dir='ltr'><strong>,cap.</strong></span> <span class='ocrx_word' id='word_1_42' title='bbox 1314 777 1385 862; x_wconf 86' lang='grc'><strong>8,</strong></span> <span class='ocrx_word' id='word_1_43' title='bbox 1420 795 1608 844; x_wconf 78' lang='lat' dir='ltr'><strong>terrae</strong></span> <span class='ocrx_word' id='word_1_44' title='bbox 1635 795 1856 844; x_wconf 88' lang='lat' dir='ltr'><strong>motus</strong></span> <span class='ocrx_word' id='word_1_45' title='bbox 1889 796 1954 844; x_wconf 87' lang='lat' dir='ltr'><strong>et</strong></span> <span class='ocrx_word' id='word_1_46' title='bbox 1989 778 2348 868; x_wconf 77' lang='lat' dir='ltr'><strong>eruptionis</strong></span> <span class='ocrx_word' id='word_1_47' title='bbox 2375 779 2630 868; x_wconf 83' lang='lat' dir='ltr'><strong>ignium</strong></span> 
     </span>
     <span class='ocr_line' id='line_1_6' title="bbox 499 882 2630 973; baseline -0.001 -22"><span class='ocrx_word' id='word_1_48' title='bbox 499 889 569 951; x_wconf 88' lang='lat' dir='ltr'><strong>in</strong></span> <span class='ocrx_word' id='word_1_49' title='bbox 603 909 736 952; x_wconf 85' lang='lat' dir='ltr'><strong>una</strong></span> <span class='ocrx_word' id='word_1_50' title='bbox 762 885 1129 952; x_wconf 85' lang='lat' dir='ltr'><strong>AEoliarum</strong></span> <span class='ocrx_word' id='word_1_51' title='bbox 1162 884 1377 950; x_wconf 81' lang='lat' dir='ltr'><strong>insula</strong></span> <span class='ocrx_word' id='word_1_52' title='bbox 1404 885 1600 952; x_wconf 85' lang='lat' dir='ltr'><strong>Hiera</strong></span> <span class='ocrx_word' id='word_1_53' title='bbox 1625 885 1808 950; x_wconf 67' lang='lat' dir='ltr'><strong>factae</strong></span> <span class='ocrx_word' id='word_1_54' title='bbox 1835 885 2174 966; x_wconf 83' lang='lat' dir='ltr'><strong>meminit3</strong></span> <span class='ocrx_word' id='word_1_55' title='bbox 2214 882 2630 973; x_wconf 78' lang='lat' dir='ltr'><strong>Thucydides</strong></span> 
     </span>
     <span class='ocr_line' id='line_1_7' title="bbox 498 989 2630 1082; baseline -0.002 -25"><span class='ocrx_word' id='word_1_56' title='bbox 498 994 667 1058; x_wconf 90' lang='lat' dir='ltr'><strong>libro</strong></span> <span class='ocrx_word' id='word_1_57' title='bbox 693 993 828 1075; x_wconf 87' lang='lat'><strong>111,</strong></span> <span class='ocrx_word' id='word_1_58' title='bbox 856 991 972 1056; x_wconf 90' lang='lat' dir='ltr'><strong>ubi</strong></span> <span class='ocrx_word' id='word_1_59' title='bbox 1000 1007 1129 1056; x_wconf 85' lang='lat' dir='ltr'><strong>tres</strong></span> <span class='ocrx_word' id='word_1_60' title='bbox 1162 989 1443 1057; x_wconf 84' lang='lat' dir='ltr'><strong>AEtnaei&#39;</strong></span> <span class='ocrx_word' id='word_1_61' title='bbox 1426 993 1595 1082; x_wconf 77' lang='lat' dir='ltr'><strong>ignis</strong></span> <span class='ocrx_word' id='word_1_62' title='bbox 1617 993 1991 1081; x_wconf 86' lang='lat' dir='ltr'><strong>eruptiones</strong></span> <span class='ocrx_word' id='word_1_63' title='bbox 2016 990 2170 1057; x_wconf 89' lang='lat' dir='ltr'><strong>inde</strong></span> <span class='ocrx_word' id='word_1_64' title='bbox 2192 1014 2230 1056; x_wconf 85' lang='lat' dir='ltr'><strong>a</strong></span> <span class='ocrx_word' id='word_1_65' title='bbox 2253 991 2630 1056; x_wconf 88' lang='lat' dir='ltr'><strong>Graecorum</strong></span> 
     </span>
     <span class='ocr_line' id='line_1_8' title="bbox 498 1040 2628 1199; baseline -0.002 -36"><span class='ocrx_word' id='word_1_66' title='bbox 498 1101 565 1199; x_wconf 84' lang='lat' dir='ltr'><strong>in</strong></span> <span class='ocrx_word' id='word_1_67' title='bbox 597 1040 877 1163; x_wconf 60' lang='lat' dir='ltr'><strong>Siciliain</strong></span> <span class='ocrx_word' id='word_1_68' title='bbox 911 1095 1197 1161; x_wconf 83' lang='lat' dir='ltr'><strong>adventu</strong></span> <span class='ocrx_word' id='word_1_69' title='bbox 1227 1097 1425 1162; x_wconf 87' lang='lat' dir='ltr'><strong>factas</strong></span> <span class='ocrx_word' id='word_1_70' title='bbox 1448 1114 1803 1163; x_wconf 86' lang='lat' dir='ltr'><strong>memorat·</strong></span> <span class='ocrx_word' id='word_1_71' title='bbox 1785 1097 2098 1182; x_wconf 86' lang='lat' dir='ltr'><strong>,Strabo,</strong></span> <span class='ocrx_word' id='word_1_72' title='bbox 2119 1097 2355 1188; x_wconf 85' lang='lat' dir='ltr'><strong>Geogr.</strong></span> <span class='ocrx_word' id='word_1_73' title='bbox 2373 1096 2483 1162; x_wconf 91' lang='lat' dir='ltr'><strong>lib.</strong></span> <span class='ocrx_word' id='word_1_74' title='bbox 2503 1093 2628 1176; x_wconf 89' lang='lat' dir='ltr'><strong>VI,</strong></span> 
     </span>
     <span class='ocr_line' id='line_1_9' title="bbox 496 1195 2629 1295; baseline -0.001 -27"><span class='ocrx_word' id='word_1_75' title='bbox 496 1195 561 1295; x_wconf 89' lang='lat' dir='ltr'><strong>p.</strong></span> <span class='ocrx_word' id='word_1_76' title='bbox 604 1207 731 1292; x_wconf 84' lang='lat'><strong>269</strong></span> <span class='ocrx_word' id='word_1_77' title='bbox 764 1220 830 1268; x_wconf 89' lang='lat' dir='ltr'><strong>et</strong></span> <span class='ocrx_word' id='word_1_78' title='bbox 882 1207 1039 1291; x_wconf 82' lang='lat'><strong>1743</strong></span> <span class='ocrx_word' id='word_1_79' title='bbox 1076 1203 1543 1286; x_wconf 81' lang='lat' dir='ltr'><strong>Philostratus,</strong></span> <span class='ocrx_word' id='word_1_80' title='bbox 1566 1204 1699 1270; x_wconf 86' lang='lat' dir='ltr'><strong>vit.</strong></span> <span class='ocrx_word' id='word_1_81' title='bbox 1728 1205 1949 1294; x_wconf 85' lang='lat' dir='ltr'>Apoll.</span> <span class='ocrx_word' id='word_1_82' title='bbox 1982 1205 2063 1288; x_wconf 98' lang='lat' dir='ltr'><strong>V,</strong></span> <span class='ocrx_word' id='word_1_83' title='bbox 2095 1227 2238 1293; x_wconf 85' lang='lat' dir='ltr'><strong>cap.</strong></span> <span class='ocrx_word' id='word_1_84' title='bbox 2279 1203 2357 1268; x_wconf 89' lang='lat'><strong>16</strong></span> <span class='ocrx_word' id='word_1_85' title='bbox 2399 1219 2464 1266; x_wconf 86' lang='lat' dir='ltr'><strong>et</strong></span> <span class='ocrx_word' id='word_1_86' title='bbox 2514 1225 2629 1289; x_wconf 91' lang='grc' dir='ltr'><strong>ι7·</strong></span> 
     </span>
     <span class='ocr_line' id='line_1_10' title="bbox 494 1309 2629 1401; baseline -0.001 -26"><span class='ocrx_word' id='word_1_87' title='bbox 494 1311 741 1375; x_wconf 88' lang='lat' dir='ltr'><strong>Plinius</strong></span> <span class='ocrx_word' id='word_1_88' title='bbox 776 1309 1074 1398; x_wconf 85' lang='lat' dir='ltr'><strong>superior</strong></span> <span class='ocrx_word' id='word_1_89' title='bbox 1092 1356 1111 1391; x_wconf 92' lang='lat'><strong>,</strong></span> <span class='ocrx_word' id='word_1_90' title='bbox 1172 1310 1288 1397; x_wconf 87' lang='lat' dir='ltr'><strong>qui</strong></span> <span class='ocrx_word' id='word_1_91' title='bbox 1340 1309 1852 1400; x_wconf 83' lang='lat' dir='ltr'><strong>descriptionem</strong></span> <span class='ocrx_word' id='word_1_92' title='bbox 1883 1310 2375 1401; x_wconf 84' lang='lat' dir='ltr'><strong>geographicam</strong></span> <span class='ocrx_word' id='word_1_93' title='bbox 2413 1309 2629 1374; x_wconf 79' lang='lat' dir='ltr'><strong>AEtnae</strong></span> 
     </span>
     <span class='ocr_line' id='line_1_11' title="bbox 494 1413 2625 1503; baseline -0.001 -23"><span class='ocrx_word' id='word_1_94' title='bbox 494 1415 694 1480; x_wconf 84' lang='lat' dir='ltr'><strong>habet</strong></span> <span class='ocrx_word' id='word_1_95' title='bbox 726 1415 838 1480; x_wconf 91' lang='lat' dir='ltr'><strong>lib.</strong></span> <span class='ocrx_word' id='word_1_96' title='bbox 869 1415 1004 1496; x_wconf 87' lang='lat' dir='ltr'><strong>III,</strong></span> <span class='ocrx_word' id='word_1_97' title='bbox 1038 1437 1178 1503; x_wconf 81' lang='lat' dir='ltr'><strong>cap.</strong></span> <span class='ocrx_word' id='word_1_98' title='bbox 1212 1415 1284 1498; x_wconf 88' lang='lat'><strong>8,</strong></span> <span class='ocrx_word' id='word_1_99' title='bbox 1318 1413 1702 1481; x_wconf 86' lang='lat' dir='ltr'><strong>incendium</strong></span> <span class='ocrx_word' id='word_1_100' title='bbox 1735 1431 1802 1482; x_wconf 91' lang='lat' dir='ltr'><strong>et</strong></span> <span class='ocrx_word' id='word_1_101' title='bbox 1836 1416 2306 1480; x_wconf 81' lang='lat' dir='ltr'><strong>eructationem</strong></span> <span class='ocrx_word' id='word_1_102' title='bbox 2333 1413 2625 1480; x_wconf 85' lang='lat' dir='ltr'><strong>flamma·</strong></span> 
     </span>
     <span class='ocr_line' id='line_1_12' title="bbox 494 1520 2625 1610; baseline -0.001 -24"><span class='ocrx_word' id='word_1_103' title='bbox 494 1545 645 1586; x_wconf 88' lang='lat' dir='ltr'><strong>rum</strong></span> <span class='ocrx_word' id='word_1_104' title='bbox 676 1521 936 1610; x_wconf 84' lang='lat' dir='ltr'><strong>attingit</strong></span> <span class='ocrx_word' id='word_1_105' title='bbox 958 1521 1069 1585; x_wconf 78' lang='lat' dir='ltr'><strong>lib.</strong></span> <span class='ocrx_word' id='word_1_106' title='bbox 1101 1520 1170 1584; x_wconf 89' lang='grc' dir='ltr'><strong>ΙΙ</strong></span> <span class='ocrx_word' id='word_1_107' title='bbox 1187 1569 1207 1604; x_wconf 92' lang='grc'><strong>,</strong></span> <span class='ocrx_word' id='word_1_108' title='bbox 1232 1543 1370 1610; x_wconf 83' lang='lat' dir='ltr'><strong>cap.</strong></span> <span class='ocrx_word' id='word_1_109' title='bbox 1395 1520 1550 1606; x_wconf 81' lang='lat'><strong>1033</strong></span> <span class='ocrx_word' id='word_1_110' title='bbox 1579 1523 1898 1605; x_wconf 81' lang='lat' dir='ltr'><strong>Iustinus,</strong></span> <span class='ocrx_word' id='word_1_111' title='bbox 1926 1522 2170 1587; x_wconf 87' lang='lat' dir='ltr'><strong>Histor.</strong></span> <span class='ocrx_word' id='word_1_112' title='bbox 2197 1521 2312 1586; x_wconf 86' lang='lat' dir='ltr'><strong>lib.</strong></span> <span class='ocrx_word' id='word_1_113' title='bbox 2340 1522 2456 1603; x_wconf 90' lang='lat' dir='ltr'><strong>IV,</strong></span> <span class='ocrx_word' id='word_1_114' title='bbox 2472 1543 2528 1584; x_wconf 88' lang='lat' dir='ltr'><strong>c.</strong></span> <span class='ocrx_word' id='word_1_115' title='bbox 2561 1544 2583 1584; x_wconf 82' lang='lat'>1</span> <span class='ocrx_word' id='word_1_116' title='bbox 2606 1568 2625 1601; x_wconf 92' lang='lat'><strong>,</strong></span> 
     </span>
     <span class='ocr_line' id='line_1_13' title="bbox 500 1623 2628 1718; baseline -0.001 -27"><span class='ocrx_word' id='word_1_117' title='bbox 500 1625 537 1691; x_wconf 87' lang='lat'>5</span> <span class='ocrx_word' id='word_1_118' title='bbox 558 1643 622 1692; x_wconf 86' lang='lat' dir='ltr'><strong>et</strong></span> <span class='ocrx_word' id='word_1_119' title='bbox 646 1631 757 1710; x_wconf 80' lang='lat'><strong>145</strong></span> <span class='ocrx_word' id='word_1_120' title='bbox 776 1626 1035 1690; x_wconf 89' lang='lat' dir='ltr'><strong>Solinus</strong></span> <span class='ocrx_word' id='word_1_121' title='bbox 1053 1674 1072 1708; x_wconf 89' lang='lat'><strong>,</strong></span> <span class='ocrx_word' id='word_1_122' title='bbox 1092 1625 1406 1715; x_wconf 85' lang='lat' dir='ltr'><strong>Polyhist.</strong></span> <span class='ocrx_word' id='word_1_123' title='bbox 1432 1649 1572 1715; x_wconf 86' lang='lat' dir='ltr'><strong>cap.</strong></span> <span class='ocrx_word' id='word_1_124' title='bbox 1591 1629 1711 1694; x_wconf 79' lang='lat' dir='ltr'><strong>xl.</strong></span> <span class='ocrx_word' id='word_1_125' title='bbox 1733 1629 1788 1691; x_wconf 91' lang='lat' dir='ltr'><strong>E</strong></span> <span class='ocrx_word' id='word_1_126' title='bbox 1801 1630 2010 1718; x_wconf 86' lang='lat' dir='ltr'><strong>poetis</strong></span> <span class='ocrx_word' id='word_1_127' title='bbox 2031 1649 2286 1692; x_wconf 84' lang='lat' dir='ltr'><strong>caussas</strong></span> <span class='ocrx_word' id='word_1_128' title='bbox 2305 1623 2628 1716; x_wconf 83' lang='lat' dir='ltr'><strong>flagrantis</strong></span> 
     </span>
     <span class='ocr_line' id='line_1_14' title="bbox 494 1733 2627 1825; baseline -0.002 -24"><span class='ocrx_word' id='word_1_129' title='bbox 494 1734 707 1801; x_wconf 78' lang='lat' dir='ltr'><strong>AEtnae</strong></span> <span class='ocrx_word' id='word_1_130' title='bbox 742 1749 1080 1825; x_wconf 85' lang='lat' dir='ltr'><strong>exponunt</strong></span> <span class='ocrx_word' id='word_1_131' title='bbox 1121 1735 1462 1800; x_wconf 85' lang='lat' dir='ltr'><strong>Lucretius</strong></span> <span class='ocrx_word' id='word_1_132' title='bbox 1509 1736 1682 1800; x_wconf 87' lang='lat' dir='ltr'><strong>libro</strong></span> <span class='ocrx_word' id='word_1_133' title='bbox 1706 1737 1836 1819; x_wconf 87' lang='lat' dir='ltr'><strong>VI,</strong></span> <span class='ocrx_word' id='word_1_134' title='bbox 1870 1759 1909 1800; x_wconf 84' lang='lat' dir='ltr'><strong>a</strong></span> <span class='ocrx_word' id='word_1_135' title='bbox 1945 1757 2138 1800; x_wconf 76' lang='lat' dir='ltr'><strong>versu</strong></span> <span class='ocrx_word' id='word_1_136' title='bbox 2169 1735 2300 1822; x_wconf 91' lang='grc'><strong>639</strong></span> <span class='ocrx_word' id='word_1_137' title='bbox 2331 1733 2414 1799; x_wconf 81' lang='lat' dir='ltr'><strong>ad</strong></span> <span class='ocrx_word' id='word_1_138' title='bbox 2460 1755 2585 1822; x_wconf 86' lang='lat'><strong>702</strong></span> <span class='ocrx_word' id='word_1_139' title='bbox 2607 1781 2627 1816; x_wconf 98' lang='lat'><strong>,</strong></span> 
     </span>
     <span class='ocr_line' id='line_1_15' title="bbox 493 1840 2630 1932; baseline -0 -26"><span class='ocrx_word' id='word_1_140' title='bbox 493 1844 606 1932; x_wconf 89' lang='lat' dir='ltr'><strong>qui</strong></span> <span class='ocrx_word' id='word_1_141' title='bbox 650 1841 907 1907; x_wconf 84' lang='lat' dir='ltr'><strong>easdem</strong></span> <span class='ocrx_word' id='word_1_142' title='bbox 944 1841 1135 1930; x_wconf 88' lang='lat' dir='ltr'><strong>plane</strong></span> <span class='ocrx_word' id='word_1_143' title='bbox 1180 1857 1435 1906; x_wconf 79' lang='lat' dir='ltr'><strong>caussas</strong></span> <span class='ocrx_word' id='word_1_144' title='bbox 1479 1856 1853 1930; x_wconf 84' lang='lat' dir='ltr'><strong>percenset,</strong></span> <span class='ocrx_word' id='word_1_145' title='bbox 1885 1865 1960 1906; x_wconf 90' lang='lat' dir='ltr'><strong>ac</strong></span> <span class='ocrx_word' id='word_1_146' title='bbox 1989 1842 2308 1924; x_wconf 87' lang='lat' dir='ltr'><strong>Lucilius,</strong></span> <span class='ocrx_word' id='word_1_147' title='bbox 2355 1857 2422 1906; x_wconf 88' lang='lat' dir='ltr'><strong>et</strong></span> <span class='ocrx_word' id='word_1_148' title='bbox 2467 1840 2630 1905; x_wconf 88' lang='lat' dir='ltr'><strong>huic</strong></span> 
     </span>
     <span class='ocr_line' id='line_1_16' title="bbox 491 1946 2626 2039; baseline -0.001 -26"><span class='ocrx_word' id='word_1_149' title='bbox 491 1949 651 2014; x_wconf 86' lang='lat' dir='ltr'><strong>adeo</strong></span> <span class='ocrx_word' id='word_1_150' title='bbox 676 1950 1008 2038; x_wconf 85' lang='lat' dir='ltr'><strong>inspectus</strong></span> <span class='ocrx_word' id='word_1_151' title='bbox 1034 1962 1100 2012; x_wconf 87' lang='lat' dir='ltr'><strong>et</strong></span> <span class='ocrx_word' id='word_1_152' title='bbox 1130 1946 1213 2012; x_wconf 86' lang='lat' dir='ltr'><strong>ad</strong></span> <span class='ocrx_word' id='word_1_153' title='bbox 1236 1948 1632 2014; x_wconf 81' lang='lat' dir='ltr'><strong>imitandum</strong></span> <span class='ocrx_word' id='word_1_154' title='bbox 1663 1949 2035 2039; x_wconf 87' lang='lat' dir='ltr'><strong>propositus</strong></span> <span class='ocrx_word' id='word_1_155' title='bbox 2051 1948 2340 2030; x_wconf 77' lang='lat' dir='ltr'><strong>videtur3</strong></span> <span class='ocrx_word' id='word_1_156' title='bbox 2363 1963 2626 2036; x_wconf 82' lang='lat' dir='ltr'><strong>praeter·</strong></span> 
     </span>
     <span class='ocr_line' id='line_1_17' title="bbox 487 2051 2627 2139; baseline -0.003 -18"><span class='ocrx_word' id='word_1_157' title='bbox 487 2079 561 2120; x_wconf 85' lang='lat' dir='ltr'><strong>ea</strong></span> <span class='ocrx_word' id='word_1_158' title='bbox 592 2055 883 2137; x_wconf 81' lang='lat' dir='ltr'><strong>Ovidius,</strong></span> <span class='ocrx_word' id='word_1_159' title='bbox 910 2055 1177 2120; x_wconf 86' lang='lat' dir='ltr'><strong>Metam.</strong></span> <span class='ocrx_word' id='word_1_160' title='bbox 1214 2053 1330 2119; x_wconf 92' lang='lat' dir='ltr'><strong>lib.</strong></span> <span class='ocrx_word' id='word_1_161' title='bbox 1360 2054 1505 2139; x_wconf 85' lang='lat' dir='ltr'><strong>XV,</strong></span> <span class='ocrx_word' id='word_1_162' title='bbox 1533 2077 1596 2121; x_wconf 71' lang='lat' dir='ltr'><strong>v.</strong></span> <span class='ocrx_word' id='word_1_163' title='bbox 1629 2053 1757 2134; x_wconf 77' lang='lat'><strong>340</strong></span> <span class='ocrx_word' id='word_1_164' title='bbox 1781 2054 1866 2120; x_wconf 82' lang='lat' dir='ltr'><strong>ad</strong></span> <span class='ocrx_word' id='word_1_165' title='bbox 1900 2052 2064 2137; x_wconf 79' lang='lat'><strong>3553</strong></span> <span class='ocrx_word' id='word_1_166' title='bbox 2097 2051 2513 2136; x_wconf 85' lang='lat' dir='ltr'><strong>Claudianus,</strong></span> <span class='ocrx_word' id='word_1_167' title='bbox 2543 2051 2627 2116; x_wconf 84' lang='lat' dir='ltr'><strong>de</strong></span> 
     </span>
     <span class='ocr_line' id='line_1_18' title="bbox 487 2155 2624 2249; baseline -0.003 -23"><span class='ocrx_word' id='word_1_168' title='bbox 487 2163 677 2249; x_wconf 82' lang='lat' dir='ltr'><strong>Rapt.</strong></span> <span class='ocrx_word' id='word_1_169' title='bbox 713 2161 897 2224; x_wconf 87' lang='lat' dir='ltr'><strong>Pros.</strong></span> <span class='ocrx_word' id='word_1_170' title='bbox 928 2159 1041 2224; x_wconf 91' lang='lat' dir='ltr'><strong>lib.</strong></span> <span class='ocrx_word' id='word_1_171' title='bbox 1060 2159 1091 2223; x_wconf 93' lang='lat' dir='ltr'>I</span> <span class='ocrx_word' id='word_1_172' title='bbox 1112 2205 1133 2240; x_wconf 89' lang='lat'><strong>,</strong></span> <span class='ocrx_word' id='word_1_173' title='bbox 1160 2181 1221 2222; x_wconf 80' lang='lat' dir='ltr'><strong>v.</strong></span> <span class='ocrx_word' id='word_1_174' title='bbox 1260 2157 1627 2248; x_wconf 75' lang='lat'><strong>151-176.</strong></span> <span class='ocrx_word' id='word_1_175' title='bbox 1655 2161 1916 2225; x_wconf 86' lang='lat' dir='ltr'><strong>Poctice</strong></span> <span class='ocrx_word' id='word_1_176' title='bbox 1947 2160 2416 2224; x_wconf 79' lang='lat' dir='ltr'><strong>eructationem</strong></span> <span class='ocrx_word' id='word_1_177' title='bbox 2441 2155 2624 2222; x_wconf 82' lang='lat' dir='ltr'><strong>flam-</strong></span> 
     </span>
     <span class='ocr_line' id='line_1_19' title="bbox 488 2263 2624 2356; baseline -0.002 -25"><span class='ocrx_word' id='word_1_178' title='bbox 488 2285 743 2331; x_wconf 84' lang='lat' dir='ltr'><strong>marum</strong></span> <span class='ocrx_word' id='word_1_179' title='bbox 762 2264 1045 2353; x_wconf 81' lang='lat' dir='ltr'><strong>pingunt</strong></span> <span class='ocrx_word' id='word_1_180' title='bbox 1068 2263 1386 2328; x_wconf 83' lang='lat' dir='ltr'><strong>Pindarus</strong></span> <span class='ocrx_word' id='word_1_181' title='bbox 1404 2313 1421 2340; x_wconf 87' lang='lat'>‚</span> <span class='ocrx_word' id='word_1_182' title='bbox 1444 2265 1637 2356; x_wconf 82' lang='lat' dir='ltr'><strong>Pyth.</strong></span> <span class='ocrx_word' id='word_1_183' title='bbox 1673 2263 1797 2329; x_wconf 88' lang='lat' dir='ltr'><strong>Od.</strong></span> <span class='ocrx_word' id='word_1_184' title='bbox 1829 2267 1884 2346; x_wconf 85' lang='lat'><strong>1,</strong></span> <span class='ocrx_word' id='word_1_185' title='bbox 1905 2295 2077 2346; x_wconf 65' lang='grc' dir='ltr'><strong>στροφ.</strong></span> <span class='ocrx_word' id='word_1_186' title='bbox 2105 2277 2171 2347; x_wconf 86' lang='grc' dir='ltr'><strong>β;</strong></span> <span class='ocrx_word' id='word_1_187' title='bbox 2195 2263 2624 2338; x_wconf 77' lang='lat' dir='ltr'><strong>Callimachus</strong></span> 
     </span>
     <span class='ocr_line' id='line_1_20' title="bbox 453 2367 2628 2458; baseline -0.001 -24"><span class='ocrx_word' id='word_1_188' title='bbox 453 2376 463 2385; x_wconf 71' lang='lat'><strong><em>⁴</em></strong></span> <span class='ocrx_word' id='word_1_189' title='bbox 491 2371 559 2434; x_wconf 89' lang='lat' dir='ltr'><strong>in</strong></span> <span class='ocrx_word' id='word_1_190' title='bbox 580 2369 723 2434; x_wconf 90' lang='lat' dir='ltr'><strong>Del.</strong></span> <span class='ocrx_word' id='word_1_191' title='bbox 739 2389 799 2434; x_wconf 85' lang='lat' dir='ltr'><strong>v.</strong></span> <span class='ocrx_word' id='word_1_192' title='bbox 832 2370 947 2446; x_wconf 87' lang='lat'><strong>141</strong></span> <span class='ocrx_word' id='word_1_193' title='bbox 972 2367 1290 2457; x_wconf 82' lang='lat' dir='ltr'><strong>30ppian.</strong></span> <span class='ocrx_word' id='word_1_194' title='bbox 1314 2367 1397 2432; x_wconf 88' lang='lat' dir='ltr'><strong>de</strong></span> <span class='ocrx_word' id='word_1_195' title='bbox 1414 2367 1780 2434; x_wconf 80' lang='lat' dir='ltr'><strong>Venatione</strong></span> <span class='ocrx_word' id='word_1_196' title='bbox 1799 2417 1818 2451; x_wconf 87' lang='lat'><strong>,</strong></span> <span class='ocrx_word' id='word_1_197' title='bbox 1841 2369 1950 2433; x_wconf 90' lang='lat' dir='ltr'><strong>lib.</strong></span> <span class='ocrx_word' id='word_1_198' title='bbox 1979 2371 2010 2434; x_wconf 88' lang='grc' dir='ltr'>Ι</span> <span class='ocrx_word' id='word_1_199' title='bbox 2030 2417 2049 2451; x_wconf 91' lang='grc'><strong>,</strong></span> <span class='ocrx_word' id='word_1_200' title='bbox 2067 2393 2130 2433; x_wconf 86' lang='lat' dir='ltr'><strong>v.</strong></span> <span class='ocrx_word' id='word_1_201' title='bbox 2154 2391 2274 2457; x_wconf 85' lang='grc' dir='ltr'><strong>27ι</strong></span> <span class='ocrx_word' id='word_1_202' title='bbox 2304 2391 2323 2452; x_wconf 82' lang='lat'>3</span> <span class='ocrx_word' id='word_1_203' title='bbox 2352 2367 2628 2458; x_wconf 79' lang='lat' dir='ltr'><strong>AEschy-</strong></span> 
     </span>
     <span class='ocr_line' id='line_1_21' title="bbox 492 2471 2624 2564; baseline -0 -25"><span class='ocrx_word' id='word_1_204' title='bbox 492 2477 595 2539; x_wconf 89' lang='lat' dir='ltr'><strong>lus</strong></span> <span class='ocrx_word' id='word_1_205' title='bbox 626 2474 695 2538; x_wconf 92' lang='lat' dir='ltr'><strong>in</strong></span> <span class='ocrx_word' id='word_1_206' title='bbox 724 2472 1055 2541; x_wconf 83' lang='lat' dir='ltr'><strong>Prometh.</strong></span> <span class='ocrx_word' id='word_1_207' title='bbox 1079 2493 1141 2538; x_wconf 73' lang='grc' dir='ltr'><strong>ν.</strong></span> <span class='ocrx_word' id='word_1_208' title='bbox 1174 2471 1326 2556; x_wconf 86' lang='grc' dir='ltr'><strong>35ι,</strong></span> <span class='ocrx_word' id='word_1_209' title='bbox 1360 2473 1854 2564; x_wconf 83' lang='lat' dir='ltr'><strong>seqq.Virgilius</strong></span> <span class='ocrx_word' id='word_1_210' title='bbox 1874 2522 1892 2556; x_wconf 92' lang='lat'><strong>,</strong></span> <span class='ocrx_word' id='word_1_211' title='bbox 1920 2473 2073 2541; x_wconf 89' lang='lat' dir='ltr'><strong>AEn.</strong></span> <span class='ocrx_word' id='word_1_212' title='bbox 2104 2475 2216 2540; x_wconf 88' lang='lat' dir='ltr'><strong>lib.</strong></span> <span class='ocrx_word' id='word_1_213' title='bbox 2249 2475 2366 2556; x_wconf 92' lang='lat'><strong>111,</strong></span> <span class='ocrx_word' id='word_1_214' title='bbox 2406 2473 2624 2539; x_wconf 83' lang='lat'><strong>511-</strong></span> 
     </span>
     <span class='ocr_line' id='line_1_22' title="bbox 494 2578 2622 2670; baseline -0.001 -24"><span class='ocrx_word' id='word_1_215' title='bbox 494 2581 641 2663; x_wconf 86' lang='lat'><strong>582,</strong></span> <span class='ocrx_word' id='word_1_216' title='bbox 670 2595 736 2644; x_wconf 89' lang='lat' dir='ltr'><strong>et</strong></span> <span class='ocrx_word' id='word_1_217' title='bbox 765 2578 979 2643; x_wconf 90' lang='lat' dir='ltr'><strong>obiter</strong></span> <span class='ocrx_word' id='word_1_218' title='bbox 999 2579 1235 2669; x_wconf 84' lang='lat' dir='ltr'><strong>Georg.</strong></span> <span class='ocrx_word' id='word_1_219' title='bbox 1262 2579 1457 2661; x_wconf 87' lang='lat' dir='ltr'><strong>lib.1,</strong></span> <span class='ocrx_word' id='word_1_220' title='bbox 1488 2584 1612 2668; x_wconf 83' lang='lat'><strong>471</strong></span> <span class='ocrx_word' id='word_1_221' title='bbox 1641 2603 1822 2670; x_wconf 87' lang='lat' dir='ltr'><strong>seqq.</strong></span> <span class='ocrx_word' id='word_1_222' title='bbox 1852 2582 2094 2646; x_wconf 84' lang='lat' dir='ltr'><strong>Collata</strong></span> <span class='ocrx_word' id='word_1_223' title='bbox 2113 2579 2376 2647; x_wconf 84' lang='lat' dir='ltr'><strong>Pindari</strong></span> <span class='ocrx_word' id='word_1_224' title='bbox 2396 2598 2462 2646; x_wconf 88' lang='lat' dir='ltr'><strong>et</strong></span> <span class='ocrx_word' id='word_1_225' title='bbox 2475 2581 2622 2648; x_wconf 90' lang='lat' dir='ltr'><strong>Vir-</strong></span> 
     </span>
     <span class='ocr_line' id='line_1_23' title="bbox 486 2682 2620 2780; baseline 0.002 -31"><span class='ocrx_word' id='word_1_226' title='bbox 486 2687 621 2776; x_wconf 83' lang='lat' dir='ltr'><strong>gilii</strong></span> <span class='ocrx_word' id='word_1_227' title='bbox 641 2707 839 2772; x_wconf 88' lang='lat' dir='ltr'><strong>super</strong></span> <span class='ocrx_word' id='word_1_228' title='bbox 865 2682 1193 2774; x_wconf 79' lang='lat' dir='ltr'><strong>flagrantia</strong></span> <span class='ocrx_word' id='word_1_229' title='bbox 1215 2685 1456 2750; x_wconf 87' lang='lat' dir='ltr'><strong>montis</strong></span> <span class='ocrx_word' id='word_1_230' title='bbox 1474 2683 1690 2752; x_wconf 82' lang='lat' dir='ltr'><strong>AEtnae</strong></span> <span class='ocrx_word' id='word_1_231' title='bbox 1709 2689 1993 2753; x_wconf 83' lang='lat' dir='ltr'><strong>carmina</strong></span> <span class='ocrx_word' id='word_1_232' title='bbox 2010 2705 2340 2780; x_wconf 86' lang='lat' dir='ltr'><strong>comparat</strong></span> <span class='ocrx_word' id='word_1_233' title='bbox 2351 2689 2620 2770; x_wconf 89' lang='lat' dir='ltr'><strong>Gellius,</strong></span> 
     </span>
     <span class='ocr_line' id='line_1_24' title="bbox 488 2792 2620 2884; baseline 0 -26"><span class='ocrx_word' id='word_1_234' title='bbox 488 2793 680 2859; x_wconf 86' lang='lat' dir='ltr'><strong>Noct.</strong></span> <span class='ocrx_word' id='word_1_235' title='bbox 700 2795 829 2857; x_wconf 87' lang='lat' dir='ltr'><strong>Att.</strong></span> <span class='ocrx_word' id='word_1_236' title='bbox 846 2792 959 2857; x_wconf 86' lang='lat' dir='ltr'><strong>lib.</strong></span> <span class='ocrx_word' id='word_1_237' title='bbox 985 2792 1175 2857; x_wconf 86' lang='lat' dir='ltr'><strong>XVII</strong></span> <span class='ocrx_word' id='word_1_238' title='bbox 1192 2840 1210 2874; x_wconf 92' lang='lat'><strong>,</strong></span> <span class='ocrx_word' id='word_1_239' title='bbox 1231 2815 1369 2880; x_wconf 85' lang='lat' dir='ltr'><strong>cap.</strong></span> <span class='ocrx_word' id='word_1_240' title='bbox 1394 2816 1507 2877; x_wconf 87' lang='lat'><strong>10,</strong></span> <span class='ocrx_word' id='word_1_241' title='bbox 1531 2816 1610 2859; x_wconf 85' lang='lat' dir='ltr'><strong>cx</strong></span> <span class='ocrx_word' id='word_1_242' title='bbox 1629 2817 1839 2884; x_wconf 89' lang='lat' dir='ltr'><strong>eoque</strong></span> <span class='ocrx_word' id='word_1_243' title='bbox 1857 2795 2252 2878; x_wconf 84' lang='lat' dir='ltr'><strong>Macrobius,</strong></span> <span class='ocrx_word' id='word_1_244' title='bbox 2277 2794 2620 2878; x_wconf 80' lang='lat' dir='ltr'><strong>Saturn.V,</strong></span> 
     </span>
     <span class='ocr_line' id='line_1_25' title="bbox 495 2898 2620 2990; baseline 0.001 -26"><span class='ocrx_word' id='word_1_245' title='bbox 495 2923 593 2988; x_wconf 87' lang='lat'><strong>17.</strong></span> <span class='ocrx_word' id='word_1_246' title='bbox 625 2898 891 2963; x_wconf 80' lang='lat' dir='ltr'><strong>Brevius</strong></span> <span class='ocrx_word' id='word_1_247' title='bbox 936 2911 1003 2962; x_wconf 88' lang='lat' dir='ltr'><strong>et</strong></span> <span class='ocrx_word' id='word_1_248' title='bbox 1050 2899 1287 2986; x_wconf 83' lang='lat' dir='ltr'><strong>partim</strong></span> <span class='ocrx_word' id='word_1_249' title='bbox 1338 2899 1459 2964; x_wconf 87' lang='lat' dir='ltr'><strong>sub</strong></span> <span class='ocrx_word' id='word_1_250' title='bbox 1499 2901 1772 2990; x_wconf 83' lang='lat' dir='ltr'><strong>Typhoei</strong></span> <span class='ocrx_word' id='word_1_251' title='bbox 1808 2901 1911 2966; x_wconf 86' lang='lat' dir='ltr'><strong>vel</strong></span> <span class='ocrx_word' id='word_1_252' title='bbox 1954 2901 2300 2984; x_wconf 81' lang='lat' dir='ltr'><strong>Enceladi,</strong></span> <span class='ocrx_word' id='word_1_253' title='bbox 2335 2900 2620 2966; x_wconf 86' lang='lat' dir='ltr'><strong>flammas</strong></span> 
     </span>
     <span class='ocr_line' id='line_1_26' title="bbox 487 3001 2617 3098; baseline 0.002 -28"><span class='ocrx_word' id='word_1_254' title='bbox 487 3005 825 3096; x_wconf 85' lang='lat' dir='ltr'><strong>spirantis,</strong></span> <span class='ocrx_word' id='word_1_255' title='bbox 863 3003 1077 3093; x_wconf 83' lang='lat' dir='ltr'><strong>specie</strong></span> <span class='ocrx_word' id='word_1_256' title='bbox 1110 3001 1489 3070; x_wconf 86' lang='lat' dir='ltr'><strong>describunt</strong></span> <span class='ocrx_word' id='word_1_257' title='bbox 1513 3004 1820 3098; x_wconf 83' lang='lat' dir='ltr'><strong>Ovidius,</strong></span> <span class='ocrx_word' id='word_1_258' title='bbox 1845 3005 2110 3074; x_wconf 82' lang='lat' dir='ltr'><strong>Metam.</strong></span> <span class='ocrx_word' id='word_1_259' title='bbox 2145 3009 2226 3092; x_wconf 91' lang='lat' dir='ltr'><strong>V,</strong></span> <span class='ocrx_word' id='word_1_260' title='bbox 2265 3007 2396 3095; x_wconf 87' lang='grc'><strong>349</strong></span> <span class='ocrx_word' id='word_1_261' title='bbox 2439 3031 2617 3097; x_wconf 89' lang='lat' dir='ltr'><strong>seqq.</strong></span> 
     </span>
     <span class='ocr_line' id='line_1_27' title="bbox 488 3053 2694 3204; baseline 0.001 -28"><span class='ocrx_word' id='word_1_262' title='bbox 488 3113 627 3178; x_wconf 82' lang='lat' dir='ltr'><strong>Val.</strong></span> <span class='ocrx_word' id='word_1_263' title='bbox 662 3111 961 3193; x_wconf 84' lang='lat' dir='ltr'><strong>Flaccus,</strong></span> <span class='ocrx_word' id='word_1_264' title='bbox 1010 3113 1255 3202; x_wconf 86' lang='lat' dir='ltr'><strong>Argon.</strong></span> <span class='ocrx_word' id='word_1_265' title='bbox 1288 3111 1400 3178; x_wconf 89' lang='lat' dir='ltr'><strong>lib.</strong></span> <span class='ocrx_word' id='word_1_266' title='bbox 1431 3113 1536 3195; x_wconf 87' lang='lat'><strong>11,</strong></span> <span class='ocrx_word' id='word_1_267' title='bbox 1559 3053 1874 3196; x_wconf 77' lang='grc'><strong>24-33,</strong></span> <span class='ocrx_word' id='word_1_268' title='bbox 1857 3139 1874 3154; x_wconf 91' lang='grc'><em>·</em></span> <span class='ocrx_word' id='word_1_269' title='bbox 1914 3113 2107 3180; x_wconf 88' lang='lat' dir='ltr'><strong>Silius</strong></span> <span class='ocrx_word' id='word_1_270' title='bbox 2130 3117 2271 3180; x_wconf 82' lang='lat' dir='ltr'><strong>Ital.</strong></span> <span class='ocrx_word' id='word_1_271' title='bbox 2294 3115 2408 3180; x_wconf 90' lang='lat' dir='ltr'><strong>lib.</strong></span> <span class='ocrx_word' id='word_1_272' title='bbox 2434 3115 2613 3198; x_wconf 82' lang='lat' dir='ltr'><strong>XIV,</strong></span> <span class='ocrx_word' id='word_1_273' title='bbox 2683 3195 2694 3204; x_wconf 25' lang='grc' dir='ltr'>ἱ</span> 
     </span>
     <span class='ocr_line' id='line_1_28' title="bbox 480 3216 2617 3308; baseline -0 -23"><span class='ocrx_word' id='word_1_274' title='bbox 480 3218 573 3305; x_wconf 75' lang='lat'><strong>59</strong></span> <span class='ocrx_word' id='word_1_275' title='bbox 606 3239 739 3306; x_wconf 89' lang='lat' dir='ltr'><strong>seq.</strong></span> <span class='ocrx_word' id='word_1_276' title='bbox 774 3216 999 3306; x_wconf 83' lang='lat' dir='ltr'><strong>Papin.</strong></span> <span class='ocrx_word' id='word_1_277' title='bbox 1043 3217 1202 3282; x_wconf 85' lang='lat' dir='ltr'><strong>Stat.</strong></span> <span class='ocrx_word' id='word_1_278' title='bbox 1223 3217 1430 3283; x_wconf 85' lang='lat' dir='ltr'><strong>Theb.</strong></span> <span class='ocrx_word' id='word_1_279' title='bbox 1453 3219 1582 3284; x_wconf 88' lang='lat' dir='ltr'><strong>XII</strong></span> <span class='ocrx_word' id='word_1_280' title='bbox 1599 3225 1780 3308; x_wconf 82' lang='grc'><strong>,274</strong></span> <span class='ocrx_word' id='word_1_281' title='bbox 1815 3241 1996 3308; x_wconf 87' lang='lat' dir='ltr'><strong>seqq.</strong></span> <span class='ocrx_word' id='word_1_282' title='bbox 2023 3221 2356 3303; x_wconf 86' lang='lat' dir='ltr'><strong>Lucanus,</strong></span> <span class='ocrx_word' id='word_1_283' title='bbox 2405 3221 2518 3286; x_wconf 89' lang='lat' dir='ltr'><strong>lib.</strong></span> <span class='ocrx_word' id='word_1_284' title='bbox 2538 3221 2617 3304; x_wconf 89' lang='lat' dir='ltr'><strong>V,</strong></span> 
     </span>
     <span class='ocr_line' id='line_1_29' title="bbox 486 3321 2616 3413; baseline 0.002 -25"><span class='ocrx_word' id='word_1_285' title='bbox 486 3347 615 3413; x_wconf 88' lang='lat'><strong>99,</strong></span> <span class='ocrx_word' id='word_1_286' title='bbox 652 3321 909 3407; x_wconf 75' lang='lat'><strong>1,;645</strong></span> <span class='ocrx_word' id='word_1_287' title='bbox 934 3323 1034 3405; x_wconf 88' lang='lat' dir='ltr'><strong>X,</strong></span> <span class='ocrx_word' id='word_1_288' title='bbox 1070 3325 1227 3412; x_wconf 87' lang='lat'><strong>447.</strong></span> <span class='ocrx_word' id='word_1_289' title='bbox 1260 3325 1608 3390; x_wconf 81' lang='lat' dir='ltr'><strong>Poetarum</strong></span> <span class='ocrx_word' id='word_1_290' title='bbox 1630 3327 1810 3392; x_wconf 88' lang='lat' dir='ltr'><strong>locos</strong></span> <span class='ocrx_word' id='word_1_291' title='bbox 1839 3325 2022 3390; x_wconf 88' lang='lat' dir='ltr'><strong>dedit</strong></span> <span class='ocrx_word' id='word_1_292' title='bbox 2047 3327 2155 3392; x_wconf 87' lang='lat' dir='ltr'><strong>Fr.</strong></span> <span class='ocrx_word' id='word_1_293' title='bbox 2181 3327 2510 3393; x_wconf 83' lang='lat' dir='ltr'><strong>Hesselius</strong></span> <span class='ocrx_word' id='word_1_294' title='bbox 2533 3327 2616 3392; x_wconf 86' lang='lat' dir='ltr'><strong>ad</strong></span> 
     </span>
     <span class='ocr_line' id='line_1_30' title="bbox 483 3369 2616 3522; baseline 0.002 -28"><span class='ocrx_word' id='word_1_295' title='bbox 483 3431 750 3495; x_wconf 85' lang='lat' dir='ltr'><strong>Vibium</strong></span> <span class='ocrx_word' id='word_1_296' title='bbox 778 3369 1145 3516; x_wconf 60' lang='lat' dir='ltr'><strong>Seques’tr.</strong></span> <span class='ocrx_word' id='word_1_297' title='bbox 1127 3450 1196 3492; x_wconf 86' lang='lat' dir='ltr'><strong>m</strong></span> <span class='ocrx_word' id='word_1_298' title='bbox 1217 3427 1414 3495; x_wconf 84' lang='lat' dir='ltr'><strong>AEtna</strong></span> <span class='ocrx_word' id='word_1_299' title='bbox 1432 3479 1451 3512; x_wconf 91' lang='lat'><strong>,</strong></span> <span class='ocrx_word' id='word_1_300' title='bbox 1484 3452 1630 3522; x_wconf 86' lang='lat' dir='ltr'><strong>pag.</strong></span> <span class='ocrx_word' id='word_1_301' title='bbox 1664 3435 1828 3519; x_wconf 86' lang='lat'><strong>294,</strong></span> <span class='ocrx_word' id='word_1_302' title='bbox 1864 3431 2018 3497; x_wconf 88' lang='lat' dir='ltr'><strong>edit.</strong></span> <span class='ocrx_word' id='word_1_303' title='bbox 2053 3431 2368 3498; x_wconf 84' lang='lat' dir='ltr'><strong>Oberlini.</strong></span> <span class='ocrx_word' id='word_1_304' title='bbox 2390 3434 2616 3498; x_wconf 87' lang='lat' dir='ltr'><strong>Plures</strong></span> 
     </span>
     <span class='ocr_line' id='line_1_31' title="bbox 487 3534 2614 3627; baseline 0 -23"><span class='ocrx_word' id='word_1_305' title='bbox 487 3551 643 3604; x_wconf 85' lang='lat' dir='ltr'><strong>sunt</strong></span> <span class='ocrx_word' id='word_1_306' title='bbox 665 3534 769 3600; x_wconf 80' lang='lat' dir='ltr'><strong>alii</strong></span> <span class='ocrx_word' id='word_1_307' title='bbox 796 3582 815 3617; x_wconf 92' lang='lat'><strong>,</strong></span> <span class='ocrx_word' id='word_1_308' title='bbox 853 3535 969 3623; x_wconf 89' lang='lat' dir='ltr'><strong>qui</strong></span> <span class='ocrx_word' id='word_1_309' title='bbox 1000 3534 1215 3600; x_wconf 87' lang='lat' dir='ltr'><strong>obiter</strong></span> <span class='ocrx_word' id='word_1_310' title='bbox 1240 3537 1596 3627; x_wconf 83' lang='lat' dir='ltr'><strong>tetigerunt</strong></span> <span class='ocrx_word' id='word_1_311' title='bbox 1616 3586 1635 3621; x_wconf 97' lang='lat'><strong>,</strong></span> <span class='ocrx_word' id='word_1_312' title='bbox 1657 3559 1824 3626; x_wconf 87' lang='lat' dir='ltr'><strong>quos</strong></span> <span class='ocrx_word' id='word_1_313' title='bbox 1847 3561 2208 3605; x_wconf 84' lang='lat' dir='ltr'><strong>memorare</strong></span> <span class='ocrx_word' id='word_1_314' title='bbox 2229 3538 2394 3604; x_wconf 91' lang='lat' dir='ltr'><strong>nihil</strong></span> <span class='ocrx_word' id='word_1_315' title='bbox 2409 3541 2614 3622; x_wconf 84' lang='lat' dir='ltr'><strong>juvat.</strong></span> 
     </span>
     <span class='ocr_line' id='line_1_32' title="bbox 568 3641 2614 3712; baseline 0.001 -3"><span class='ocrx_word' id='word_1_316' title='bbox 568 3644 655 3709; x_wconf 93' lang='grc' dir='ltr'><strong>ΙΙ.</strong></span> <span class='ocrx_word' id='word_1_317' title='bbox 680 3641 821 3706; x_wconf 86' lang='lat' dir='ltr'><strong>Etsi</strong></span> <span class='ocrx_word' id='word_1_318' title='bbox 841 3642 1211 3707; x_wconf 61' lang='lat' dir='ltr'><strong>Consanus</strong></span> <span class='ocrx_word' id='word_1_319' title='bbox 1236 3643 1522 3710; x_wconf 72' lang='lat' dir='ltr'><strong>Snvnnns</strong></span> <span class='ocrx_word' id='word_1_320' title='bbox 1547 3644 1638 3709; x_wconf 92' lang='lat' dir='ltr'><strong>ob</strong></span> <span class='ocrx_word' id='word_1_321' title='bbox 1664 3645 1946 3710; x_wconf 87' lang='lat' dir='ltr'><strong>rationes</strong></span> <span class='ocrx_word' id='word_1_322' title='bbox 1970 3645 2284 3712; x_wconf 82' lang='lat' dir='ltr'><strong>hactenus</strong></span> <span class='ocrx_word' id='word_1_323' title='bbox 2307 3646 2614 3712; x_wconf 83' lang='lat' dir='ltr'><strong>adductas</strong></span> 
     </span>
     <span class='ocr_line' id='line_1_33' title="bbox 480 3746 2615 3841; baseline 0.002 -27"><span class='ocrx_word' id='word_1_324' title='bbox 480 3747 830 3841; x_wconf 80' lang='lat' dir='ltr'><strong>privandus</strong></span> <span class='ocrx_word' id='word_1_325' title='bbox 856 3746 1003 3826; x_wconf 80' lang='lat' dir='ltr'><strong>J’ure</strong></span> <span class='ocrx_word' id='word_1_326' title='bbox 1034 3764 1165 3832; x_wconf 88' lang='lat' dir='ltr'><strong>est,</strong></span> <span class='ocrx_word' id='word_1_327' title='bbox 1196 3749 1379 3838; x_wconf 90' lang='lat' dir='ltr'><strong>quod</strong></span> <span class='ocrx_word' id='word_1_328' title='bbox 1410 3748 1628 3815; x_wconf 87' lang='lat' dir='ltr'><strong>adhuc</strong></span> <span class='ocrx_word' id='word_1_329' title='bbox 1659 3751 1726 3813; x_wconf 91' lang='lat' dir='ltr'><strong>in</strong></span> <span class='ocrx_word' id='word_1_330' title='bbox 1760 3774 1994 3839; x_wconf 85' lang='lat' dir='ltr'><strong>poema</strong></span> <span class='ocrx_word' id='word_1_331' title='bbox 2029 3751 2113 3816; x_wconf 89' lang='lat' dir='ltr'><strong>de</strong></span> <span class='ocrx_word' id='word_1_332' title='bbox 2144 3751 2342 3818; x_wconf 86' lang='lat' dir='ltr'><strong>AEtna</strong></span> <span class='ocrx_word' id='word_1_333' title='bbox 2375 3754 2615 3819; x_wconf 84' lang='lat' dir='ltr'><strong>habere</strong></span> 
     </span>
     <span class='ocr_line' id='line_1_34' title="bbox 478 3851 2612 3949; baseline 0.001 -27"><span class='ocrx_word' id='word_1_334' title='bbox 478 3858 653 3922; x_wconf 83' lang='lat' dir='ltr'><strong>visus</strong></span> <span class='ocrx_word' id='word_1_335' title='bbox 676 3867 807 3935; x_wconf 88' lang='lat' dir='ltr'><strong>est,</strong></span> <span class='ocrx_word' id='word_1_336' title='bbox 827 3851 1027 3942; x_wconf 86' lang='lat' dir='ltr'><strong>idque</strong></span> <span class='ocrx_word' id='word_1_337' title='bbox 1050 3854 1548 3921; x_wconf 86' lang='lat' dir='ltr'><strong>concedendum</strong></span> <span class='ocrx_word' id='word_1_338' title='bbox 1572 3856 1820 3921; x_wconf 88' lang='lat' dir='ltr'><strong>Lucilio</strong></span> <span class='ocrx_word' id='word_1_339' title='bbox 1841 3858 2094 3922; x_wconf 86' lang='lat' dir='ltr'><strong>Iuniori</strong></span> <span class='ocrx_word' id='word_1_340' title='bbox 2109 3907 2127 3941; x_wconf 92' lang='lat'><strong>,</strong></span> <span class='ocrx_word' id='word_1_341' title='bbox 2149 3876 2360 3947; x_wconf 76' lang='lat' dir='ltr'><strong>poetae</strong></span> <span class='ocrx_word' id='word_1_342' title='bbox 2383 3883 2612 3949; x_wconf 84' lang='lat' dir='ltr'><strong>parum</strong></span> 
     </span>
     <span class='ocr_line' id='line_1_35' title="bbox 482 3961 2616 4054; baseline 0.001 -26"><span class='ocrx_word' id='word_1_343' title='bbox 482 3961 696 4028; x_wconf 87' lang='lat' dir='ltr'><strong>adhuc</strong></span> <span class='ocrx_word' id='word_1_344' title='bbox 726 3961 987 4050; x_wconf 82' lang='lat' dir='ltr'><strong>cognito</strong></span> <span class='ocrx_word' id='word_1_345' title='bbox 1001 4007 1020 4042; x_wconf 93' lang='lat'><strong>,</strong></span> <span class='ocrx_word' id='word_1_346' title='bbox 1052 3963 1205 4027; x_wconf 90' lang='lat' dir='ltr'><strong>nolo</strong></span> <span class='ocrx_word' id='word_1_347' title='bbox 1236 3978 1457 4026; x_wconf 85' lang='lat' dir='ltr'><strong>tamen</strong></span> <span class='ocrx_word' id='word_1_348' title='bbox 1489 3962 1799 4027; x_wconf 82' lang='lat' dir='ltr'><strong>Severum</strong></span> <span class='ocrx_word' id='word_1_349' title='bbox 1833 3985 1916 4029; x_wconf 86' lang='lat' dir='ltr'><strong>eo</strong></span> <span class='ocrx_word' id='word_1_350' title='bbox 1945 3965 2127 4046; x_wconf 79' lang='lat' dir='ltr'><strong>loco,</strong></span> <span class='ocrx_word' id='word_1_351' title='bbox 2161 3987 2360 4054; x_wconf 86' lang='lat' dir='ltr'><strong>quem</strong></span> <span class='ocrx_word' id='word_1_352' title='bbox 2397 3965 2616 4032; x_wconf 83' lang='lat' dir='ltr'><strong>adhuc</strong></span> 
     </span>
     <span class='ocr_line' id='line_1_36' title="bbox 484 4067 2618 4162; baseline 0.004 -29"><span class='ocrx_word' id='word_1_353' title='bbox 484 4069 653 4134; x_wconf 77' lang='lat' dir='ltr'><strong>inter</strong></span> <span class='ocrx_word' id='word_1_354' title='bbox 676 4081 897 4157; x_wconf 68' lang='lat' dir='ltr'><strong>poeuis</strong></span> <span class='ocrx_word' id='word_1_355' title='bbox 926 4067 1207 4132; x_wconf 84' lang='lat' dir='ltr'><strong>minores</strong></span> <span class='ocrx_word' id='word_1_356' title='bbox 1236 4067 1451 4134; x_wconf 86' lang='lat' dir='ltr'><strong>tenuit</strong></span> <span class='ocrx_word' id='word_1_357' title='bbox 1468 4115 1488 4154; x_wconf 91' lang='lat'><strong>,</strong></span> <span class='ocrx_word' id='word_1_358' title='bbox 1523 4069 1711 4159; x_wconf 80' lang='lat' dir='ltr'><strong>plane</strong></span> <span class='ocrx_word' id='word_1_359' title='bbox 1737 4069 2114 4155; x_wconf 85' lang='lat' dir='ltr'><strong>demovere,</strong></span> <span class='ocrx_word' id='word_1_360' title='bbox 2153 4089 2220 4139; x_wconf 87' lang='lat' dir='ltr'><strong>et</strong></span> <span class='ocrx_word' id='word_1_361' title='bbox 2251 4095 2458 4162; x_wconf 89' lang='lat' dir='ltr'><strong>quum</strong></span> <span class='ocrx_word' id='word_1_362' title='bbox 2497 4075 2618 4140; x_wconf 83' lang='lat' dir='ltr'><strong>fra·</strong></span> 
     </span>
    </p>
   </div>
  </div>
 </body>
</html>
