2975 4684
721 399 984 466 EDIT.
1041 399 1162 465 ET
1225 395 1688 466 INTERPR.
1745 397 2075 468 AETNAE.
2370 398 2456 496 37

329 530 452 593 viri
481 528 572 593 ill.
589 577 608 610 ,
651 529 868 617 accepi
908 545 1238 617 excerptas
1284 528 1731 616 castigationes
1766 544 1830 592 et
1878 547 2062 593 notas
2107 530 2178 593 in
2210 531 2460 622 Virgilii

331 635 624 702 Culicem
653 649 718 698 et
750 633 926 698 Cirin
949 682 968 715 ,
996 633 1064 696 in
1100 634 1298 698 Corn.
1337 633 1559 698 Severi
1588 633 1885 714 AEtnam,
1903 635 1973 698 in
2005 633 2374 719 Moretum,
2401 655 2469 702 et

331 741 598 807 Catonis
651 740 838 804 Diras
857 789 876 822 ‚
925 763 1093 828 quas
1141 740 1240 804 Jo.
1289 738 1802 827 Christophorus
1853 739 2133 806 Wolfi‘us
2186 745 2473 833 margini·

329 847 727 936 Epigramm.
767 861 832 910 et
877 846 1096 911 Poem.
1129 861 1256 910 vet.
1297 843 1572 926 Pithoni,
1626 844 1935 911 editionis
1972 846 2215 912 Genev.
2261 848 2464 936 1596,

333 975 450 1016 sua
479 972 680 1015 manu
711 950 1152 1038 adscripserat.
1188 949 1318 1015 Sed
1358 972 1503 1038 quae
1534 949 1616 1014 ad
1650 949 1919 1016 AEtnam
1944 953 2303 1040 pertinent,
2346 954 2463 1018 ad·

335 1051 610 1118 modum
635 1075 853 1142 paucoe
878 1069 1052 1118 sunt.
1075 1051 1436 1118 Nonnullas
1465 1052 1657 1116 etiam
1679 1052 2077 1132 conjecturas
2106 1054 2176 1117 in
2198 1053 2465 1122 AEtnam

335 1181 596 1236 mecum
638 1157 1104 1224 humanissime
1136 1179 1253 1247 per
1285 1159 1498 1222 literas
1534 1158 2038 1224 communicavit
2063 1159 2161 1224 vir
2198 1160 2465 1250 ingenio

335 1281 404 1328 et
433 1263 730 1330 doctrina
761 1264 1147 1328 clarissimus
1179 1263 1567 1327 Laurentius
1605 1263 1969 1328 Santenius.
2001 1265 2308 1353 Superest
2322 1315 2343 1348 ‚
2392 1283 2471 1330 ut

337 1371 724 1458 exemplaria
745 1369 992 1460 Virgilii
1024 1370 1332 1457 impressa
1348 1417 1367 1451 ‚
1395 1369 1634 1456 quibus
1658 1369 1987 1458 Opuscula
2019 1371 2079 1436 ei
2110 1370 2463 1461 adscripta,

337 1493 406 1543 et
436 1477 506 1541 in
535 1477 636 1540 his
665 1475 900 1558 AEtna,
937 1474 1240 1556 adjuncta
1271 1491 1426 1539 sunt
1444 1522 1463 1556 ‚
1499 1496 1873 1540 enumerem
1892 1523 1911 1557 ,
1944 1499 2089 1565 quae
2128 1479 2198 1541 in
2236 1500 2463 1544 recen-

337 1583 526 1648 sione
577 1581 891 1670 poematis
943 1581 1192 1646 contuli
1218 1630 1236 1662 ,
1293 1581 1360 1644 in
1411 1582 1703 1668 meisque
1754 1581 2285 1648 adnotationibus
2343 1607 2465 1648 no-

337 1688 579 1756 minavi
609 1710 625 1750 ε

522 1833 594 1896 V
583 1847 739 1896 enet.
775 1833 890 1895 Est
935 1831 1134 1895 editio
1178 1853 1454 1918 operum
1494 1831 1744 1920 Virgilii
1790 1833 2034 1895 Veneta
2081 1853 2231 1898 cum
2282 1855 2465 1898 com-

430 1952 634 2002 ment.
668 1937 908 2016 Servii‚
944 1937 1216 2013 Donati,
1250 1937 1484 2015 Probi,
1522 1937 1790 2000 Domitii
1811 1986 1830 2019 ‚
1864 1936 2174 2019 Landini,
2219 1938 2468 2003 Manci-

329 2097 338 2104 .
429 2044 630 2108 nellii.
675 2041 1010 2123 Adjunctis
1055 2041 1404 2130 Opusculis
1451 2043 1620 2105 inest
1668 2043 1867 2108 AEtna
1914 2065 2066 2107 cum
2115 2062 2467 2109 comment.

429 2149 699 2213 Domitii
720 2147 1058 2213 Calderini.
1091 2147 1344 2210 Excusa
1367 2146 1507 2210 haec
1534 2145 1733 2211 editio
1762 2164 1859 2210 est
1877 2149 2165 2213 Venetiis
2188 2172 2304 2237 per
2325 2152 2473 2213 Bar-

431 2255 842 2320 tholomeum
870 2253 950 2316 de
983 2253 1230 2316 Zanm‘s
1249 2298 1269 2330 ,
1329 2249 1531 2334 1508,
1564 2252 1677 2316 fol.

520 2375 723 2465 Lugd.
771 2374 1224 2465 Lugdunensis
1279 2395 1428 2439 cum
1495 2373 1725 2438 iisdem
1786 2377 2300 2454 commentariis,
2350 2378 2472 2441 im-

435 2485 654 2574 pensis
695 2482 922 2546 Ciriaci
962 2480 1324 2568 Hochberg,
1373 2480 1563 2570 1517,
1608 2481 1717 2544 fol.
1756 2483 1924 2546 Ante
1960 2479 2237 2546 AEneida
2280 2483 2478 2548 habet

433 2589 769 2678 Opuscula
797 2588 973 2676 Virg.
1009 2604 1076 2651 et
1118 2588 1186 2649 in
1233 2587 1335 2649 his
1376 2585 1641 2652 AEtnam
1673 2635 1690 2669 ,
1751 2609 1788 2650 a
1822 2587 2021 2652 Badio
2059 2590 2368 2652 Ascensio
2412 2605 2479 2654 et

435 2696 681 2761 Domit.
717 2693 1056 2759 Calderino
1083 2693 1389 2781 exposita.

525 2815 700 2901 Hag.
729 2813 1032 2902 Virgilius
1067 2833 1216 2875 cum
1266 2811 1430 2906 Phil.
1479 2810 2001 2876 Melanchthonis
2037 2813 2333 2894 scholiiS,
2362 2812 2477 2877 ad·

431 2920 677 3004 junctis
713 2919 1088 3010 epigramm.
1123 2933 1190 2982 et
1219 2939 1442 3006 opusc.
1468 2917 1647 3005 Virg.
1674 2917 2003 3006 Hagonoae
2046 2941 2162 3006 per
2199 2919 2477 2983 Johann.

437 3026 805 3106 secedam,
850 3022 1038 3103 1531,
1083 3022 1246 3086 in-8.

533 3148 681 3212 Bas,
715 3145 902 3210 Publ.
926 3145 1104 3234 Virg.
1131 3143 1418 3208 Maronis
1448 3146 1696 3233 Opera,
1727 3137 1935 3208 tomis
1955 3145 2219 3210 duobus
2253 3145 2481 3212 distin-

439 3273 578 3340 cta,
612 3275 894 3344 quorum
930 3253 1133 3317 altero
1175 3275 1372 3340 opera
1391 3301 1408 3334 ‚
1462 3253 1665 3317 altero
1714 3253 2025 3340 opuscula
2068 3271 2134 3318 et
2168 3255 2485 3320 Catalecta

445 3375 774 3426 tenentur.
823 3358 1077 3422 Basileae
1126 3355 1300 3445 apud
1345 3356 1628 3421 Barthol.
1673 3356 2234 3440 Westhemerum,
2284 3358 2484 3439 1546,
2586 3387 2597 3398 ·

444 3465 614 3532 in-8.
643 3465 898 3530 Titulus
945 3463 1221 3544 indicat,
1271 3463 1496 3528 collata
1544 3485 1681 3527 esse
1731 3463 1901 3528 varia
1947 3464 2347 3552 exemplaria.
2401 3466 2489 3528 Et

445 3572 673 3640 AEneis
705 3572 903 3636 habet
950 3572 1020 3633 in
1071 3570 1358 3660 margine
1406 3571 1777 3634 varietatem
1808 3569 2105 3635 lectionis
2151 3573 2247 3636 Jo.
2293 3571 2485 3637 Pierii

449 3678 791 3744 Valeriani.
823 3679 901 3742 In
938 3677 1281 3766 Opusculis
1301 3725 1320 3758 ,
1353 3693 1420 3740 et
1452 3677 1522 3740 in
1550 3676 1751 3742 AEtna
1784 3676 1949 3743 adeo
1969 3726 1987 3759 ‚
2018 3693 2253 3752 notatae
2289 3677 2491 3742 varie·

451 3802 616 3851 tates
646 3809 684 3850 a
717 3807 1002 3873 quonam
1033 3785 1164 3850 sint
1183 3833 1202 3866 ,
1235 3805 1370 3847 non
1404 3799 1676 3848 constat.

540 3911 693 3975 Luc.
727 3909 843 3974 Est
891 3908 1087 3974 editio
1132 3910 1422 3996 Operum
1458 3909 1709 3998 Virgilii
1758 3907 2061 3973 omnium·
2108 3929 2257 3972 cum
2296 3907 2495 3971 vario-

453 4039 604 4082 rum
643 4014 1117 4081 commentariis
1139 4063 1156 4096 ‚
1192 4015 1409 4080 studio
1451 4014 1764 4080 Ludovici
1815 4013 2031 4094 Lucii,
2085 4014 2338 4078 Basileae
2376 4036 2493 4100 per

456 4123 698 4188 Sebast.
749 4121 1184 4209 Henricpetri,
1235 4120 1394 4185 1613
1419 4169 1435 4201 ,
1492 4121 1605 4186 fol.
1656 4119 2001 4208 Opusculis
2048 4135 2113 4183 et
2160 4119 2493 4188 Catalectis
