2975 4684
421 391 566 486 494
931 355 1581 464 HOMERISTAE'
1638 387 2039 472 ιΑΤιΝι,

425 519 861 602 ΟΙιαΙσίιίἰιιηι,
892 520 1006 608 qui
1037 520 1106 583 in
1145 520 1615 584 commentario
1645 519 1714 582 in
1742 519 2057 582 Timaeum
2089 515 2375 579 Platonis
2408 515 2563 580 sub-

423 626 577 691 inde
605 647 826 691 versus
869 627 1138 690 Homeri
1175 626 1407 690 latinos
1450 625 1702 716 adlegat
1721 675 1739 708 ‚
1768 645 1935 712 quos
1970 624 2099 688 hoc
2136 624 2284 688 loeo
2324 645 2557 686 recen-

421 733 657 798 sendos
684 749 868 822 puto.

517 891 572 933 1.
597 869 704 934 Sic
728 869 868 958 ille,
895 891 1040 958 pag.
1073 866 1191 932 185
1230 866 1380 932 edit.
1415 866 1639 931 Meurs
1657 890 1673 930 ι
1692 897 1718 922 «ι
1736 867 1888 930 Haec
1916 887 2111 953 porro
2142 862 2376 927 mundi
2407 885 2558 951 pars

597 973 946 1064 (dextera)
993 975 1061 1037 in
1095 973 1247 1037 Eois
1281 989 1378 1038 est
1402 1023 1419 1050 ,
1471 989 1940 1062 proptereaque
1980 973 2338 1035 Homerum
2392 985 2561 1057 puto

596 1081 852 1170 lapsum
892 1080 1057 1144 alitis
1091 1095 1518 1170 augurantem
1558 1077 1828 1144 dixisse:

773 1225 966 1276 Dexter
993 1220 1058 1274 ad
1087 1221 1262 1273 Eoum
1289 1220 1516 1273 volitans
1542 1221 1816 1292 solemque
1844 1217 2089 1290 diemque
2106 1243 2152 1269 ι.

597 1357 714 1419 Est
738 1375 958 1418 versus
987 1352 1167 1418 Iliad.
1202 1352 1363 1435 XII,
1396 1351 1523 1439 239
1546 1401 1563 1433 ,
1591 1352 1707 1416 ubi
1739 1354 1980 1418 Hector
2010 1351 2093 1416 ad
2122 1349 2561 1438 Polydaman-

600 1475 732 1524 tem
765 1461 854 1523 ait
889 1482 955 1524 se
990 1459 1256 1523 minime
1295 1459 1535 1524 morari
1568 1459 1882 1546 auspicia,
1911 1469 2018 1520 Εἶτ’
2048 1466 2131 1520 ἐπὶ
2157 1462 2281 1530 δίει·
2300 1465 2411 1518 δόσι
2440 1467 2561 1535 πρὸς

600 1578 746 1665 dail-:⁰
771 1577 926 1633 n'ssto'v
951 1597 1007 1629 τι
1027 1615 1043 1640 ,
1063 1578 1170 1629 Εἶτ’
1203 1567 1282 1628 ἐπ’
1315 1574 1547 1646 ἀριστερὰ
1573 1575 1741 1646 τοίγε,
1763 1576 1880 1629 ποτὶ
1908 1576 2042 1646 ζόφον
2068 1575 2319 1644 ἤιρόιντα.

517 1735 578 1778 2.
602 1712 783 1778 Idem
803 1708 1172 1777 Chalcidius
1188 1760 1205 1788 ‚
1242 1735 1308 1800 p.
1337 1733 1373 1774 2
1386 1711 1461 1776 18
1481 1734 1498 1776 z
1519 1741 1543 1766 κ
1563 1711 1737 1776 Dicit
1752 1727 1969 1778 autem
1992 1712 2319 1775 Homerus
2332 1707 2417 1772 de
2430 1709 2565 1772 hoc

601 1820 810 1885 sidere
833 1817 1206 1906 (canicula)
1227 1819 1575 1884 hactenus:

777 1959 884 2012 Inte
909 1956 1128 2030 quidem
1151 1957 1356 2022 clarus,
1383 1955 1476 2009 sed
1498 1955 1665 2010 tristia
1686 1957 1793 2012 fata
1812 1958 2047 2010 minatur
2074 1981 2118 2010 ι.

599 2073 717 2138 Est
738 2093 961 2138 'versus
981 2073 1159 2138 Iliad.
1186 2074 1409 2155 XXII,
1443 2073 1562 2138 3οξ
1595 2085 1961 2155 Δαμπρότατος
2002 2085 2089 2154 μᾶν
2129 2083 2205 2153 ὅγ’
2234 2084 2373 2143 ἔστι,
2400 2083 2552 2134 κακὸν

603 2185 664 2241 δ’(
690 2210 747 2242 τι
779 2195 920 2260 σῆμα
941 2192 1198 2242 τέτυκται.

515 2331 576 2395 3.
607 2331 790 2396 Idem
805 2379 822 2411 ,
855 2353 1000 2419 pag.
1036 2329 1161 2416 349
1179 2379 1198 2412 ,
1231 2331 1346 2395 ubi
1398 2354 1435 2395 e
1483 2332 1755 2396 Platone
1804 2331 2031 2412 refert,
2067 2331 2393 2396 Socratem
2440 2331 2569 2396 sibi

600 2452 878 2500 mortem
904 2437 1181 2501 vicinam
1215 2461 1294 2501 ex
1329 2439 1589 2503 somnio
1623 2437 1906 2526 quodam
1942 2440 2339 2527 praesagisse:
2371 2438 2565 2501 «Visa

601 2557 700 2604 est
751 2541 910 2604 mihi
968 2541 1260 2629 quaedam
1282 2591 1299 2623 ,
1337 2543 1591 2632 inquit,
1636 2543 1866 2607 mulier
1918 2544 2149 2607 eximia
2188 2557 2565 2623 venustate,

601 2646 794 2710 etiam
819 2645 1094 2712 candida
1115 2663 1290 2712 veste
1310 2699 1328 2731 ,
1353 2649 1622 2713 nomine
1654 2673 1761 2714 me
1789 2650 2139 2738 appellasse
2154 2697 2174 2730 ,
2196 2648 2566 2736 dixisseque

599 2751 762 2818 illud
790 2754 1248 2840 Homericum)

778 2895 954 2949 Tema
982 2895 1101 2948 luce
1124 2869 1275 2968 petes,
1298 2896 1501 2950 Phthiae
1524 2896 1821 2970 praefertilis
1850 2913 1977 2952 arva
1998 2921 2047 2950 ι.

601 3030 718 3093 Est
733 3051 957 3094 versus
997 3027 1232 3094 Iliados
1267 3031 1393 3112 IX,
1427 3029 1575 3095 363.
1607 3029 1919 3094 Eamdem
1952 3053 2088 3095 rem
2125 3046 2340 3094 narrat
2370 3031 2563 3092 Laer-

601 3136 766 3219 tius,
791 3137 887 3216 11,
917 3135 998 3200 35
1021 3185 1037 3218 ‚
1067 3153 1133 3202 et
1163 3136 1430 3216 Cicero,
1465 3136 1549 3200 de
1584 3137 1798 3201 Divin.
1833 3138 1900 3219 1,
1927 3160 1983 3201 c.
2020 3134 2137 3218 25,
2164 3135 2279 3223 qui
2304 3157 2559 3200 versum

599 3240 684 3303 ita
719 3239 935 3304 reddit
955 3263 972 3304 ε

777 3363 958 3415 Tertia
985 3375 1038 3416 te
1063 3363 1266 3418 Phthio
1291 3377 1575 3438 tempestas
1600 3367 1721 3420 lata
1746 3367 1962 3421 locabit.

511 3498 572 3572 4.
599 3493 810 3576 Idem,
842 3517 986 3583 pag.
1021 3493 1140 3559 361
1171 3519 1185 3559 τ
1214 3499 1560 3588 «Denique
1597 3522 1675 3564 ex
1710 3500 2053 3564 oculorum
2100 3500 2332 3564 habitu
2380 3522 2565 3564 mens

596 3615 794 3688 atque
837 3601 1094 3665 animus
1140 3603 1464 3668 indicatur
1508 3605 1956 3687 irascentium,
1988 3605 2435 3688 moerentium,
2466 3607 2567 3669 lae-

600 3707 901 3771 tantium.
932 3708 1360 3775 Irascentium
1389 3711 1657 3798 quidem
1676 3761 1694 3794 ,
1714 3729 1790 3776 ut
1812 3712 1987 3802 apud
2011 3714 2376 3778 Homerum
2396 3736 2573 3778 com·

601 3829 794 3877 motae
827 3831 1064 3879 mentis
1097 3832 1318 3880 orator

771 3932 954 3987 Stabat
979 3935 1171 3990 acerba
1197 3947 1352 3990 tuem
1379 3933 1555 3990 defixo
1583 3935 1785 3992 lumine
1811 3949 1963 3992 terrae
1984 3957 1999 4001 ;

593 4063 659 4112 et
691 4049 886 4114 item:

778 4199 1108 4218 ..........
1121 4167 1270 4220 furor
1296 4167 1451 4239 ignea
1477 4167 1680 4222 lumina
1704 4167 1887 4222 volvit.
