2975 4684
1228 315 1538 411 mm.

2323 341 2454 415 115

426 461 673 536 Nubila
708 487 833 534 cur
858 461 1019 532 caelo
1043 477 1237 532 terrae
1260 463 1610 548 denuntiet
1643 463 1917 554 imbres,

427 575 583 664 Quo
612 573 853 644 rubeat
875 573 1125 644 Phoebe
1142 627 1162 662 ,
1187 598 1325 669 quo
1352 574 1560 644 frater
1592 572 1836 670 palleat
1871 577 2057 670 igne3

424 689 752 780 Tempora
788 710 911 756 cur
940 686 1200 756 variant
1232 686 1429 774 anni,
1465 709 1601 774 ver,
1627 688 1843 780 prima
1872 686 2181 782 juventa,
2383 714 2457 754 ,ιε

426 800 565 869 Cur
598 811 825 866 oestate
862 796 1039 892 perit
1058 849 1079 886 ,
1116 821 1237 864 cur
1276 809 1465 866 aestas
1504 796 1647 891 ipsa
1685 796 2006 885 senescit,

426 909 905 1004 Autumnoque
941 908 1207 1004 obrepit
1240 907 1453 977 hiems
1488 921 1558 975 et
1595 907 1662 976 in
1702 907 1866 976 orbe
1899 909 2215 998 recurrit;

428 1021 638 1088 Axem
675 1020 845 1090 scire
874 1017 1167 1104 Helices,
1202 1034 1271 1088 et
1302 1019 1563 1089 tristem
1597 1042 1792 1088 nosse
1825 1033 2131 1089 cometen
2148 1074 2169 1107 ‚

427 1127 701 1199 Lucifer
737 1129 915 1206 unde
950 1130 1185 1218 micet,
1213 1153 1429 1224 quave
1459 1129 1839 1224 HesperuS,
1873 1129 2054 1200 unde
2090 1135 2378 1220 Bootes;

329 1321 565 1376 carmine
582 1325 705 1397 jura
730 1345 776 1374 ι.
812 1321 938 1375 Post
963 1319 1113 1376 hunc
1136 1337 1349 1375 versum

329 1401 497 1458 codex
529 1402 673 1456 Flor.
710 1400 876 1455 alium
897 1440 914 1468 ,
947 1399 1061 1454 aliis
1102 1399 1351 1462 omnibus

330 1482 699 1554 incognitum,
748 1481 966 1535 inserit:
1018 1505 1042 1528 ι
1068 1479 1171 1534 Sex
1226 1497 1351 1534 cum

330 1573 486 1616 nocte
521 1561 669 1633 rapi,
704 1560 923 1615 totidem
960 1575 1085 1614 cum
1116 1560 1237 1613 luce
1270 1577 1350 1612 re·

332 1640 459 1693 ferri
482 1664 527 1694 n.
552 1641 689 1694 Puto
711 1657 833 1693 eum
859 1659 924 1693 ex
943 1639 1049 1693 alio
1068 1649 1309 1712 poemate
1328 1675 1346 1702 ,

330 1719 654 1792 glossematis
690 1737 868 1774 caussa
886 1757 903 1784 ,
932 1719 1039 1772 huc
1062 1721 1343 1772 intrusum.

404 1800 523 1853 ²33.
546 1803 731 1852 Nubila
751 1819 840 1860 cur
856 1803 991 1861 coelo,
1012 1797 1049 1850 i.
1066 1815 1115 1851 c.
1131 1794 1351 1870 quando

329 1879 455 1933 celo
481 1877 683 1932 Phoebe
707 1890 925 1950 apparet
949 1875 1129 1944 nubila
1162 1887 1216 1928 et
1239 1876 1352 1930 obs-

330 1979 479 2015 cura.
498 1959 649 2013 Idem
666 1961 815 2032 virg.
835 1955 1027 2031 Georg.
1048 1958 1077 2010 1
1095 1996 1111 2022 ,
1131 1965 1255 2027 427,
1275 1955 1352 2008 sic

331 2037 611 2093 describit:
634 2065 659 2084 a
678 2039 827 2092 Luna
849 2049 1167 2092 revertentes
1185 2053 1355 2110 quum

331 2119 561 2190 primum
602 2118 801 2191 colligit
842 2118 986 2190 ignes
1010 2157 1026 2183 ,
1055 2115 1110 2170 Si
1139 2116 1355 2186 nigrum

330 2199 557 2252 obscuro
583 2196 978 2270 comprenderit
1010 2211 1135 2249 aera
1154 2211 1319 2246 cornu
1334 2231 1351 2258 ,

330 2277 595 2331 Maximus
616 2275 861 2349 agricolis
885 2275 1178 2348 pelagoque
1198 2291 1349 2346 para-

334 2357 473 2411 hittu-
490 2358 715 2411 imbcr».
736 2358 838 2410 Pro
858 2372 999 2408 των-ω
1016 2356 1235 2410 Helmst.
1254 2369 1353 2405 ter-

333 2441 413 2490 n's.
432 2439 609 2511 Major
626 2436 843 2492 variatio
860 2437 917 2490 in
942 2433 1062 2490 cod.
1084 2433 1230 2487 Flor.
1260 2433 1355 2505 qui

331 2518 457 2590 legit
470 2520 660 2569 Nubila
671 2537 759 2569 cur
769 2523 973 2585 Panope
986 2519 1106 2566 coelo
1114 2554 1127 2567 .
1142 2513 1355 2584 Panope

333 2607 409 2652 est
444 2595 687 2670 nympha
715 2594 918 2648 marina
935 2635 952 2661 ,
995 2605 1053 2646 ut
1079 2591 1355 2646 adnotavi-

334 2696 451 2730 mus
470 2677 587 2729 aliis
604 2675 754 2729 locis'.
784 2705 855 2714 —
871 2672 1000 2727 vid.
1020 2672 1131 2744 huj.
1158 2683 1350 2727 nostro

334 2755 416 2809 ed.
444 2767 487 2809 t.
509 2758 569 2819 1,
609 2752 676 2807 ad
694 2752 903 2806 Mosen.
924 2753 1123 2806 Auson.
1150 2753 1277 2822 176,
1300 2761 1349 2805 et

334 2835 463 2889 ibid.
488 2847 640 2908 parte
658 2827 737 2898 11',
754 2854 811 2907 p.
834 2833 953 2887 638.
970 2833 1165 2898 —Quoe
1190 2849 1349 2902 quem

332 2917 508 2970 locum
546 2915 603 2968 in
630 2913 757 2967 caelo
782 2915 979 2967 habere
1016 2913 1207 2986 possit,
1240 2929 1351 2964 non

334 2995 512 3051 video.
568 2995 809 3048 Fortasse
859 2994 1103 3047 librarius
1156 3009 1354 3046 nomen

334 3078 513 3128 Pkoebe
552 3091 616 3128 ex
646 3085 898 3148 sequente
927 3091 1081 3126 versu
1115 3073 1222 3125 hnc
1257 3082 1357 3123 tra-

332 3149 575 3207 hendum
598 3153 809 3226 putavit
829 3190 845 3217 ,
865 3151 1011 3225 quod
1029 3151 1163 3205 alius
1181 3159 1387 3203 muta-1

334 3234 409 3286 vit
424 3234 478 3286 in
502 3235 1078 3302 Panope—Dementia,
1093 3241 1153 3283 ut
1160 3229 1353 3302 virgil.

332 3315 534 3388 Georg.
556 3315 617 3378 1,
644 3313 745 3378 452
777 3310 845 3367 de
870 3312 1020 3366 Sole:
1045 3338 1071 3358 α
1090 3310 1355 3366 ceruleus

335 3395 575 3468 pluviam
602 3390 885 3447 denuntiat
904 3417 927 3439 ι
944 3434 958 3446 .

406 3475 531 3530 235.
560 3479 791 3542 Tempore
811 3474 948 3525 Ven.
978 3470 1153 3545 Lugd.
1182 3467 1357 3524 θεῖοι-ἰ

342 3561 615 3625 remmom.-
638 3555 838 3605 varient
856 3551 999 3606 Flor.
1028 3552 1169 3604 idem
1196 3567 1357 3624 porro

334 3655 426 3688 ver
447 3639 620 3703 prima
643 3637 852 3704 juventa
875 3635 970 3684 Cur
1007 3647 1177 3683 astate
1202 3633 1355 3699 perit.

336 3713 457 3767 Haec
486 3713 649 3767 lectio
680 3713 940 3767 concinna
969 3711 1137 3782 magis
1164 3721 1215 3762 et
1238 3706 1359 3781 apta

344 3793 688 3868 sequentibus
707 3813 792 3844 cut
817 3807 959 3844 oestus
984 3794 1092 3860 ipsa
1125 3793 1355 3841 senescit.-

337 3893 561 3948 eamque
580 3873 735 3946 juvat
769 3869 891 3926 cod.
918 3871 1135 3924 Helmst.
1154 3869 1249 3942 qui
1277 3886 1360 3920 se-

336 3965 533 4026 quente
560 3971 717 4004 versu
742 3949 1059 4006 idemhabet
1082 3953 1176 4002 car
1191 3962 1362 4000 oestaee

332 4035 481 4099 perit.
504 4032 697 4086 Coeteri
713 4031 1365 4105 omnesleguntpn‘moque

334 4115 531 4177 juventa
582 4118 681 4162 Ver
710 4113 861 4178 pra-ie
894 4117 1145 4162 {aestatem
1194 4105 1361 4180 Hagn-

1436 1320 1652 1374 noensis
1694 1327 1900 1375 tantum
1943 1321 2000 1376 in
2036 1321 2202 1377 altero
2231 1323 2461 1378 hemisti-

1437 1397 1564 1452 chio
1598 1405 1696 1452 Ver
1730 1415 1903 1453 astate
1928 1405 2105 1471 proeit,
2133 1414 2292 1478 atque
2327 1403 2463 1460 illud

1432 1481 1568 1547 perit
1602 1479 1880 1534 confirmat
1899 1517 1918 1546 ,
1943 1480 2091 1554 quod
2128 1495 2181 1536 et
2212 1483 2464 1540 Gor-allus

1436 1558 1657 1631 recepit.
1675 1557 1783 1612 Ver
1792 1563 2203 1630 pn’majumta,
2228 1581 2304 1617 sc.
2335 1563 2464 1618 anni

1437 1635 1632 1691 dicitur
1655 1638 1728 1691 ob
1762 1638 2159 1694 similitudinem
2179 1681 2194 1706 ,
2226 1661 2346 1715 qun
2385 1653 2464 1697 est

1434 1716 1574 1770 inter
1599 1717 1725 1770 anni
1744 1728 1984 1791 tempora
2005 1731 2058 1774 et
2083 1720 2315 1777 hominis
2339 1733 2464 1778 atta-

1436 1805 1517 1848 tes
1537 1834 1551 1858 ,
1571 1813 1730 1868 quam
1760 1797 2005 1869 inprimis
2029 1799 2243 1870 exponit
2259 1799 2458 1874 Pytha-

1437 1893 1593 1948 goras
1616 1875 1757 1947 apud
1787 1875 2043 1931 Ovidium
2062 1916 2078 1942 ,
2099 1879 2458 1955 Metamorph.

1440 1955 1565 2020 XV,
1596 1972 1696 2010 200
1719 1975 1868 2031 seqq.

1515 2035 1638 2105 ²37·
1677 2039 1877 2105 osrepit
1894 2058 1913 2089 .-
1933 2037 2331 2093 accommodate
2357 2040 2462 2098 hoc

1440 2111 1640 2166 dictum
1671 2113 1740 2168 ad
1770 2113 2001 2168 hiemem
2039 2119 2189 2190 quasi
2223 2131 2463 2175 senectu-

1440 2200 1549 2246 tem
1571 2194 1696 2247 anni
1715 2235 1731 2262 ,
1766 2213 1885 2267 quae
1908 2196 2060 2268 pigra
2094 2209 2145 2250 et
2171 2197 2318 2252 tarda
2351 2213 2461 2270 est;

1440 2272 1710 2346 quomodo
1734 2273 1803 2329 de
1825 2274 2059 2331 hominis
2083 2289 2352 2335 senectute
2373 2281 2465 2336 Ju-

1444 2353 1615 2407 venal.
1646 2351 1726 2406 IX
1746 2392 1762 2419 ,
1798 2373 1929 2425 1²9²
1964 2381 1987 2403 ι
2007 2357 2214 2431 obrepit
2238 2379 2348 2414 non
2379 2360 2462 2415 in·

1444 2432 1646 2487 tellecta
1667 2445 1908 2488 senectus
1923 2455 1977 2502 »3
1999 2448 2051 2489 et
2067 2436 2226 2492 Ovid.
2249 2437 2462 2496 Metam.

1443 2509 1567 2577 XV,
1598 2531 1696 2566 ου
1720 2531 1734 2565 :
1759 2540 1786 2561 «-
1802 2513 1935 2567 Inde
1963 2515 2141 2570 senilis
2160 2517 2341 2574 Hiems
2358 2532 2461 2576 tre·

1441 2591 1590 2644 mulo
1628 2593 1772 2645 venit
1807 2592 2018 2646 horrida
2053 2613 2212 2666 passu
2230 2624 2273 2651 ιο.
2302 2599 2464 2655 Caste-

1439 2687 1560 2722 rum
1585 2671 1794 2744 elegans
1826 2673 1938 2727 hac
1971 2675 2162 2728 Lucilii
2185 2674 2467 2753 descriptio

1438 2751 1857 2806 vicissitudinum
1926 2756 2054 2807 anni
2109 2760 2465 2829 comparanda

1437 2842 1517 2884 est
1534 2847 1657 2884 cum
1674 2831 1766 2884 illa
1785 2831 1988 2886 Horatii
2000 2834 2172 2887 Carm-
2183 2837 2283 2904 IV,
2300 2858 2382 2894 vs.
2395 2858 2461 2908 9:

1439 2933 1465 2954 κ
1500 2909 1720 2981 Frigora
1750 2911 2035 2966 mitescunt
2061 2914 2344 2989 Zephyris,
2372 2938 2466 2974 ver

1438 2989 1658 3060 proterit
1712 3001 1861 3043 oestas
1917 2989 2204 3051 Interitura
2226 3033 2243 3058 ,
2305 2997 2462 3052 simul

1440 3065 1676 3120 Potnifer
1691 3079 1978 3123 autumnus
1996 3072 2174 3144 fruges
2193 3073 2463 3143 effuderit,

1442 3160 1494 3200 et
1519 3167 1650 3201 mox
1670 3147 1868 3203 Bruma
1892 3153 2116 3205 recurrit
2138 3153 2280 3210 iners
2293 3181 2333 3208 ι.

1516 3227 1636 3281 238.
1660 3233 1824 3280 Aaeem
1857 3233 1982 3281 seire
2006 3235 2196 3286 Helices
2211 3273 2230 3298 ,
2263 3234 2321 3290 id
2352 3249 2430 3291 cst
2449 3276 2466 3303 ,

1440 3307 1606 3372 scire,
1644 3325 1761 3380 quae
1805 3309 1872 3362 sit
1901 3313 2176 3367 conversio
2193 3351 2211 3379 ,
2252 3316 2336 3370 vel
2372 3319 2467 3390 qui

1440 3398 1618 3440 motus
1641 3385 1859 3456 sideris,
1896 3387 2044 3462 quod
2077 3391 2258 3448 Helice
2275 3436 2293 3464 ,
2327 3395 2468 3452 Ursa

1442 3470 1643 3542 major,
1674 3465 1886 3522 dicitur.
1920 3468 2167 3525 Gorallus
2207 3494 2355 3526 wem
2383 3477 2470 3530 in-

1441 3557 1760 3618 terpretetur
1792 3549 1974 3621 polum
2000 3551 2266 3607 Arcticum
2287 3594 2303 3621 ,
2332 3574 2468 3626 quo-

1443 3627 1607 3680 modo
1645 3646 1768 3680 eum
1790 3624 1923 3681 alias
1946 3629 2127 3683 vocari
2154 3642 2342 3684 notum
2369 3647 2466 3690 est.

1446 3705 1550 3760 Sed
1567 3705 1670 3761 hoc
1692 3707 1810 3761 loco
1827 3725 1936 3762 non
1953 3707 2102 3779 regio
2122 3709 2234 3763 caeli
2249 3747 2264 3774 ,
2287 3709 2341 3763 in
2361 3731 2468 3784 qua

1448 3797 1527 3840 est
1545 3786 1758 3850 Helice,
1791 3783 1882 3840 sed
1916 3785 2077 3858 ipsius
2115 3785 2300 3843 sideris
2335 3792 2464 3852 axis,

1449 3867 1559 3921 sive
1592 3881 1795 3931 motus,
1833 3866 2194 3938 significatur,
2221 3871 2311 3942 qui
2348 3892 2471 3945 pro·

1448 3946 1689 4020 priusest
1705 3947 1912 4000 Helices
1927 3987 1943 4012 ‚
1963 3947 2083 4019 quia
2103 3959 2155 3999 et
2171 3949 2468 4005 Plaustrum

1449 4011 1645 4082 dicitu}-
1663 4067 1680 4093 ,
1726 4040 1777 4080 et
1823 4025 1926 4080 diei
1973 4027 2248 4100 noctisque
2297 4032 2471 4104 spatio

1448 4108 1590 4162 circa
1613 4107 1800 4182 polum
1828 4106 2062 4161 vertitur.
2101 4107 2236 4162 Hinc
2263 4111 2466 4168 Lucan.

2063 4197 2129 4267 8.
