2975 4684
494 374 638 447 630
1047 378 1480 447 AUSONII
1546 370 2085 451 ΡΞΕΒΙΟΟΗΛΕ

499 509 630 591 Qui
663 524 728 572 et
748 509 885 596 ipse
915 524 1138 595 postea
1165 531 1316 571 cum
1344 508 1643 572 Merione
1674 504 1843 567 intra
1870 501 2196 564 navalium
2226 500 2641 563 munimenta

494 638 563 678 se
587 614 848 702 recipit,
883 637 1091 702 quum
1123 630 1260 678 tota
1295 614 1499 678 moles
1529 611 1677 676 belli
1711 608 2014 691 Ajacibus
2042 607 2409 699 ingruisset.

832 860 1382 929 PERIOCHA
1451 859 1737 926 XVIII
1802 856 2279 922 ILlADOS.

775 1066 913 1117 Dum
943 1066 1070 1117 furit
1090 1067 1148 1119 in
1173 1066 1348 1119 medio
1374 1066 1499 1118 belli
1527 1065 1606 1117 vis
1628 1066 1783 1135 ignea
1805 1062 2007 1115 Martis.

583 1253 859 1316 Achilles
883 1254 950 1315 in
982 1253 1408 1317 miserabilem
1443 1251 1715 1316 modum
1748 1250 2029 1313 Patrocli
2049 1247 2247 1313 deflet
2276 1250 2642 1328 interitum,

496 1380 692 1445 quem
718 1360 780 1421 vi
809 1356 1048 1422 doloris
1087 1358 1414 1423 adfectum
1450 1356 1939 1421 consolantibus
1958 1356 2183 1419 ‘verbis
2220 1371 2428 1418 mater
2452 1352 2645 1419 adlo-

497 1464 765 1550 quitur3
819 1486 938 1527 nec
980 1464 1264 1527 inultum
1321 1465 1603 1527 amicum
1651 1462 1790 1526 fore
1838 1460 2183 1547 pollicens,
2236 1460 2642 1548 perlaturum

495 1590 635 1632 sese
671 1569 942 1633 Vulcani
977 1593 1152 1633 arma
1183 1570 1526 1657 promittit.
1570 1570 1827 1632 Interea
1868 1583 1934 1630 et
1972 1566 2092 1630 Iris
2128 1566 2210 1629 ab
2248 1568 2509 1630 Junone
2542 1564 2645 1629 di-

499 1674 778 1738 mittitur
807 1699 824 1755 ;
854 1674 1040 1752 cujus
1072 1674 1374 1737 instantia
1400 1672 1680 1738 Achilles
1716 1686 1896 1736 extra
1935 1670 2209 1751 vallum,
2238 1670 2663 1760 quamquam*

500 1780 768 1843 inermis
787 1829 805 1862 ‚
831 1778 1160 1869 egreditur
1187 1802 1202 1843 :
1228 1779 1725 1866 conterritisque
1757 1777 2049 1857 Trojanis
2084 1799 2281 1864 super
2310 1776 2469 1840 alios
2502 1776 2643 1840 aliis

499 1886 1042 1975 praecipitantibus
1068 1935 1086 1967 ,
1112 1887 1238 1950 late
1264 1886 1439 1977 fuga,
1473 1900 1540 1949 et
1562 1884 1752 1948 latius
1786 1882 2069 1948 formido
2106 1883 2473 1971 porrigitur.
2505 1883 2644 1945 Eo-

417 2044 422 2050 .
501 1991 783 2079 demque
817 2007 1110 2080 tempore
1139 2009 1204 2055 et
1238 1993 1568 2057 Vulcanus
1604 2006 1903 2055 exoratus
1936 2014 1973 2053 a
2006 1988 2317 2072 Thetide,
2343 2005 2477 2053 tota
2521 2011 2647 2052 no-

499 2113 632 2179 cte,
669 2118 864 2185 quam
913 2097 1107 2185 longa
1153 2113 1250 2161 est
1269 2147 1287 2178 ,
1337 2097 1609 2160 caelestia
1647 2096 1715 2159 in
1767 2095 2037 2184 gratiam
2093 2094 2416 2183 Nymphae
2463 2118 2645 2158 arma

503 2203 789 2267 molitur.

926 2418 1441 2485 PERIOCHA
1505 2418 1691 2485 XIX
1754 2416 2205 2483 ILIADOS.

785 2612 1060 2665 Oceanum
1087 2615 1167 2681 (1)
1204 2612 1400 2665 interea
1428 2632 1646 2683 surgens
1673 2614 1875 2665 Aurora
1902 2612 2133 2684 reliquit.

591 2781 868 2845 Achilles
893 2782 1088 2845 armis
1117 2781 1476 2845 caelestibus
1507 2803 1631 2871 ope
1649 2782 1959 2863 Vulcani,
2004 2798 2070 2845 et
2094 2804 2367 2845 munere
2392 2785 2641 2869 matriS‚

504 2887 865 2951 instruitur.
886 2888 1052 2951 Dein
1071 2888 1444 2952 Groe'corum
1468 2886 1865 2975 primoribus
1896 2888 1966 2950 in
1999 2888 2348 2951 concilium
2376 2890 2645 2959 vocatis,

505 2992 905 3057 iracundiam
939 2993 1062 3057 sub
1093 2993 1443 3057 abolitione
1469 2992 1565 3081 (2)
1593 2993 1898 3081 deponit3
1921 3010 1988 3057 et
2014 2993 2349 3082 promissis
2375 2996 2457 3058 ab
2488 3018 2647 3085 rege

509 3098 894 3162 muneribus
928 3120 1144 3162 coram
1183 3100 1498 3162 concione
1543 3097 1805 3163 ditatur.
1859 3100 2031 3162 Tum
2066 3099 2382 3163 militibus
2418 3100 2645 3164 cibum

505 3225 731 3290 capere
767 3201 960 3283 jussis
979 3250 997 3284 ,
1034 3204 1172 3292 ipse
1211 3203 1521 3285 abstinet3
1577 3205 1815 3268 infesto
1860 3202 2097 3268 deinde
2139 3220 2334 3293 atque
2378 3206 2637 3271 intento

505 3309 788 3372 exercitu
816 3308 1024 3398 pergit
1055 3309 1120 3372 in
1156 3310 1472 3398 praelium.

580 3561 656 3627 (1)
685 3564 951 3609 Oceanum.
981 3558 1082 3612 Hic
1117 3578 1299 3612 versus
1331 3560 1579 3631 frequens
1603 3562 1745 3632 apud
1762 3561 2040 3633 Virgilium
2061 3601 2077 3626 ,
2116 3582 2212 3631 ¹²9
2246 3562 2311 3615 in*
2338 3576 2525 3634 quarto
2545 3601 2562 3627 ‚
2594 3576 2649 3616 et

513 3646 718 3717 primus
744 3646 800 3697 in
819 3644 1102 3699 undecimo
1121 3646 1259 3700 libro
1273 3646 1546 3701 AEneidos.
1575 3651 1793 3701 Vinctus.

581 3794 660 3860 (2)
695 3797 789 3843 Sub
824 3796 1101 3847 abolitione.
1143 3795 1443 3848 Gronovius
1476 3793 1567 3849 hic
1610 3796 1870 3849 scribebat
1913 3818 2051 3851 suam
2071 3820 2091 3858 ,·
2128 3797 2221 3850 sed
2258 3816 2355 3869 ego
2385 3797 2562 3851 Tollio
2596 3812 2649 3851 et

515 3881 760 3953 Ugoletto
782 3882 1121 3937 suadentibus
1146 3888 1232 3934 snb
1253 3882 1521 3937 edendum
1548 3885 1707 3937 malo.
1732 3886 1835 3939 En.
