2975 4684
495 381 628 453 290
1201 355 1741 424 Excnsssus
1799 354 1909 423 lv

495 477 676 543 sedes
709 493 775 541 et
805 476 1112 540 stationes
1131 522 1150 555 ,
1175 475 1631 563 unusquisque
1660 478 2055 542 calculorum
2079 498 2265 543 suam
2290 480 2625 548 mandram

491 583 726 662 habet,
764 600 978 667 neque
1021 577 1264 642 Saleius
1315 576 1649 643 mandram
1690 575 2089 668 distinguere
2126 580 2209 645 ab
2241 582 2499 671 agmine
2532 584 2625 647 la·

490 701 756 748 tronum
789 680 1006 770 potuit
1023 728 1042 761 ,
1070 695 1148 743 ut
1177 676 1457 743 diceret:
1486 696 1549 745 et
1564 678 1808 768 fracta
1842 694 2229 771 prorumpat
2260 686 2327 747 in
2360 686 2629 773 agmina

490 783 781 849 mandra.
807 781 1068 846 Etenim
1101 782 1170 843 in
1203 778 1357 843 sede
1377 782 1482 844 vel
1506 803 1653 845 area
1678 782 2072 847 calculorum
2096 784 2259 849 nihil
2284 800 2416 867 est,
2442 786 2627 875 quod

488 910 608 975 pro
643 886 808 951 vallo
837 900 950 948 aut
981 898 1166 971 septo
1197 882 1424 947 oelculi
1455 882 1683 947 haberi
1714 885 1937 971 possit.
1970 884 2185 949 Lineae
2205 935 2223 967 ‚
2254 888 2495 975 quibus
2524 890 2629 953 in-

488 992 680 1055 clusoe
702 1003 860 1051 sunt
883 1008 1068 1067 areoe,
1100 982 1182 1049 ad
1207 982 1731 1074 distinguendam
1755 987 1980 1049 calculi
2002 988 2349 1053 stationem
2381 992 2627 1073 valent,

487 1112 622 1154 non
649 1087 732 1154 ad
769 1084 1212 1151 muniendam.
1249 1084 1482 1174 Neque
1512 1086 1714 1176 igitur
1750 1087 1815 1150 in
1847 1089 2097 1153 calculo
2127 1088 2421 1155 tollendo
2450 1114 2629 1157 man·

485 1188 600 1257 dra
637 1192 766 1255 ulla
789 1205 904 1254 aut
929 1203 1114 1277 septo
1151 1184 1512 1276 frangendo
1554 1210 1723 1278 opus
1766 1205 1885 1253 est.
1917 1192 2001 1254 At
2046 1191 2098 1255 si
2144 1190 2429 1257 mandrae
2468 1211 2629 1259 sunt

483 1293 736 1357 viliores
771 1306 838 1357 et
865 1288 1250 1353 infirmiores
1287 1289 1549 1372 calculi,
1576 1290 1693 1379 qui
1729 1290 2013 1379 reliquos
2050 1292 2364 1359 custodiae
2400 1316 2627 1361 caussa

485 1394 972 1460 circumsistunt
1001 1406 1066 1455 et
1087 1404 1337 1479 tegunt,
1361 1391 1440 1454 ut‘
1462 1413 1534 1454 re
1555 1413 1704 1456 vera
1733 1390 1929 1455 hodie
1957 1390 2029 1458 fit
2054 1394 2123 1457 in
2150 1392 2307 1458 ludo
2330 1398 2629 1463 scaccho·

483 1520 666 1577 mm,
697 1497 842 1559 tum
885 1492 1154 1581 intelligi
1191 1490 1454 1555 demum
1489 1508 1742 1583 potest,
1780 1492 1941 1579 quid
1978 1492 2062 1557 sit
2067 1492 2305 1581 smcta
2344 1499 2625 1563 mandra

480 1602 546 1661 in
579 1599 842 1685 agmina
863 1614 1289 1685 prorumpere.
1329 1593 1726 1658 Confirmare
1764 1610 1881 1657 aut
1924 1595 2241 1659 illustrare
2279 1598 2625 1663 notionem

481 1700 799 1777 mandrae,
832 1718 1028 1787 quam
1054 1693 1350 1759 dedimus
1373 1744 1392 1776 ,
1418 1692 1695 1777 videtur,
1726 1693 1907 1783 quod
1930 1695 2133 1762 Graeci
2166 1698 2453 1764 tabulam
2480 1712 2622 1764 πόλιν

477 1818 823 1883 vocarunt,
847 1815 915 1865 et
945 1798 1224 1863 calculos
1253 1807 1420 1867 κύνας.
1456 1797 1691 1861 Pollux
1708 1797 1820 1861 lib.
1852 1798 1976 1879 IX,
1998 1820 2137 1885 cap.
2170 1822 2245 1886 7:
2274 1810 2330 1863 τὸ
2358 1812 2448 1879 μὲν
2470 1818 2617 1865 arim·

477 1918 574 1969 οἷον
612 1916 836 1967 καλεῖται
863 1914 998 1972 πόλις
1015 1948 1033 1975 ,
1063 1916 1159 1963 τῶν
1191 1904 1252 1961 δὲ
1279 1909 1444 1979 ψήφων
1473 1912 1659 1966 ἑκάστη
1690 1912 1814 1962 κύων
1834 1938 1847 1951 ·
1908 1902 2150 1965 etenim
2198 1914 2337 1965 πόλιν
2378 1902 2619 1970 dictam

478 2028 618 2070 esse
645 2004 940 2067 existimo
968 2024 1104 2065 non
1131 1999 1340 2065 nudas
1366 2002 1665 2090 regiones
1694 2000 1963 2085 tabula-3
1992 2002 2173 2091 quod
2198 2004 2337 2069 aliis
2364 2006 2621 2093 placere

478 2106 670 2171 video
691 2154 709 2188 ,
742 2104 857 2169 sed
890 2102 1067 2192 quod
1107 2103 1354 2167 Saleius
1391 2104 1625 2167 moertia
1662 2119 1728 2166 et
1756 2107 2060 2190 agmina,
2091 2106 2294 2194 ipsam
2334 2108 2618 2173 calcido-

477 2231 624 2273 rum
684 2206 942 2272 turbam
999 2206 1066 2268 in
1125 2204 1515 2269 stationibus
1564 2206 1701 2269 suis
1749 2204 2123 2294 dispositam
2145 2256 2162 2291 ‚
2197 2209 2311 2296 qui
2364 2212 2619 2275 collecti

475 2310 657 2399 quasi
683 2309 1002 2373 civitatem
1032 2304 1323 2371 efficiunt
1342 2356 1360 2389 ‚
1380 2307 1480 2371 vel
1510 2306 1741 2371 urbem
1767 2323 2032 2372 tenent:
2058 2320 2194 2381 aava:
2220 2325 2439 2374 autem
2464 2332 2622 2399 prae·

476 2414 664 2501 cipue
697 2424 854 2475 sunt
881 2408 929 2471 ii
958 2408 1223 2490 calculi,
1249 2410 1360 2496 qui
1391 2408 1683 2473 mandrae
1715 2432 1959 2474 nomen
1992 2408 2168 2498 apud
2198 2412 2461 2475 Latinos
2496 2413 2616 2476 ha·-

473 2514 664 2593 bent,
711 2507 891 2598 quod
925 2509 1190 2597 reliquis
1233 2510 1515 2597 appositi
1556 2510 1811 2575 calculis
1846 2512 2077 2576 urbem
2127 2528 2457 2601 tamquam
2496 2536 2615 2579 cu-

471 2614 688 2679 stodes
715 2612 1006 2699 cingunt.

562 2712 910 2779 Declaratis
953 2711 1349 2776 calculorum
1395 2713 1462 2775 in
1512 2713 1729 2777 tabula
1762 2716 1953 2779 variis
1993 2714 2367 2799 ordinibus,
2398 2718 2516 2782 viis
2548 2734 2617 2783 et

473 2817 791 2896 motibus,
823 2814 1078 2902 plenius
1113 2836 1292 2877 nunc
1323 2814 1726 2905 intelligitur,
1756 2815 1917 2905 quid
1950 2818 2032 2881 sit
2062 2817 2225 2882 illud
2254 2819 2476 2883 Saleii:
2506 2834 2613 2884 ta-

473 2918 626 2983 bula
671 2920 965 2980 van‘atur
985 2929 1207 3004 aperta
1243 2914 1579 2997 Calculus,
1616 2940 1853 3005 nempe
1876 2920 2065 2983 variis
2097 2920 2441 2986 'itineribus
2478 2922 2615 2986 huc

473 3022 624 3084 illuc
659 3017 936 3083 ducitur.
973 3017 1103 3080 Pro
1141 3015 1512 3083 discrimine
1550 3020 1679 3083 isto
1717 3020 2111 3085 calculorum
2156 3020 2438 3087 dubitari
2472 3047 2607 3088 non

475 3136 719 3209 potest,
744 3119 946 3183 varias
990 3120 1180 3183 etiam
1229 3118 1694 3208 distinctasque
1736 3121 2141 3211 singulorum
2175 3147 2487 3213 generum
2532 3124 2611 3189 fi-

472 3244 692 3313 guraS‚
719 3222 954 3285 formas
987 3239 1052 3284 et
1079 3220 1262 3310 signa
1290 3222 1509 3303 fuisse,
1536 3246 1681 3311 quae
1712 3238 1924 3287 tamen
1948 3246 1983 3287 a
2012 3224 2273 3289 nemine
2293 3227 2608 3291 Veterum

469 3324 704 3387 diserte
737 3320 1123 3387 indicantur.
1161 3323 1382 3386 Exstat
1414 3322 1679 3413 quidem
1720 3326 1904 3389 locus
1940 3325 2265 3415 Euripidis
2298 3329 2507 3419 Iphig.
2540 3330 2607 3395 in

470 3426 617 3491 Aul.
660 3449 718 3488 v.
769 3420 924 3508 195,
955 3424 1067 3486 ubi
1105 3424 1529 3488 Protesilaum
1570 3441 1636 3489 et
1680 3422 2085 3489 Palamedem
2124 3424 2283 3491 dicit
2316 3436 2399 3490 ἐπὶ
2441 3441 2607 3499 οσωωῖς

465 3544 665 3591 πεσσῶν
687 3531 955 3605 ἡδομένου,-
986 3538 1188 3606 popponi<
1219 3538 1567 3598 πολυπλόκοις,
1595 3530 1663 3590 in
1710 3528 1959 3593 sedibus
2000 3526 2391 3593 calculorum
2434 3530 2605 3593 oble·

465 3644 706 3695 etantes
737 3622 1042 3713 seffiur'lk
1070 3626 1513 3716 multiplicibus
1526 3654 1552 3707 ,·
1576 3629 1689 3694 sed
1722 3630 1857 3694 istae
1880 3639 2057 3711 μορφαὶ
2074 3642 2371 3694 πολύπλοκοι
2386 3680 2402 3706 ,
2422 3654 2607 3720 aeque

465 3730 740 3795 dubium
777 3745 906 3808 est,
936 3744 1158 3791 utrum
1181 3724 1262 3791 de
1289 3730 1515 3794 formis
1544 3731 1949 3821 singulorum
1974 3732 2369 3796 calculorum
2386 3756 2499 3814 ‚an
2522 3732 2605 3797 de

463 3833 720 3923 figuris,
754 3853 911 3919 quas
945 3828 1268 3918 implicitae
1311 3848 1376 3895 et
1409 3849 1695 3896 errantes
1740 3856 1965 3895 eorum
2001 3833 2117 3897 viae
2149 3832 2464 3916 efficiant,
2494 3857 2604 3898 ac-

463 3934 589 4021 cipi
622 3932 919 3996 debeant.
953 3931 1256 3995 Similiter
1292 3930 1729 3998 dubitandum
1768 3952 1865 3999 est
1902 3934 1983 3999 de
2018 3934 2321 3999 iconibus
2360 3936 2606 3999 latrun-

463 4036 759 4099 culorum
799 4054 942 4097 cera
977 4030 1181 4113 fictis,
1222 4054 1382 4120 quas
1433 4056 1470 4097 a
1523 4034 1734 4098 Plinio
1781 4037 2125 4099 memorari
2163 4035 2481 4116 vidimus,
2516 4060 2595 4099 an

463 4134 738 4201 diversas
772 4134 964 4198 etiam
1001 4132 1237 4222 figuras
1277 4134 1579 4199 inferant.
1617 4134 2080 4225 progredimur
2110 4139 2329 4225 potius
2362 4136 2443 4203 ad
2474 4138 2603 4203 cal-
