2975 4684
536 355 676 430 580

1389 361 1493 430 IN
1508 361 1807 430 CERTI

629 483 867 552 Acrior
908 497 1176 576 accepto
1219 483 1582 576 fugientem
1618 487 1957 551 Antenore
1994 495 2223 549 natum
2584 511 2661 558 2⁵⁵

627 594 1076 686 Persequitur,
1124 593 1453 684 traxitque.
1489 592 1676 662 ferox
1710 617 1861 660 cum
1902 589 2177 659 vulnere
2212 615 2463 684 poenas.

717 708 966 772 Hector
999 715 1160 770 tunc
1201 726 1442 794 pugnae
1473 701 1653 770 subit
1690 702 1826 770 acri
1863 703 2165 769 concitus
2206 702 2303 769 ira

628 810 1026 894 PriamideS‚
1066 837 1221 879 mox
1256 809 1597 905 perculsos
1630 811 1768 904 agit
1802 809 2101 904 undique
2134 811 2405 890 GraiOS,

626 926 769 995 Nec
805 922 988 990 Paris
1019 918 1289 990 hostiles
1325 934 1536 989 cessat
1566 935 1987 1014 prosternere
2022 933 2307 998 turmaS‚

631 1029 1080 1126 Eurypylique
1116 1031 1330 1100 femur
1374 1044 1693 1098 contento
1737 1029 2039 1098 vulnerat
2076 1053 2254 1097 arcu.
2588 1053 2667 1101 7⁶⁰

732 1145 888 1211 XII.
917 1139 1327 1210 Incumbunt
1359 1143 1603 1226 TroeS‚
1639 1139 1908 1233 fugiunt
1946 1139 2013 1206 in
2050 1153 2271 1207 castra
2294 1138 2549 1232 Pelasgi

634 1251 908 1318 Viribus
945 1249 1326 1334 exhaustis,
1369 1265 1435 1317 et
1471 1249 1672 1317 vastis
1710 1248 2008 1342 undique
2046 1247 2317 1316 firmant

631 1360 960 1431 Obicibus
999 1383 1266 1444 muros;
1305 1373 1450 1426 tum
1487 1382 1643 1426 saxo
1686 1359 1974 1426 Martius
2006 1361 2254 1426 Hector

629 1469 990 1562 Perfringit
1027 1482 1288 1562 portaS,
1330 1467 1706 1561 ferrataque
1750 1467 1995 1536 robora
2030 1465 2229 1534 laxat.

630 1582 1026 1671 Irrumpunt
1059 1576 1276 1646 aditus
1307 1577 1635 1671 Phryges,
1665 1591 1867 1671 atque
1896 1578 1965 1644 in
2000 1575 2225 1644 limine
2255 1577 2473 1670 primo
2592 1600 2670 1648 τῶ

535 1827 591 1861 se
627 1807 826 1860 habuit.
866 1806 1152 1877 Postquam
1192 1805 1557 1876 Agamemnon

536 1887 906 1959 Iphidamanta
966 1885 1298 1938 interfecerat
1322 1922 1338 1946 ,
1395 1885 1557 1936 frater

538 1973 648 2042 ejus
671 1968 818 2020 Coon
843 1975 974 2018 natu
992 1965 1183 2036 major,
1205 1974 1428 2015 mortem
1453 1963 1559 2015 fra-

541 2047 634 2100 tris
663 2044 818 2099 valde
852 2043 1065 2109 dolens,
1099 2053 1153 2094 et
1182 2043 1316 2095 forte
1349 2040 1559 2093 adstans

535 2121 952 2196 Agamemnoni,
980 2120 1260 2174 brachium
1295 2122 1410 2192 ejus
1449 2136 1560 2171 me-

540 2204 691 2256 dium
714 2202 862 2254 hasta
883 2199 1110 2272 percutit
1135 2218 1150 2251 t
1191 2201 1245 2251 at
1271 2198 1424 2250 illum
1451 2197 1561 2250 fra-

543 2281 637 2334 tris
656 2299 849 2352 corpus
871 2277 1256 2331 abstrahentem
1281 2295 1401 2329 mox
1421 2281 1561 2347 Aga·

544 2379 792 2414 memnon
817 2355 1238 2410 interficit.1·1inc
1256 2355 1324 2407 cl.
1347 2355 1558 2409 Bouda-

545 2441 683 2492 mius
727 2437 943 2504 corrigit
991 2439 1076 2485 Vis
1107 2436 1291 2502 fratris
1331 2439 1561 2485 dextr-am

543 2517 878 2588 gladiofen't:
913 2492 1062 2585 qnod
1081 2513 1168 2564 ille
1199 2524 1376 2565 tamen
1405 2524 1457 2566 et
1484 2514 1564 2565 sic

547 2597 756 2652 concise
795 2593 953 2646 nimis
995 2602 1051 2646 et
1093 2591 1318 2644 obscure
1365 2591 1568 2644 dictum

549 2687 712 2749 putat.
734 2673 962 2746 Dorpius
987 2689 1115 2724 vero
1137 2671 1338 2723 mavult
1353 2674 1418 2721 Hi
1415 2673 1567 2740 efra-

549 2771 622 2808 eer
649 2772 745 2827 pro
773 2768 870 2804 mm
891 2752 975 2804 vel
999 2763 1142 2811 tunc,
1187 2749 1469 2822 firmatque
1494 2750 1567 2804 le-

547 2837 776 2888 ctionem
799 2850 946 2885 suam
965 2827 1159 2883 codicis
1179 2829 1325 2882 Leid.
1345 2829 1569 2882 auctori-

543 2928 666 2968 tate.
685 2913 798 2984 Ego
816 2911 1043 2965 ducibus
1051 2907 1239 2980 Msptis
1259 2909 1335 2961 sic
1353 2907 1567 2961 malim:

551 2999 614 3046 Hi
613 2995 856 3061 nest-ater
877 2992 1007 3058 regis
1029 2988 1426 3056 dextramsetie:
1443 3005 1567 3038 nam

547 3070 844 3144 adpositum
877 3070 1053 3138 gladio
1097 3083 1482 3139 supervacuum
1517 3078 1570 3120 et

551 3163 735 3204 contra
773 3149 1059 3201 Homerum
1115 3158 1232 3208 est,
1281 3145 1375 3216 qui
1421 3143 1572 3197 hasta

552 3229 870 3304 percussisse
892 3225 1089 3279 scribit.

627 3307 748 3378 755.
773 3315 1021 3358 Antenore
1033 3319 1231 3363 natum,
1255 3321 1444 3375 nempe
1464 3303 1568 3356 Co·

553 3405 746 3450 onem,
773 3386 990 3437 fratrem
1012 3380 1412 3453 Iphidamantis.

627 3465 746 3536 756.
767 3462 1209 3531 mei'equeferoa:
1234 3481 1342 3513 cum
1359 3465 1568 3512 vulnere

549 3565 753 3616 peenas,
797 3543 851 3595 h.
873 3561 922 3594 e.
948 3541 1308 3612 Agamemnon
1331 3541 1569 3592 vulnera-

557 3641 642 3678 tus
672 3624 822 3686 licet,
851 3622 994 3674 ferox
1011 3637 1191 3692 poenas
1213 3618 1535 3672 continuavit
1550 3655 1565 3678 ,

558 3707 646 3758 vei
693 3719 934 3756 exercere
977 3699 1234 3772 perrexit,
1283 3697 1337 3748 in
1377 3699 1571 3750 Coone.

567 3787 765 3836 stoa-ie.
784 3819 823 3833 ..
839 3799 1014 3852 graves
1057 3799 1166 3830 ctam
1202 3779 1444 3844 sangnine
1472 3797 1575 3845 ρω-

561 3883 653 3914 oms
672 3862 893 3914 Helmst.
905 3858 1124 3912 Phrasin
1144 3856 1350 3928 petiisse
1367 3854 1576 3908 videtur

562 3963 630 3996 ex
659 3942 760 3995 boc
778 3938 1010 4011 Virgilii,
1041 3937 1236 3999 AEn.V‚
1255 3935 1386 4006 785:
1408 3961 1434 3980 κ
1451 3936 1573 3990 Νοιι

565 4021 739 4072 media
765 4018 833 4071 de
871 4030 1024 4090 gente
1052 4016 1319 4088 Phrygum
1345 4015 1576 4070 exedisse

559 4098 804 4150 nefandis
822 4097 1022 4148 Urbem
1045 4095 1179 4148 odiis
1204 4095 1324 4148 satis
1351 4105 1456 4160 est,
1475 4113 1577 4165 po>

1642 1823 1767 1858 nam
1784 1804 1997 1858 traxisse
2012 1823 2105 1876 per
2118 1823 2303 1859 omnes
2314 1807 2607 1879 Relliquias
2626 1837 2668 1862 n.

1714 1883 1833 1955 758.
1862 1890 1990 1936 Mos.-
1998 1889 2249 1954 perculsos
2271 1888 2407 1956 agit:
2440 1889 2517 1940 sic
2540 1888 2669 1942 edd.

1644 1963 1768 2016 Tor.
1795 1974 1847 2016 et
1868 1963 1958 2036 Sp.
1990 1965 2081 2016 MS
2112 1964 2178 2016 H.
2190 1985 2450 2033 percussos
2467 1967 2534 2020 G.
2562 1985 2585 2020 1
2622 1981 2673 2020 et

1652 2063 1679 2094 2
1701 2081 1717 2106 ,
1748 2044 1807 2094 A.
1836 2054 1888 2096 et
1918 2043 2002 2096 ed.
2020 2043 2159 2115 Lips.
2192 2042 2334 2097 idem
2362 2045 2415 2098 in
2438 2058 2675 2118 utroque

1647 2119 1919 2174 Leidensis
1964 2121 2291 2176 bibliotheca
2332 2123 2515 2178 codice
2558 2143 2676 2179 esse

1645 2211 1863 2251 testatur
1878 2199 2212 2253 Burmannus
2240 2219 2345 2255 sec.
2366 2201 2435 2255 ad
2454 2203 2674 2258 Anthol.

1650 2279 1763 2330 Lat.
1794 2289 1836 2330 t.
1862 2280 1920 2340 1,
1952 2297 2074 2350 pag.
2097 2281 2187 2342 81,
2216 2280 2310 2332 ubi
2327 2293 2379 2333 et
2398 2283 2672 2336 solennem

1648 2355 1787 2412 hanc
1812 2358 2249 2426 permutationem
2268 2377 2377 2412 esse
2390 2361 2675 2432 ,pius-ibus

1651 2435 2159 2586 ἓειιηέἲοᾶριὲἰιιιι.
2208 2436 2336 2570 {igi
2380 2401 2567 2571 figuti.¹
2600 2441 2670 2494 ad

1705 2531 1767 2566 or
2098 2555 2113 2580 ,
2138 2534 2185 2567 v.
2244 2556 2257 2568 .
2314 2555 2327 2568 .
2460 2537 2526 2572 oc
2570 2539 2673 2574 oco

1648 2598 1897 2661 penulsos
1920 2594 2159 2666 prafero.
2330 2537 2399 2588 80

1729 2671 1851 2743 759.
1872 2677 2075 2724 Damas
2092 2684 2144 2725 et
2163 2677 2328 2726 tw-bas
2344 2677 2610 2730 scribitG.
2626 2699 2671 2732 2.

1726 2755 1845 2821 760.
1871 2756 2103 2804 Verberat
2122 2773 2242 2804 arcu
2262 2753 2327 2806 Η.

1726 2835 1849 2902 761.
1874 2835 2187 2902 fiagiuneper
2206 2849 2373 2885 castra
2389 2835 2457 2887 Η.

1730 2913 1850 2979 763.
1880 2913 2103 2962 Fir-mam
2122 2915 2360 2966 Obicibus.
2384 2915 2460 2967 Ut
2483 2933 2646 2988 supra
2662 2959 2676 2982 ,

1658 3007 1815 3042 versu
1838 2991 1939 3043 683
1956 3030 1971 3057 ,
2008 3017 2033 3036 u
2050 3004 2225 3063 portas
2250 2993 2458 3066 objecto
2482 2997 2679 3049 robore

1656 3067 1873 3120 firmant
1890 3095 1931 3120 n.

1732 3149 1849 3217 763.
1868 3153 2004 3200 Saxo
2017 3153 2281 3202 Maeonius
2297 3157 2477 3202 Hector
2492 3153 2677 3225 legunt

1660 3229 1901 3299 vulgatae.
1921 3229 2036 3300 Ego
2058 3229 2282 3283 scribere
2304 3229 2447 3283 volui
2465 3245 2567 3283 eum
2584 3253 2673 3284 sa·

1659 3325 1728 3356 :ro
1760 3309 1996 3367 Martius,
2031 3308 2156 3380 quia
2190 3309 2265 3362 sic
2300 3313 2677 3382 consequentia

1657 3379 1893 3456 planior'
1879 3397 1985 3450 est,
2012 3399 2063 3438 et
2079 3399 2314 3458 preeunt
2329 3389 2511 3462 scripti
2528 3391 2673 3444 mei:

1654 3483 1761 3514 cum
1782 3483 1913 3516 saxo
1931 3471 2139 3518 Martius
2157 3473 2337 3518 Hector
2350 3467 2417 3521 Η.
2444 3481 2497 3520 et
2515 3469 2585 3522 G.
2610 3488 2670 3524 ιι

1654 3557 1755 3592 cum
1772 3563 1906 3594 saxo
1926 3548 2137 3596 Martius
2158 3545 2243 3598 vel
2270 3549 2519 3598 maaet'nms
2534 3547 2603 3600 G.
2626 3569 2669 3602 2.

1658 3621 1905 3674 Bar-thius
1940 3621 2008 3674 ad
2046 3624 2275 3694 primum
2306 3645 2518 3678 versum
2534 3627 2673 3680 The-

1661 3700 1845 3753 baidos
1865 3701 1921 3754 in
1940 3703 2043 3756 hoc
2070 3715 2123 3755 et
2144 3717 2395 3775 sequente
2413 3724 2565 3759 versu
2588 3707 2675 3758 ob-

1662 3793 1829 3833 servat
1859 3793 2124 3835 auctorem
2162 3783 2324 3835 literis
2354 3805 2392 3834 a
2427 3797 2479 3837 et
2512 3807 2543 3835 r
2572 3785 2671 3837 fre-

1661 3872 1881 3930 quenter
1894 3861 2091 3931 junctis
2114 3863 2445 3934 asperitatem
2477 3865 2591 3917 soni
2618 3865 2671 3915 in

1658 3957 1720 3991 re
1743 3938 1959 3992 horrida
1981 3939 2245 4010 quasisse.

1732 4022 1859 4086 764.
1888 4025 2057 4069 Laxat
2080 4021 2347 4087 etfiangr’e
2358 4019 2424 4072 G.
2446 4039 2496 4073 ².

1734 4095 1858 4163 765.
1882 4097 2067 4148 Limine
2086 4109 2135 4148 ct
2154 4101 2333 4149 Iume'ne
2352 4099 2416 4150 G.
2438 4117 2487 4151 ².
