<?xml version="1.0" encoding="UTF-8"?>
<!DOCTYPE html PUBLIC "-//W3C//DTD XHTML 1.0 Transitional//EN"
    "http://www.w3.org/TR/xhtml1/DTD/xhtml1-transitional.dtd">
<html xmlns="http://www.w3.org/1999/xhtml" xml:lang="en" lang="en">
 <head>
  <title>
</title>
<meta http-equiv="Content-Type" content="text/html;charset=utf-8" />
  <meta name='ocr-system' content='tesseract 3.04.00' />
  <meta name='ocr-capabilities' content='ocr_page ocr_carea ocr_par ocr_line ocrx_word'/>
</head>
<body>
  <div class='ocr_page' id='page_1' title='image "./poetaelatinimin00unkngoog_0624.png"; bbox 0 0 2975 4684; ppageno 0'>
   <div class='ocr_carea' id='block_1_1' title="bbox 599 332 2494 425">
    <p class='ocr_par' dir='ltr' id='par_1_1' title="bbox 599 332 2494 425">
     <span class='ocr_line' id='line_1_1' title="bbox 599 332 2494 425; baseline -0.002 -20"><span class='ocrx_word' id='word_1_1' title='bbox 599 336 726 405; x_wconf 80' lang='lat' dir='ltr'><strong>AD</strong></span> <span class='ocrx_word' id='word_1_2' title='bbox 789 334 1326 425; x_wconf 53' lang='lat' dir='ltr'><strong>EPITOMEN,</strong></span> <span class='ocrx_word' id='word_1_3' title='bbox 1369 336 1791 405; x_wconf 85' lang='lat' dir='ltr'><strong>ILIADOS</strong></span> <span class='ocrx_word' id='word_1_4' title='bbox 1848 336 2272 405; x_wconf 88' lang='lat' dir='ltr'><strong>HOMERI.</strong></span> <span class='ocrx_word' id='word_1_5' title='bbox 2352 332 2494 403; x_wconf 84' lang='lat'><strong>615</strong></span> 
     </span>
    </p>
   </div>
   <div class='ocr_carea' id='block_1_2' title="bbox 315 458 2566 4196">
    <p class='ocr_par' dir='ltr' id='par_1_2' title="bbox 315 458 2566 4196">
     <span class='ocr_line' id='line_1_2' title="bbox 315 458 2496 548; baseline 0 -25"><span class='ocrx_word' id='word_1_6' title='bbox 315 463 324 473; x_wconf 87' lang='lat'>&#39;</span> <span class='ocrx_word' id='word_1_7' title='bbox 371 461 454 523; x_wconf 89' lang='lat' dir='ltr'><strong>Et</strong></span> <span class='ocrx_word' id='word_1_8' title='bbox 498 480 650 522; x_wconf 90' lang='lat' dir='ltr'><strong>sane</strong></span> <span class='ocrx_word' id='word_1_9' title='bbox 685 479 872 545; x_wconf 84' lang='lat' dir='ltr'><strong>aequo</strong></span> <span class='ocrx_word' id='word_1_10' title='bbox 899 458 1058 522; x_wconf 80' lang='lat' dir='ltr'><strong>Jove</strong></span> <span class='ocrx_word' id='word_1_11' title='bbox 1081 459 1188 521; x_wconf 91' lang='lat' dir='ltr'><strong>hic</strong></span> <span class='ocrx_word' id='word_1_12' title='bbox 1213 458 1456 538; x_wconf 88' lang='lat' dir='ltr'><strong>judicat</strong></span> <span class='ocrx_word' id='word_1_13' title='bbox 1503 458 1817 522; x_wconf 86' lang='lat' dir='ltr'><strong>Barthius.</strong></span> <span class='ocrx_word' id='word_1_14' title='bbox 1852 458 2017 521; x_wconf 89' lang='lat' dir='ltr'><strong>Nam</strong></span> <span class='ocrx_word' id='word_1_15' title='bbox 2054 459 2299 548; x_wconf 83' lang='lat' dir='ltr'><strong>primo,</strong></span> <span class='ocrx_word' id='word_1_16' title='bbox 2334 461 2496 524; x_wconf 88' lang='lat' dir='ltr'><strong>alter</strong></span> 
     </span>
     <span class='ocr_line' id='line_1_3' title="bbox 371 558 2488 649; baseline 0 -26"><span class='ocrx_word' id='word_1_17' title='bbox 371 582 594 624; x_wconf 84' lang='lat' dir='ltr'><strong>versus</strong></span> <span class='ocrx_word' id='word_1_18' title='bbox 640 558 984 649; x_wconf 72' lang='lat' dir='ltr'><em>Sideraque</em></span> <span class='ocrx_word' id='word_1_19' title='bbox 1025 573 1086 625; x_wconf 84' lang='lat' dir='ltr'><strong>et</strong></span> <span class='ocrx_word' id='word_1_20' title='bbox 1129 559 1405 649; x_wconf 76' lang='lat' dir='ltr'><strong>liquidas</strong></span> <span class='ocrx_word' id='word_1_21' title='bbox 1442 558 1766 625; x_wconf 77' lang='lat' dir='ltr'><strong>redimitas</strong></span> <span class='ocrx_word' id='word_1_22' title='bbox 1810 558 2085 649; x_wconf 76' lang='lat' dir='ltr'><strong>undique</strong></span> <span class='ocrx_word' id='word_1_23' title='bbox 2124 561 2488 649; x_wconf 63' lang='lat' dir='ltr'><strong>Nymphae,</strong></span> 
     </span>
     <span class='ocr_line' id='line_1_4' title="bbox 371 660 2497 750; baseline -0.001 -25"><span class='ocrx_word' id='word_1_24' title='bbox 371 684 565 749; x_wconf 90' lang='lat' dir='ltr'><strong>quam</strong></span> <span class='ocrx_word' id='word_1_25' title='bbox 591 662 852 750; x_wconf 90' lang='lat' dir='ltr'><strong>ineptus</strong></span> <span class='ocrx_word' id='word_1_26' title='bbox 895 678 961 726; x_wconf 89' lang='lat' dir='ltr'><strong>et</strong></span> <span class='ocrx_word' id='word_1_27' title='bbox 996 662 1212 727; x_wconf 88' lang='lat' dir='ltr'><strong>fatuus</strong></span> <span class='ocrx_word' id='word_1_28' title='bbox 1244 664 1370 729; x_wconf 85' lang='lat' dir='ltr'><strong>est!</strong></span> <span class='ocrx_word' id='word_1_29' title='bbox 1405 662 1488 725; x_wconf 87' lang='lat' dir='ltr'><strong>Et</strong></span> <span class='ocrx_word' id='word_1_30' title='bbox 1512 660 1805 749; x_wconf 79' lang='lat' dir='ltr'><strong>quamvis</strong></span> <span class='ocrx_word' id='word_1_31' title='bbox 1836 661 1916 726; x_wconf 92' lang='lat' dir='ltr'><strong>cl.</strong></span> <span class='ocrx_word' id='word_1_32' title='bbox 1946 662 2187 726; x_wconf 86' lang='lat' dir='ltr'><strong>Anton.</strong></span> <span class='ocrx_word' id='word_1_33' title='bbox 2213 661 2295 725; x_wconf 84' lang='lat' dir='ltr'><strong>de</strong></span> <span class='ocrx_word' id='word_1_34' title='bbox 2314 662 2497 748; x_wconf 74' lang='lat' dir='ltr'><strong>Roqy·</strong></span> 
     </span>
     <span class='ocr_line' id='line_1_5' title="bbox 371 762 2501 852; baseline 0.001 -25"><span class='ocrx_word' id='word_1_35' title='bbox 371 762 585 852; x_wconf 87' lang='lat' dir='ltr'><strong>Spicil.</strong></span> <span class='ocrx_word' id='word_1_36' title='bbox 611 763 770 829; x_wconf 90' lang='lat' dir='ltr'><strong>Crit.</strong></span> <span class='ocrx_word' id='word_1_37' title='bbox 795 787 860 852; x_wconf 92' lang='lat' dir='ltr'><strong>p.</strong></span> <span class='ocrx_word' id='word_1_38' title='bbox 885 785 972 851; x_wconf 90' lang='lat'><strong>99</strong></span> <span class='ocrx_word' id='word_1_39' title='bbox 988 811 1008 845; x_wconf 94' lang='lat'><strong>,</strong></span> <span class='ocrx_word' id='word_1_40' title='bbox 1041 786 1419 828; x_wconf 82' lang='lat' dir='ltr'><strong>succurrere</strong></span> <span class='ocrx_word' id='word_1_41' title='bbox 1444 762 1897 828; x_wconf 84' lang='lat' dir='ltr'><strong>emendatione</strong></span> <span class='ocrx_word' id='word_1_42' title='bbox 1912 811 1931 843; x_wconf 93' lang='lat'><strong>,</strong></span> <span class='ocrx_word' id='word_1_43' title='bbox 1961 777 2025 826; x_wconf 91' lang='lat' dir='ltr'><strong>et</strong></span> <span class='ocrx_word' id='word_1_44' title='bbox 2051 762 2318 852; x_wconf 61' lang='lat' dir='ltr'><strong>{ymplu‘s</strong></span> <span class='ocrx_word' id='word_1_45' title='bbox 2337 767 2501 830; x_wconf 83' lang='lat' dir='ltr'><strong>redi-</strong></span> 
     </span>
     <span class='ocr_line' id='line_1_6' title="bbox 371 864 2492 953; baseline 0.002 -24"><span class='ocrx_word' id='word_1_46' title='bbox 371 867 556 929; x_wconf 78' lang='lat' dir='ltr'><strong>mitas</strong></span> <span class='ocrx_word' id='word_1_47' title='bbox 602 864 880 929; x_wconf 85' lang='lat' dir='ltr'><strong>scribere</strong></span> <span class='ocrx_word' id='word_1_48' title='bbox 932 865 1122 948; x_wconf 85' lang='lat' dir='ltr'><strong>velit,</strong></span> <span class='ocrx_word' id='word_1_49' title='bbox 1169 866 1410 929; x_wconf 90' lang='lat' dir='ltr'><strong>insulsa</strong></span> <span class='ocrx_word' id='word_1_50' title='bbox 1439 880 1659 929; x_wconf 84' lang='lat' dir='ltr'><strong>tamen</strong></span> <span class='ocrx_word' id='word_1_51' title='bbox 1688 880 1754 927; x_wconf 91' lang='lat' dir='ltr'><strong>et</strong></span> <span class='ocrx_word' id='word_1_52' title='bbox 1782 864 1922 928; x_wconf 79' lang='lat' dir='ltr'><strong>haec</strong></span> <span class='ocrx_word' id='word_1_53' title='bbox 1948 864 2198 953; x_wconf 79' lang='lat' dir='ltr'><strong>phrasis</strong></span> <span class='ocrx_word' id='word_1_54' title='bbox 2232 882 2298 929; x_wconf 89' lang='lat' dir='ltr'><strong>et</strong></span> <span class='ocrx_word' id='word_1_55' title='bbox 2330 869 2492 933; x_wconf 91' lang='lat' dir='ltr'><strong>nulli</strong></span> 
     </span>
     <span class='ocr_line' id='line_1_7' title="bbox 371 965 2491 1054; baseline 0.001 -25"><span class='ocrx_word' id='word_1_56' title='bbox 371 965 554 1030; x_wconf 87' lang='lat' dir='ltr'><strong>facile</strong></span> <span class='ocrx_word' id='word_1_57' title='bbox 579 982 784 1054; x_wconf 82' lang='lat' dir='ltr'><strong>poetae</strong></span> <span class='ocrx_word' id='word_1_58' title='bbox 813 966 1084 1054; x_wconf 86' lang='lat' dir='ltr'><strong>probata</strong></span> <span class='ocrx_word' id='word_1_59' title='bbox 1115 982 1228 1030; x_wconf 91' lang='lat' dir='ltr'><strong>est.</strong></span> <span class='ocrx_word' id='word_1_60' title='bbox 1261 966 1336 1029; x_wconf 88' lang='lat' dir='ltr'><strong>In</strong></span> <span class='ocrx_word' id='word_1_61' title='bbox 1365 965 1562 1030; x_wconf 89' lang='lat' dir='ltr'><strong>tertio</strong></span> <span class='ocrx_word' id='word_1_62' title='bbox 1592 986 1785 1029; x_wconf 78' lang='lat' dir='ltr'><strong>versu</strong></span> <span class='ocrx_word' id='word_1_63' title='bbox 1824 966 2088 1029; x_wconf 81' lang='lat' dir='ltr'><strong>Fecerat</strong></span> <span class='ocrx_word' id='word_1_64' title='bbox 2124 979 2187 1031; x_wconf 84' lang='lat' dir='ltr'><strong>et</strong></span> <span class='ocrx_word' id='word_1_65' title='bbox 2216 970 2379 1030; x_wconf 80' lang='lat' dir='ltr'><strong>mira</strong></span> <span class='ocrx_word' id='word_1_66' title='bbox 2411 967 2491 1031; x_wconf 78' lang='lat' dir='ltr'><strong>li-</strong></span> 
     </span>
     <span class='ocr_line' id='line_1_8' title="bbox 369 1063 2493 1155; baseline 0.001 -24"><span class='ocrx_word' id='word_1_67' title='bbox 369 1066 600 1155; x_wconf 74' lang='lat' dir='ltr'><strong>quidus</strong></span> <span class='ocrx_word' id='word_1_68' title='bbox 633 1067 940 1133; x_wconf 81' lang='lat' dir='ltr'><strong>Nereidas</strong></span> <span class='ocrx_word' id='word_1_69' title='bbox 985 1080 1158 1147; x_wconf 68' lang='lat' dir='ltr'><strong>arte,</strong></span> <span class='ocrx_word' id='word_1_70' title='bbox 1205 1082 1270 1131; x_wconf 90' lang='lat' dir='ltr'><strong>et</strong></span> <span class='ocrx_word' id='word_1_71' title='bbox 1319 1067 1627 1132; x_wconf 83' lang='lat' dir='ltr'><strong>Nereides</strong></span> <span class='ocrx_word' id='word_1_72' title='bbox 1678 1063 2006 1155; x_wconf 88' lang='lat' dir='ltr'><strong>superflue</strong></span> <span class='ocrx_word' id='word_1_73' title='bbox 2054 1066 2493 1151; x_wconf 64' lang='lat' dir='ltr'><strong>advocantur,</strong></span> 
     </span>
     <span class='ocr_line' id='line_1_9' title="bbox 369 1167 2494 1255; baseline 0.001 -22"><span class='ocrx_word' id='word_1_74' title='bbox 369 1168 694 1255; x_wconf 77' lang='lat' dir='ltr'><strong>Nymphis</strong></span> <span class='ocrx_word' id='word_1_75' title='bbox 729 1167 860 1246; x_wconf 87' lang='lat' dir='ltr'><strong>jam</strong></span> <span class='ocrx_word' id='word_1_76' title='bbox 891 1183 1040 1233; x_wconf 89' lang='lat' dir='ltr'><strong>ante</strong></span> <span class='ocrx_word' id='word_1_77' title='bbox 1077 1168 1459 1250; x_wconf 88' lang='lat' dir='ltr'><strong>nominatis,</strong></span> <span class='ocrx_word' id='word_1_78' title='bbox 1494 1184 1560 1232; x_wconf 88' lang='lat' dir='ltr'><strong>et</strong></span> <span class='ocrx_word' id='word_1_79' title='bbox 1602 1168 1722 1232; x_wconf 81' lang='lat' dir='ltr'><strong>illae</strong></span> <span class='ocrx_word' id='word_1_80' title='bbox 1752 1168 2029 1255; x_wconf 89' lang='lat' dir='ltr'><strong>repetito</strong></span> <span class='ocrx_word' id='word_1_81' title='bbox 2060 1169 2380 1235; x_wconf 78' lang='lat' dir='ltr'><strong>vocabulo</strong></span> <span class='ocrx_word' id='word_1_82' title='bbox 2412 1170 2494 1235; x_wconf 78' lang='lat' dir='ltr'><strong>li-</strong></span> 
     </span>
     <span class='ocr_line' id='line_1_10' title="bbox 368 1268 2495 1361; baseline 0.002 -28"><span class='ocrx_word' id='word_1_83' title='bbox 368 1268 584 1357; x_wconf 84' lang='lat' dir='ltr'><strong>quidoe</strong></span> <span class='ocrx_word' id='word_1_84' title='bbox 613 1268 1018 1357; x_wconf 80' lang='lat' dir='ltr'><strong>appellantur</strong></span> <span class='ocrx_word' id='word_1_85' title='bbox 1037 1285 1114 1334; x_wconf 92' lang='lat' dir='ltr'><strong>ut</strong></span> <span class='ocrx_word' id='word_1_86' title='bbox 1133 1269 1454 1358; x_wconf 66' lang='lat' dir='ltr'><strong>Nymphae</strong></span> <span class='ocrx_word' id='word_1_87' title='bbox 1470 1318 1487 1350; x_wconf 94' lang='lat'><strong>,</strong></span> <span class='ocrx_word' id='word_1_88' title='bbox 1522 1268 1703 1357; x_wconf 87' lang='lat' dir='ltr'><strong>quod</strong></span> <span class='ocrx_word' id='word_1_89' title='bbox 1725 1270 2023 1359; x_wconf 87' lang='lat' dir='ltr'><strong>pauperis</strong></span> <span class='ocrx_word' id='word_1_90' title='bbox 2057 1270 2298 1360; x_wconf 88' lang='lat' dir='ltr'><strong>ingenii</strong></span> <span class='ocrx_word' id='word_1_91' title='bbox 2324 1272 2495 1361; x_wconf 84' lang='lat' dir='ltr'><strong>glos-</strong></span> 
     </span>
     <span class='ocr_line' id='line_1_11' title="bbox 371 1369 2491 1459; baseline 0.003 -27"><span class='ocrx_word' id='word_1_92' title='bbox 371 1385 650 1433; x_wconf 80' lang='lat' dir='ltr'><strong>satorem</strong></span> <span class='ocrx_word' id='word_1_93' title='bbox 689 1370 870 1433; x_wconf 81' lang='lat' dir='ltr'><strong>facile</strong></span> <span class='ocrx_word' id='word_1_94' title='bbox 914 1370 1153 1459; x_wconf 87' lang='lat' dir='ltr'><strong>prodit.</strong></span> <span class='ocrx_word' id='word_1_95' title='bbox 1188 1369 1438 1435; x_wconf 89' lang='lat' dir='ltr'><strong>Deinde</strong></span> <span class='ocrx_word' id='word_1_96' title='bbox 1470 1370 1643 1435; x_wconf 89' lang='lat' dir='ltr'><strong>idem</strong></span> <span class='ocrx_word' id='word_1_97' title='bbox 1676 1392 1899 1435; x_wconf 82' lang='lat' dir='ltr'><strong>versus</strong></span> <span class='ocrx_word' id='word_1_98' title='bbox 1945 1372 2210 1437; x_wconf 79' lang='lat' dir='ltr'><strong>Fecerat</strong></span> <span class='ocrx_word' id='word_1_99' title='bbox 2237 1387 2330 1453; x_wconf 81' lang='lat' dir='ltr'><strong>et,</strong></span> <span class='ocrx_word' id='word_1_100' title='bbox 2369 1389 2491 1438; x_wconf 88' lang='lat' dir='ltr'><strong>etc.</strong></span> 
     </span>
     <span class='ocr_line' id='line_1_12' title="bbox 371 1470 2496 1560; baseline 0.004 -29"><span class='ocrx_word' id='word_1_101' title='bbox 371 1470 438 1533; x_wconf 90' lang='lat' dir='ltr'><strong>in</strong></span> <span class='ocrx_word' id='word_1_102' title='bbox 477 1470 710 1559; x_wconf 85' lang='lat' dir='ltr'><strong>Msptis</strong></span> <span class='ocrx_word' id='word_1_103' title='bbox 757 1470 950 1536; x_wconf 90' lang='lat' dir='ltr'><strong>codd.</strong></span> <span class='ocrx_word' id='word_1_104' title='bbox 993 1472 1205 1537; x_wconf 83' lang='lat' dir='ltr'><strong>Guelf.</strong></span> <span class='ocrx_word' id='word_1_105' title='bbox 1252 1495 1278 1535; x_wconf 91' lang='lat'>1</span> <span class='ocrx_word' id='word_1_106' title='bbox 1336 1487 1402 1536; x_wconf 94' lang='lat' dir='ltr'><strong>et</strong></span> <span class='ocrx_word' id='word_1_107' title='bbox 1427 1495 1500 1554; x_wconf 83' lang='lat'><strong>2,</strong></span> <span class='ocrx_word' id='word_1_108' title='bbox 1537 1494 1821 1560; x_wconf 87' lang='lat' dir='ltr'><strong>quorum</strong></span> <span class='ocrx_word' id='word_1_109' title='bbox 1852 1473 2015 1537; x_wconf 90' lang='lat' dir='ltr'><strong>mihi</strong></span> <span class='ocrx_word' id='word_1_110' title='bbox 2043 1496 2177 1538; x_wconf 93' lang='lat' dir='ltr'><strong>non</strong></span> <span class='ocrx_word' id='word_1_111' title='bbox 2215 1476 2369 1539; x_wconf 87' lang='lat' dir='ltr'><strong>levis</strong></span> <span class='ocrx_word' id='word_1_112' title='bbox 2398 1492 2496 1540; x_wconf 89' lang='lat' dir='ltr'><strong>est</strong></span> 
     </span>
     <span class='ocr_line' id='line_1_13' title="bbox 369 1571 2495 1662; baseline 0.002 -27"><span class='ocrx_word' id='word_1_113' title='bbox 369 1571 748 1653; x_wconf 85' lang='lat' dir='ltr'><strong>auctoritas,</strong></span> <span class='ocrx_word' id='word_1_114' title='bbox 795 1573 960 1637; x_wconf 84' lang='lat' dir='ltr'><strong>infra</strong></span> <span class='ocrx_word' id='word_1_115' title='bbox 996 1590 1144 1662; x_wconf 87' lang='lat' dir='ltr'><strong>post</strong></span> <span class='ocrx_word' id='word_1_116' title='bbox 1173 1595 1339 1638; x_wconf 77' lang='lat' dir='ltr'><strong>vers.</strong></span> <span class='ocrx_word' id='word_1_117' title='bbox 1383 1572 1513 1660; x_wconf 87' lang='lat'><strong>879</strong></span> <span class='ocrx_word' id='word_1_118' title='bbox 1549 1574 1891 1662; x_wconf 82' lang='lat' dir='ltr'><strong>repetitur,</strong></span> <span class='ocrx_word' id='word_1_119' title='bbox 1938 1574 2053 1639; x_wconf 85' lang='lat' dir='ltr'><strong>ubi</strong></span> <span class='ocrx_word' id='word_1_120' title='bbox 2095 1597 2249 1640; x_wconf 90' lang='lat' dir='ltr'><strong>sane</strong></span> <span class='ocrx_word' id='word_1_121' title='bbox 2286 1576 2495 1640; x_wconf 90' lang='lat' dir='ltr'><strong>multo</strong></span> 
     </span>
     <span class='ocr_line' id='line_1_14' title="bbox 369 1672 2496 1762; baseline 0.001 -26"><span class='ocrx_word' id='word_1_122' title='bbox 369 1672 618 1760; x_wconf 81' lang='lat' dir='ltr'><strong>aptiore</strong></span> <span class='ocrx_word' id='word_1_123' title='bbox 659 1674 804 1737; x_wconf 91' lang='lat' dir='ltr'><strong>loco</strong></span> <span class='ocrx_word' id='word_1_124' title='bbox 848 1674 1097 1761; x_wconf 85' lang='lat' dir='ltr'><strong>positus</strong></span> <span class='ocrx_word' id='word_1_125' title='bbox 1143 1673 1438 1762; x_wconf 84' lang='lat' dir='ltr'><strong>adparet,</strong></span> <span class='ocrx_word' id='word_1_126' title='bbox 1480 1689 1549 1738; x_wconf 88' lang='lat' dir='ltr'><strong>et</strong></span> <span class='ocrx_word' id='word_1_127' title='bbox 1583 1673 1895 1739; x_wconf 81' lang='lat' dir='ltr'><strong>Nereides</strong></span> <span class='ocrx_word' id='word_1_128' title='bbox 1936 1690 2089 1762; x_wconf 90' lang='lat' dir='ltr'><strong>post</strong></span> <span class='ocrx_word' id='word_1_129' title='bbox 2119 1675 2279 1739; x_wconf 86' lang='lat' dir='ltr'><strong>alios</strong></span> <span class='ocrx_word' id='word_1_130' title='bbox 2323 1678 2496 1740; x_wconf 86' lang='lat' dir='ltr'><strong>Deos</strong></span> 
     </span>
     <span class='ocr_line' id='line_1_15' title="bbox 373 1774 2492 1841; baseline 0.001 -3"><span class='ocrx_word' id='word_1_131' title='bbox 373 1774 654 1838; x_wconf 87' lang='lat' dir='ltr'><strong>marinos</strong></span> <span class='ocrx_word' id='word_1_132' title='bbox 667 1774 1110 1839; x_wconf 87' lang='lat' dir='ltr'><strong>nominantur.</strong></span> <span class='ocrx_word' id='word_1_133' title='bbox 1129 1777 1370 1839; x_wconf 89' lang='lat' dir='ltr'><strong>Contra</strong></span> <span class='ocrx_word' id='word_1_134' title='bbox 1387 1775 1495 1838; x_wconf 90' lang='lat' dir='ltr'><strong>ille</strong></span> <span class='ocrx_word' id='word_1_135' title='bbox 1509 1796 1589 1839; x_wconf 90' lang='lat' dir='ltr'><strong>eo</strong></span> <span class='ocrx_word' id='word_1_136' title='bbox 1610 1774 1757 1838; x_wconf 87' lang='lat' dir='ltr'><strong>loco</strong></span> <span class='ocrx_word' id='word_1_137' title='bbox 1774 1774 1957 1838; x_wconf 86' lang='lat' dir='ltr'><strong>abest</strong></span> <span class='ocrx_word' id='word_1_138' title='bbox 1972 1775 2041 1837; x_wconf 92' lang='lat' dir='ltr'><strong>in</strong></span> <span class='ocrx_word' id='word_1_139' title='bbox 2061 1774 2205 1840; x_wconf 90' lang='lat' dir='ltr'><strong>cod.</strong></span> <span class='ocrx_word' id='word_1_140' title='bbox 2223 1776 2492 1841; x_wconf 86' lang='lat' dir='ltr'><strong>Helmst.</strong></span> 
     </span>
     <span class='ocr_line' id='line_1_16' title="bbox 372 1874 2495 1966; baseline 0.001 -27"><span class='ocrx_word' id='word_1_141' title='bbox 372 1892 437 1940; x_wconf 89' lang='lat' dir='ltr'><strong>et</strong></span> <span class='ocrx_word' id='word_1_142' title='bbox 461 1876 529 1940; x_wconf 92' lang='lat' dir='ltr'><strong>in</strong></span> <span class='ocrx_word' id='word_1_143' title='bbox 548 1875 942 1941; x_wconf 88' lang='lat' dir='ltr'><strong>editionibus</strong></span> <span class='ocrx_word' id='word_1_144' title='bbox 970 1876 1200 1940; x_wconf 90' lang='lat' dir='ltr'><strong>Torini</strong></span> <span class='ocrx_word' id='word_1_145' title='bbox 1219 1892 1285 1941; x_wconf 91' lang='lat' dir='ltr'><strong>et</strong></span> <span class='ocrx_word' id='word_1_146' title='bbox 1303 1875 1657 1964; x_wconf 91' lang='lat' dir='ltr'><strong>Spondani.</strong></span> <span class='ocrx_word' id='word_1_147' title='bbox 1692 1874 1883 1939; x_wconf 88' lang='lat' dir='ltr'><strong>Unde</strong></span> <span class='ocrx_word' id='word_1_148' title='bbox 1902 1874 2085 1940; x_wconf 82' lang='lat' dir='ltr'><strong>facile</strong></span> <span class='ocrx_word' id='word_1_149' title='bbox 2102 1876 2461 1966; x_wconf 85' lang='lat' dir='ltr'><strong>colligimus</strong></span> <span class='ocrx_word' id='word_1_150' title='bbox 2477 1927 2495 1959; x_wconf 90' lang='lat'><strong>,</strong></span> 
     </span>
     <span class='ocr_line' id='line_1_17' title="bbox 371 1976 2495 2067; baseline 0 -26"><span class='ocrx_word' id='word_1_151' title='bbox 371 2000 626 2041; x_wconf 86' lang='lat' dir='ltr'><strong>versum</strong></span> <span class='ocrx_word' id='word_1_152' title='bbox 669 2000 856 2059; x_wconf 89' lang='lat' dir='ltr'><strong>eum,</strong></span> <span class='ocrx_word' id='word_1_153' title='bbox 905 1979 959 2041; x_wconf 90' lang='lat' dir='ltr'><strong>si</strong></span> <span class='ocrx_word' id='word_1_154' title='bbox 993 1977 1190 2043; x_wconf 89' lang='lat' dir='ltr'><strong>modo</strong></span> <span class='ocrx_word' id='word_1_155' title='bbox 1229 1978 1366 2065; x_wconf 86' lang='lat' dir='ltr'><strong>ipse</strong></span> <span class='ocrx_word' id='word_1_156' title='bbox 1397 1977 1721 2067; x_wconf 84' lang='lat' dir='ltr'><strong>genuinus</strong></span> <span class='ocrx_word' id='word_1_157' title='bbox 1765 1992 1896 2057; x_wconf 88' lang='lat' dir='ltr'><strong>est,</strong></span> <span class='ocrx_word' id='word_1_158' title='bbox 1930 1976 1999 2039; x_wconf 91' lang='lat' dir='ltr'><strong>in</strong></span> <span class='ocrx_word' id='word_1_159' title='bbox 2032 1976 2293 2064; x_wconf 89' lang='lat' dir='ltr'><strong>optimis</strong></span> <span class='ocrx_word' id='word_1_160' title='bbox 2326 1980 2495 2043; x_wconf 84' lang='lat' dir='ltr'><strong>anti-</strong></span> 
     </span>
     <span class='ocr_line' id='line_1_18' title="bbox 371 2076 2493 2168; baseline 0 -25"><span class='ocrx_word' id='word_1_161' title='bbox 371 2080 694 2167; x_wconf 88' lang='lat' dir='ltr'><strong>quissimis</strong></span> <span class='ocrx_word' id='word_1_162' title='bbox 729 2077 1062 2145; x_wconf 87' lang='lat' dir='ltr'><strong>codicibus</strong></span> <span class='ocrx_word' id='word_1_163' title='bbox 1108 2079 1422 2168; x_wconf 80' lang='lat' dir='ltr'><strong>scriptum</strong></span> <span class='ocrx_word' id='word_1_164' title='bbox 1455 2101 1596 2143; x_wconf 87' lang='lat' dir='ltr'><strong>esse</strong></span> <span class='ocrx_word' id='word_1_165' title='bbox 1636 2093 1786 2166; x_wconf 90' lang='lat' dir='ltr'><strong>post</strong></span> <span class='ocrx_word' id='word_1_166' title='bbox 1832 2076 1994 2163; x_wconf 87' lang='lat'><strong>879,</strong></span> <span class='ocrx_word' id='word_1_167' title='bbox 2051 2076 2165 2141; x_wconf 89' lang='lat' dir='ltr'><strong>ubi</strong></span> <span class='ocrx_word' id='word_1_168' title='bbox 2214 2080 2397 2143; x_wconf 86' lang='lat' dir='ltr'><strong>locus</strong></span> <span class='ocrx_word' id='word_1_169' title='bbox 2436 2082 2493 2143; x_wconf 85' lang='lat' dir='ltr'><strong>ei</strong></span> 
     </span>
     <span class='ocr_line' id='line_1_19' title="bbox 369 2179 2493 2267; baseline 0 -22"><span class='ocrx_word' id='word_1_170' title='bbox 369 2180 1017 2245; x_wconf 79' lang='lat' dir='ltr'><strong>convenientissimus</strong></span> <span class='ocrx_word' id='word_1_171' title='bbox 1036 2196 1160 2263; x_wconf 88' lang='lat' dir='ltr'><strong>est,</strong></span> <span class='ocrx_word' id='word_1_172' title='bbox 1179 2180 1519 2246; x_wconf 87' lang='lat' dir='ltr'><strong>accessisse</strong></span> <span class='ocrx_word' id='word_1_173' title='bbox 1532 2203 1686 2244; x_wconf 83' lang='lat' dir='ltr'><strong>vero</strong></span> <span class='ocrx_word' id='word_1_174' title='bbox 1704 2180 2003 2267; x_wconf 89' lang='lat' dir='ltr'><strong>ineptum</strong></span> <span class='ocrx_word' id='word_1_175' title='bbox 2018 2179 2493 2263; x_wconf 83' lang='lat' dir='ltr'><strong>scholasticum,</strong></span> 
     </span>
     <span class='ocr_line' id='line_1_20' title="bbox 370 2280 2492 2371; baseline 0 -26"><span class='ocrx_word' id='word_1_176' title='bbox 370 2282 484 2371; x_wconf 87' lang='lat' dir='ltr'><strong>qui</strong></span> <span class='ocrx_word' id='word_1_177' title='bbox 516 2303 668 2345; x_wconf 87' lang='lat' dir='ltr'><strong>eum</strong></span> <span class='ocrx_word' id='word_1_178' title='bbox 701 2280 783 2346; x_wconf 88' lang='lat' dir='ltr'><strong>ad</strong></span> <span class='ocrx_word' id='word_1_179' title='bbox 815 2281 1314 2370; x_wconf 87' lang='lat' dir='ltr'><strong>descriptionem</strong></span> <span class='ocrx_word' id='word_1_180' title='bbox 1341 2280 1610 2362; x_wconf 89' lang='lat' dir='ltr'><strong>mundi,</strong></span> <span class='ocrx_word' id='word_1_181' title='bbox 1644 2302 1789 2367; x_wconf 82' lang='lat' dir='ltr'><strong>quae</strong></span> <span class='ocrx_word' id='word_1_182' title='bbox 1815 2280 2107 2344; x_wconf 81' lang='lat' dir='ltr'><strong>versibus</strong></span> <span class='ocrx_word' id='word_1_183' title='bbox 2142 2280 2268 2368; x_wconf 89' lang='lat'><strong>867</strong></span> <span class='ocrx_word' id='word_1_184' title='bbox 2300 2299 2365 2345; x_wconf 88' lang='lat' dir='ltr'><strong>et</strong></span> <span class='ocrx_word' id='word_1_185' title='bbox 2390 2306 2492 2347; x_wconf 90' lang='lat' dir='ltr'><strong>se-</strong></span> 
     </span>
     <span class='ocr_line' id='line_1_21' title="bbox 371 2376 2493 2471; baseline 0.001 -24"><span class='ocrx_word' id='word_1_186' title='bbox 371 2383 722 2471; x_wconf 90' lang='lat' dir='ltr'><strong>quentibus</strong></span> <span class='ocrx_word' id='word_1_187' title='bbox 745 2384 1147 2467; x_wconf 87' lang='lat' dir='ltr'><strong>continetur,</strong></span> <span class='ocrx_word' id='word_1_188' title='bbox 1180 2382 1539 2447; x_wconf 83' lang='lat' dir='ltr'><strong>ornandam</strong></span> <span class='ocrx_word' id='word_1_189' title='bbox 1566 2400 1761 2469; x_wconf 89' lang='lat' dir='ltr'><strong>atque</strong></span> <span class='ocrx_word' id='word_1_190' title='bbox 1786 2376 2230 2446; x_wconf 79' lang='lat' dir='ltr'><strong>illustrandam</strong></span> <span class='ocrx_word' id='word_1_191' title='bbox 2253 2399 2493 2450; x_wconf 87' lang='lat' dir='ltr'><strong>temere</strong></span> 
     </span>
     <span class='ocr_line' id='line_1_22' title="bbox 371 2480 2494 2572; baseline 0.001 -24"><span class='ocrx_word' id='word_1_192' title='bbox 371 2484 740 2549; x_wconf 87' lang='lat' dir='ltr'><strong>retraheret.</strong></span> <span class='ocrx_word' id='word_1_193' title='bbox 795 2484 948 2566; x_wconf 89' lang='lat' dir='ltr'><strong>Quo</strong></span> <span class='ocrx_word' id='word_1_194' title='bbox 984 2485 1130 2549; x_wconf 87' lang='lat' dir='ltr'><strong>loco</strong></span> <span class='ocrx_word' id='word_1_195' title='bbox 1166 2482 1472 2571; x_wconf 90' lang='lat' dir='ltr'><strong>deinceps</strong></span> <span class='ocrx_word' id='word_1_196' title='bbox 1508 2506 1547 2547; x_wconf 89' lang='lat' dir='ltr'><strong>a</strong></span> <span class='ocrx_word' id='word_1_197' title='bbox 1590 2482 1913 2571; x_wconf 87' lang='lat' dir='ltr'><strong>plerisque</strong></span> <span class='ocrx_word' id='word_1_198' title='bbox 1947 2480 2453 2572; x_wconf 88' lang='lat' dir='ltr'><strong>descriptoribus</strong></span> <span class='ocrx_word' id='word_1_199' title='bbox 2474 2537 2494 2570; x_wconf 91' lang='lat'><strong>,</strong></span> 
     </span>
     <span class='ocr_line' id='line_1_23' title="bbox 371 2584 2489 2674; baseline 0.001 -25"><span class='ocrx_word' id='word_1_200' title='bbox 371 2586 486 2673; x_wconf 88' lang='lat' dir='ltr'><strong>qui</strong></span> <span class='ocrx_word' id='word_1_201' title='bbox 511 2607 726 2672; x_wconf 87' lang='lat' dir='ltr'><strong>neque</strong></span> <span class='ocrx_word' id='word_1_202' title='bbox 759 2584 1202 2674; x_wconf 84' lang='lat' dir='ltr'><strong>intelligebant</strong></span> <span class='ocrx_word' id='word_1_203' title='bbox 1233 2598 1565 2671; x_wconf 85' lang='lat' dir='ltr'><strong>suspectos</strong></span> <span class='ocrx_word' id='word_1_204' title='bbox 1595 2604 1847 2665; x_wconf 82' lang='lat' dir='ltr'><strong>versus,</strong></span> <span class='ocrx_word' id='word_1_205' title='bbox 1882 2606 2096 2671; x_wconf 87' lang='lat' dir='ltr'><strong>neque</strong></span> <span class='ocrx_word' id='word_1_206' title='bbox 2137 2584 2489 2674; x_wconf 88' lang='lat' dir='ltr'><strong>quidquam</strong></span> 
     </span>
     <span class='ocr_line' id='line_1_24' title="bbox 369 2684 2566 2764; baseline 0 -13"><span class='ocrx_word' id='word_1_207' title='bbox 369 2703 610 2753; x_wconf 88' lang='lat' dir='ltr'><strong>temere</strong></span> <span class='ocrx_word' id='word_1_208' title='bbox 629 2702 880 2751; x_wconf 89' lang='lat' dir='ltr'><strong>mutare</strong></span> <span class='ocrx_word' id='word_1_209' title='bbox 895 2702 1010 2751; x_wconf 89' lang='lat' dir='ltr'><strong>aut</strong></span> <span class='ocrx_word' id='word_1_210' title='bbox 1029 2687 1328 2750; x_wconf 89' lang='lat' dir='ltr'><strong>omittere</strong></span> <span class='ocrx_word' id='word_1_211' title='bbox 1355 2684 1709 2764; x_wconf 88' lang='lat' dir='ltr'><strong>audebant,</strong></span> <span class='ocrx_word' id='word_1_212' title='bbox 1732 2684 1990 2748; x_wconf 88' lang='lat' dir='ltr'><strong>relictus</strong></span> <span class='ocrx_word' id='word_1_213' title='bbox 2008 2701 2135 2764; x_wconf 86' lang='lat' dir='ltr'><strong>est,</strong></span> <span class='ocrx_word' id='word_1_214' title='bbox 2169 2685 2257 2749; x_wconf 87' lang='lat' dir='ltr'><strong>ita</strong></span> <span class='ocrx_word' id='word_1_215' title='bbox 2276 2703 2491 2752; x_wconf 84' lang='lat' dir='ltr'><strong>tamen</strong></span> <span class='ocrx_word' id='word_1_216' title='bbox 2562 2731 2566 2739; x_wconf 92' lang='lat'>·</span> 
     </span>
     <span class='ocr_line' id='line_1_25' title="bbox 371 2785 2492 2877; baseline 0 -24"><span class='ocrx_word' id='word_1_217' title='bbox 371 2807 446 2855; x_wconf 89' lang='lat' dir='ltr'><strong>ut</strong></span> <span class='ocrx_word' id='word_1_218' title='bbox 469 2789 611 2870; x_wconf 88' lang='lat' dir='ltr'><strong>alii,</strong></span> <span class='ocrx_word' id='word_1_219' title='bbox 665 2789 778 2877; x_wconf 89' lang='lat' dir='ltr'><strong>qui</strong></span> <span class='ocrx_word' id='word_1_220' title='bbox 811 2792 963 2851; x_wconf 81' lang='lat' dir='ltr'><strong>eum</strong></span> <span class='ocrx_word' id='word_1_221' title='bbox 992 2810 1113 2853; x_wconf 89' lang='lat' dir='ltr'><strong>suo</strong></span> <span class='ocrx_word' id='word_1_222' title='bbox 1145 2787 1291 2852; x_wconf 95' lang='lat' dir='ltr'><strong>loco</strong></span> <span class='ocrx_word' id='word_1_223' title='bbox 1321 2802 1470 2875; x_wconf 87' lang='lat' dir='ltr'><strong>post</strong></span> <span class='ocrx_word' id='word_1_224' title='bbox 1490 2809 1551 2849; x_wconf 83' lang='lat' dir='ltr'><strong>v.</strong></span> <span class='ocrx_word' id='word_1_225' title='bbox 1580 2786 1708 2871; x_wconf 89' lang='lat'><strong>879</strong></span> <span class='ocrx_word' id='word_1_226' title='bbox 1737 2785 2025 2873; x_wconf 87' lang='lat' dir='ltr'><strong>positum</strong></span> <span class='ocrx_word' id='word_1_227' title='bbox 2049 2786 2114 2849; x_wconf 92' lang='lat' dir='ltr'><strong>in</strong></span> <span class='ocrx_word' id='word_1_228' title='bbox 2148 2786 2286 2851; x_wconf 90' lang='lat' dir='ltr'><strong>aliis</strong></span> <span class='ocrx_word' id='word_1_229' title='bbox 2311 2790 2492 2855; x_wconf 89' lang='lat' dir='ltr'><strong>codi-</strong></span> 
     </span>
     <span class='ocr_line' id='line_1_26' title="bbox 368 2886 2491 2978; baseline 0 -23"><span class='ocrx_word' id='word_1_230' title='bbox 368 2890 552 2955; x_wconf 87' lang='lat' dir='ltr'><strong>cibus</strong></span> <span class='ocrx_word' id='word_1_231' title='bbox 580 2889 1023 2978; x_wconf 84' lang='lat' dir='ltr'><strong>reperiebant,</strong></span> <span class='ocrx_word' id='word_1_232' title='bbox 1057 2886 1302 2953; x_wconf 88' lang='lat' dir='ltr'><strong>ibidem</strong></span> <span class='ocrx_word' id='word_1_233' title='bbox 1333 2888 1554 2953; x_wconf 87' lang='lat' dir='ltr'><strong>denuo</strong></span> <span class='ocrx_word' id='word_1_234' title='bbox 1582 2902 1983 2974; x_wconf 87' lang='lat' dir='ltr'><strong>repeterent,</strong></span> <span class='ocrx_word' id='word_1_235' title='bbox 2015 2888 2081 2949; x_wconf 91' lang='lat' dir='ltr'><strong>in</strong></span> <span class='ocrx_word' id='word_1_236' title='bbox 2119 2888 2357 2976; x_wconf 86' lang='lat' dir='ltr'><strong>quibus</strong></span> <span class='ocrx_word' id='word_1_237' title='bbox 2394 2908 2491 2956; x_wconf 89' lang='lat' dir='ltr'><strong>est</strong></span> 
     </span>
     <span class='ocr_line' id='line_1_27' title="bbox 372 2986 2489 3076; baseline -0.001 -19"><span class='ocrx_word' id='word_1_238' title='bbox 372 2992 583 3057; x_wconf 78' lang='lat' dir='ltr'><strong>Guelf.</strong></span> <span class='ocrx_word' id='word_1_239' title='bbox 639 3015 664 3054; x_wconf 91' lang='lat'>1</span> <span class='ocrx_word' id='word_1_240' title='bbox 719 3007 784 3056; x_wconf 88' lang='lat' dir='ltr'><strong>et</strong></span> <span class='ocrx_word' id='word_1_241' title='bbox 830 3012 886 3055; x_wconf 86' lang='lat'><strong>2.</strong></span> <span class='ocrx_word' id='word_1_242' title='bbox 925 2988 1126 3073; x_wconf 88' lang='lat' dir='ltr'><strong>Quod</strong></span> <span class='ocrx_word' id='word_1_243' title='bbox 1169 2990 1274 3053; x_wconf 90' lang='lat' dir='ltr'><strong>ille</strong></span> <span class='ocrx_word' id='word_1_244' title='bbox 1321 2987 1553 3054; x_wconf 90' lang='lat' dir='ltr'><strong>eodem</strong></span> <span class='ocrx_word' id='word_1_245' title='bbox 1585 2988 1731 3053; x_wconf 94' lang='lat' dir='ltr'><strong>loco</strong></span> <span class='ocrx_word' id='word_1_246' title='bbox 1782 2986 2051 3076; x_wconf 87' lang='lat' dir='ltr'><strong>legitur,</strong></span> <span class='ocrx_word' id='word_1_247' title='bbox 2102 3011 2236 3075; x_wconf 90' lang='lat' dir='ltr'><strong>quo</strong></span> <span class='ocrx_word' id='word_1_248' title='bbox 2269 3012 2489 3055; x_wconf 84' lang='lat' dir='ltr'><strong>versus</strong></span> 
     </span>
     <span class='ocr_line' id='line_1_28' title="bbox 368 3086 2489 3182; baseline -0.002 -25"><span class='ocrx_word' id='word_1_249' title='bbox 368 3094 558 3182; x_wconf 88' lang='lat' dir='ltr'><strong>plane</strong></span> <span class='ocrx_word' id='word_1_250' title='bbox 603 3092 820 3156; x_wconf 82' lang='lat' dir='ltr'><strong>fatuus</strong></span> <span class='ocrx_word' id='word_1_251' title='bbox 859 3108 926 3155; x_wconf 89' lang='lat' dir='ltr'><strong>et</strong></span> <span class='ocrx_word' id='word_1_252' title='bbox 951 3091 1181 3155; x_wconf 88' lang='lat' dir='ltr'><strong>misere</strong></span> <span class='ocrx_word' id='word_1_253' title='bbox 1217 3090 1647 3179; x_wconf 88' lang='lat' dir='ltr'><strong>compositus,</strong></span> <span class='ocrx_word' id='word_1_254' title='bbox 1678 3108 1912 3177; x_wconf 86' lang='lat' dir='ltr'><strong>nempe</strong></span> <span class='ocrx_word' id='word_1_255' title='bbox 1938 3086 2099 3167; x_wconf 86' lang='lat'><strong>868,</strong></span> <span class='ocrx_word' id='word_1_256' title='bbox 2140 3088 2489 3173; x_wconf 79' lang='lat' dir='ltr'><strong>antecedit,</strong></span> 
     </span>
     <span class='ocr_line' id='line_1_29' title="bbox 369 3189 2492 3281; baseline -0 -24"><span class='ocrx_word' id='word_1_257' title='bbox 369 3195 498 3259; x_wconf 92' lang='lat' dir='ltr'><strong>hoc</strong></span> <span class='ocrx_word' id='word_1_258' title='bbox 528 3192 942 3259; x_wconf 83' lang='lat' dir='ltr'><strong>manifestum</strong></span> <span class='ocrx_word' id='word_1_259' title='bbox 987 3190 1500 3281; x_wconf 86' lang='lat' dir='ltr'><strong>interpolationis</strong></span> <span class='ocrx_word' id='word_1_260' title='bbox 1552 3189 1869 3254; x_wconf 87' lang='lat' dir='ltr'><strong>indicium</strong></span> <span class='ocrx_word' id='word_1_261' title='bbox 1916 3205 2029 3253; x_wconf 89' lang='lat' dir='ltr'><strong>est.</strong></span> <span class='ocrx_word' id='word_1_262' title='bbox 2086 3190 2385 3277; x_wconf 88' lang='lat' dir='ltr'><strong>Denique</strong></span> <span class='ocrx_word' id='word_1_263' title='bbox 2427 3209 2492 3257; x_wconf 92' lang='lat' dir='ltr'><strong>et</strong></span> 
     </span>
     <span class='ocr_line' id='line_1_30' title="bbox 371 3290 2490 3381; baseline -0.001 -21"><span class='ocrx_word' id='word_1_264' title='bbox 371 3296 500 3360; x_wconf 91' lang='lat' dir='ltr'><strong>hoc</strong></span> <span class='ocrx_word' id='word_1_265' title='bbox 525 3293 1069 3360; x_wconf 90' lang='lat' dir='ltr'><strong>considerandum</strong></span> <span class='ocrx_word' id='word_1_266' title='bbox 1091 3308 1218 3369; x_wconf 87' lang='lat' dir='ltr'><strong>est,</strong></span> <span class='ocrx_word' id='word_1_267' title='bbox 1250 3309 1584 3358; x_wconf 89' lang='lat' dir='ltr'><strong>auctorem</strong></span> <span class='ocrx_word' id='word_1_268' title='bbox 1612 3292 1679 3355; x_wconf 92' lang='lat' dir='ltr'><strong>in</strong></span> <span class='ocrx_word' id='word_1_269' title='bbox 1703 3290 2022 3379; x_wconf 89' lang='lat' dir='ltr'><strong>principio</strong></span> <span class='ocrx_word' id='word_1_270' title='bbox 2044 3290 2490 3381; x_wconf 83' lang='lat' dir='ltr'><strong>descriptionis</strong></span> 
     </span>
     <span class='ocr_line' id='line_1_31' title="bbox 369 3391 2491 3484; baseline 0 -24"><span class='ocrx_word' id='word_1_271' title='bbox 369 3397 574 3484; x_wconf 84' lang='lat' dir='ltr'><strong>clypei</strong></span> <span class='ocrx_word' id='word_1_272' title='bbox 608 3395 877 3462; x_wconf 87' lang='lat' dir='ltr'><strong>Achillei</strong></span> <span class='ocrx_word' id='word_1_273' title='bbox 919 3395 1204 3483; x_wconf 86' lang='lat' dir='ltr'><strong>potiores</strong></span> <span class='ocrx_word' id='word_1_274' title='bbox 1235 3393 1464 3458; x_wconf 91' lang='lat' dir='ltr'><strong>mundi</strong></span> <span class='ocrx_word' id='word_1_275' title='bbox 1483 3442 1503 3474; x_wconf 88' lang='lat'><strong>,</strong></span> <span class='ocrx_word' id='word_1_276' title='bbox 1541 3394 1609 3457; x_wconf 90' lang='lat' dir='ltr'><strong>in</strong></span> <span class='ocrx_word' id='word_1_277' title='bbox 1658 3414 1737 3457; x_wconf 91' lang='lat' dir='ltr'><strong>eo</strong></span> <span class='ocrx_word' id='word_1_278' title='bbox 1770 3391 2057 3482; x_wconf 84' lang='lat' dir='ltr'><strong>figurati,</strong></span> <span class='ocrx_word' id='word_1_279' title='bbox 2089 3411 2300 3483; x_wconf 88' lang='lat' dir='ltr'><strong>partes</strong></span> <span class='ocrx_word' id='word_1_280' title='bbox 2328 3396 2491 3461; x_wconf 82' lang='lat' dir='ltr'><strong>velle</strong></span> 
     </span>
     <span class='ocr_line' id='line_1_32' title="bbox 369 3492 2487 3583; baseline 0 -22"><span class='ocrx_word' id='word_1_281' title='bbox 369 3498 703 3563; x_wconf 88' lang='lat' dir='ltr'><strong>nominare</strong></span> <span class='ocrx_word' id='word_1_282' title='bbox 720 3545 740 3579; x_wconf 99' lang='lat'><strong>,</strong></span> <span class='ocrx_word' id='word_1_283' title='bbox 790 3497 1047 3577; x_wconf 82' lang='lat' dir='ltr'><strong>caelum,</strong></span> <span class='ocrx_word' id='word_1_284' title='bbox 1101 3512 1296 3559; x_wconf 87' lang='lat' dir='ltr'><strong>terras</strong></span> <span class='ocrx_word' id='word_1_285' title='bbox 1315 3544 1334 3575; x_wconf 90' lang='lat'><strong>,</strong></span> <span class='ocrx_word' id='word_1_286' title='bbox 1379 3518 1597 3559; x_wconf 87' lang='lat' dir='ltr'><strong>mare:</strong></span> <span class='ocrx_word' id='word_1_287' title='bbox 1631 3492 1933 3583; x_wconf 86' lang='lat' dir='ltr'><strong>progredi</strong></span> <span class='ocrx_word' id='word_1_288' title='bbox 1975 3492 2213 3559; x_wconf 87' lang='lat' dir='ltr'><strong>deinde</strong></span> <span class='ocrx_word' id='word_1_289' title='bbox 2256 3494 2337 3559; x_wconf 85' lang='lat' dir='ltr'><strong>ad</strong></span> <span class='ocrx_word' id='word_1_290' title='bbox 2382 3519 2453 3561; x_wconf 91' lang='lat' dir='ltr'><strong>ea</strong></span> <span class='ocrx_word' id='word_1_291' title='bbox 2470 3546 2487 3577; x_wconf 95' lang='lat'><strong>,</strong></span> 
     </span>
     <span class='ocr_line' id='line_1_33' title="bbox 371 3594 2489 3689; baseline -0.001 -25"><span class='ocrx_word' id='word_1_292' title='bbox 371 3622 514 3687; x_wconf 81' lang='lat' dir='ltr'><strong>quae</strong></span> <span class='ocrx_word' id='word_1_293' title='bbox 567 3598 834 3689; x_wconf 86' lang='lat' dir='ltr'><strong>singulis</strong></span> <span class='ocrx_word' id='word_1_294' title='bbox 872 3597 1153 3661; x_wconf 84' lang='lat' dir='ltr'><strong>universi</strong></span> <span class='ocrx_word' id='word_1_295' title='bbox 1188 3596 1478 3685; x_wconf 89' lang='lat' dir='ltr'><strong>partibus</strong></span> <span class='ocrx_word' id='word_1_296' title='bbox 1524 3597 1780 3676; x_wconf 88' lang='lat' dir='ltr'><strong>insunt,</strong></span> <span class='ocrx_word' id='word_1_297' title='bbox 1828 3594 1913 3660; x_wconf 93' lang='lat' dir='ltr'><strong>ad</strong></span> <span class='ocrx_word' id='word_1_298' title='bbox 1957 3595 2165 3660; x_wconf 85' lang='lat' dir='ltr'><strong>sidera</strong></span> <span class='ocrx_word' id='word_1_299' title='bbox 2196 3597 2361 3679; x_wconf 64' lang='lat' dir='ltr'><strong>caeli,</strong></span> <span class='ocrx_word' id='word_1_300' title='bbox 2408 3598 2489 3662; x_wconf 88' lang='lat' dir='ltr'><strong>ad</strong></span> 
     </span>
     <span class='ocr_line' id='line_1_34' title="bbox 371 3695 2491 3781; baseline -0 -16"><span class='ocrx_word' id='word_1_301' title='bbox 371 3702 562 3765; x_wconf 88' lang='lat' dir='ltr'><strong>maris</strong></span> <span class='ocrx_word' id='word_1_302' title='bbox 597 3702 801 3781; x_wconf 91' lang='lat' dir='ltr'><strong>Deos,</strong></span> <span class='ocrx_word' id='word_1_303' title='bbox 834 3699 916 3763; x_wconf 91' lang='lat' dir='ltr'><strong>ad</strong></span> <span class='ocrx_word' id='word_1_304' title='bbox 948 3715 1130 3763; x_wconf 81' lang='lat' dir='ltr'><strong>terrae</strong></span> <span class='ocrx_word' id='word_1_305' title='bbox 1158 3696 1350 3761; x_wconf 82' lang='lat' dir='ltr'><strong>urbes</strong></span> <span class='ocrx_word' id='word_1_306' title='bbox 1380 3714 1445 3761; x_wconf 92' lang='lat' dir='ltr'><strong>et</strong></span> <span class='ocrx_word' id='word_1_307' title='bbox 1470 3697 1881 3761; x_wconf 56' lang='lat' dir='ltr'><strong>habitatore&amp;</strong></span> <span class='ocrx_word' id='word_1_308' title='bbox 1915 3695 2114 3779; x_wconf 88' lang='lat' dir='ltr'><strong>Quod</strong></span> <span class='ocrx_word' id='word_1_309' title='bbox 2142 3710 2293 3762; x_wconf 88' lang='lat' dir='ltr'><strong>eum</strong></span> <span class='ocrx_word' id='word_1_310' title='bbox 2320 3698 2491 3765; x_wconf 85' lang='lat' dir='ltr'><strong>vide-</strong></span> 
     </span>
     <span class='ocr_line' id='line_1_35' title="bbox 370 3797 2485 3891; baseline -0.001 -24"><span class='ocrx_word' id='word_1_311' title='bbox 370 3826 514 3867; x_wconf 87' lang='lat' dir='ltr'><strong>mus</strong></span> <span class='ocrx_word' id='word_1_312' title='bbox 559 3803 745 3891; x_wconf 88' lang='lat' dir='ltr'><strong>plane</strong></span> <span class='ocrx_word' id='word_1_313' title='bbox 775 3800 856 3865; x_wconf 85' lang='lat' dir='ltr'><strong>ad</strong></span> <span class='ocrx_word' id='word_1_314' title='bbox 883 3802 1205 3887; x_wconf 83' lang='lat' dir='ltr'><strong>exemplar</strong></span> <span class='ocrx_word' id='word_1_315' title='bbox 1240 3798 1454 3863; x_wconf 84' lang='lat' dir='ltr'><strong>Ovidii</strong></span> <span class='ocrx_word' id='word_1_316' title='bbox 1488 3799 1745 3880; x_wconf 82' lang='lat' dir='ltr'><strong>fecisse,</strong></span> <span class='ocrx_word' id='word_1_317' title='bbox 1783 3800 1897 3887; x_wconf 91' lang='lat' dir='ltr'><strong>qui</strong></span> <span class='ocrx_word' id='word_1_318' title='bbox 1934 3798 2001 3861; x_wconf 90' lang='lat' dir='ltr'><strong>in</strong></span> <span class='ocrx_word' id='word_1_319' title='bbox 2051 3797 2485 3886; x_wconf 88' lang='lat' dir='ltr'><strong>descriptione</strong></span> 
     </span>
     <span class='ocr_line' id='line_1_36' title="bbox 371 3899 2485 3994; baseline -0.001 -27"><span class='ocrx_word' id='word_1_320' title='bbox 371 3904 558 3994; x_wconf 80' lang='lat' dir='ltr'><strong>regiae</strong></span> <span class='ocrx_word' id='word_1_321' title='bbox 600 3903 800 3984; x_wconf 89' lang='lat' dir='ltr'><strong>Solis,</strong></span> <span class='ocrx_word' id='word_1_322' title='bbox 838 3902 1096 3967; x_wconf 84' lang='lat' dir='ltr'><strong>Metam.</strong></span> <span class='ocrx_word' id='word_1_323' title='bbox 1137 3902 1200 3965; x_wconf 91' lang='lat'><strong>11</strong></span> <span class='ocrx_word' id='word_1_324' title='bbox 1223 3950 1239 3981; x_wconf 89' lang='lat'><strong>,</strong></span> <span class='ocrx_word' id='word_1_325' title='bbox 1277 3899 1311 3964; x_wconf 82' lang='lat'><strong>5</strong></span> <span class='ocrx_word' id='word_1_326' title='bbox 1343 3923 1521 3987; x_wconf 89' lang='lat' dir='ltr'><strong>seqq.</strong></span> <span class='ocrx_word' id='word_1_327' title='bbox 1551 3922 1839 3988; x_wconf 66' lang='lat' dir='ltr'><strong>aequore,</strong></span> <span class='ocrx_word' id='word_1_328' title='bbox 1879 3916 2047 3963; x_wconf 88' lang='lat' dir='ltr'><strong>terra</strong></span> <span class='ocrx_word' id='word_1_329' title='bbox 2078 3915 2145 3963; x_wconf 87' lang='lat' dir='ltr'><strong>et</strong></span> <span class='ocrx_word' id='word_1_330' title='bbox 2174 3902 2327 3965; x_wconf 83' lang='lat' dir='ltr'><strong>caelo</strong></span> <span class='ocrx_word' id='word_1_331' title='bbox 2364 3926 2485 3965; x_wconf 83' lang='lat' dir='ltr'><strong>no-</strong></span> 
     </span>
     <span class='ocr_line' id='line_1_37' title="bbox 373 4000 2488 4091; baseline -0 -22"><span class='ocrx_word' id='word_1_332' title='bbox 373 4005 657 4085; x_wconf 83' lang='lat' dir='ltr'><strong>minatis,</strong></span> <span class='ocrx_word' id='word_1_333' title='bbox 690 4021 837 4091; x_wconf 91' lang='lat' dir='ltr'><strong>post</strong></span> <span class='ocrx_word' id='word_1_334' title='bbox 879 4002 1110 4068; x_wconf 86' lang='lat' dir='ltr'><strong>eodem</strong></span> <span class='ocrx_word' id='word_1_335' title='bbox 1143 4001 1370 4067; x_wconf 85' lang='lat' dir='ltr'><strong>ordine</strong></span> <span class='ocrx_word' id='word_1_336' title='bbox 1403 4001 1782 4066; x_wconf 85' lang='lat' dir='ltr'><strong>eorumdem</strong></span> <span class='ocrx_word' id='word_1_337' title='bbox 1825 4000 1994 4064; x_wconf 89' lang='lat' dir='ltr'><strong>Deos</strong></span> <span class='ocrx_word' id='word_1_338' title='bbox 2027 4016 2092 4065; x_wconf 86' lang='lat' dir='ltr'><strong>ct</strong></span> <span class='ocrx_word' id='word_1_339' title='bbox 2122 4002 2361 4067; x_wconf 76' lang='lat' dir='ltr'><strong>incolas</strong></span> <span class='ocrx_word' id='word_1_340' title='bbox 2400 4006 2488 4068; x_wconf 88' lang='lat' dir='ltr'><strong>si-</strong></span> 
     </span>
     <span class='ocr_line' id='line_1_38' title="bbox 371 4100 2490 4196; baseline -0.001 -25"><span class='ocrx_word' id='word_1_341' title='bbox 371 4106 638 4196; x_wconf 81' lang='lat' dir='ltr'><strong>gillatim</strong></span> <span class='ocrx_word' id='word_1_342' title='bbox 672 4120 980 4173; x_wconf 87' lang='lat' dir='ltr'><strong>recenset.</strong></span> <span class='ocrx_word' id='word_1_343' title='bbox 1017 4106 1254 4170; x_wconf 85' lang='lat' dir='ltr'><strong>Noster</strong></span> <span class='ocrx_word' id='word_1_344' title='bbox 1285 4104 1509 4167; x_wconf 81' lang='lat' dir='ltr'><strong>caelum</strong></span> <span class='ocrx_word' id='word_1_345' title='bbox 1542 4102 1833 4166; x_wconf 89' lang='lat' dir='ltr'><strong>nominat</strong></span> <span class='ocrx_word' id='word_1_346' title='bbox 1866 4122 2057 4166; x_wconf 80' lang='lat' dir='ltr'><strong>versu</strong></span> <span class='ocrx_word' id='word_1_347' title='bbox 2088 4100 2210 4189; x_wconf 89' lang='lat'><strong>867</strong></span> <span class='ocrx_word' id='word_1_348' title='bbox 2232 4153 2249 4188; x_wconf 89' lang='lat'><strong>,</strong></span> <span class='ocrx_word' id='word_1_349' title='bbox 2292 4120 2490 4169; x_wconf 88' lang='lat' dir='ltr'><strong>terras</strong></span> 
     </span>
    </p>
   </div>
  </div>
 </body>
</html>
