2975 4684
1262 373 1481 443 AETN
1495 374 1572 442 A.

2388 365 2482 463 89

444 511 631 600 Quin
670 524 739 578 et
770 511 843 576 in
878 533 1064 578 arma
1106 509 1244 578 ruit
1285 531 1726 604 quaecumque
1765 508 2067 602 potentia
2101 507 2385 594 Divum;

445 625 593 691 Jam
624 623 809 690 Mars
847 643 1057 690 saevus
1086 634 1266 706 erat,
1294 620 1433 714 jam
1464 634 1700 690 caetera
1737 617 1935 686 turba
1976 619 2302 686 Deorum.
2430 635 2484 674 ⁰0

448 733 646 801 Stant
682 731 1019 824 utrimque
1055 744 1310 816 metus3
1338 728 1592 798 validos
1623 743 1766 798 tum
1803 727 2064 820 Jupiter
2093 726 2278 821 ignes

446 846 795 936 Increpat,
832 855 902 910 et
928 840 1113 936 jacto
1148 841 1504 936 proturbat
1538 838 1817 910 fulmine
1853 850 2144 906 montes.

358 981 367 988 ·
446 951 647 1024 Illinc
678 951 947 1022 devecta
978 966 1325 1022 verterunt
1356 965 1545 1047 terga
1583 951 1776 1020 ruina

448 1063 713 1133 [nfestae
738 1064 927 1134 Divis
956 1063 1161 1149 acies,
1196 1079 1397 1159 atque
1436 1064 1684 1157 impius
1717 1061 1927 1132 hostis

452 1176 757 1267 Praeceps
787 1197 941 1242 cum
974 1174 1207 1243 castris
1240 1174 1498 1268 agitur,
1543 1188 1886 1267 materque
1919 1171 2216 1264 jacentes
2439 1188 2490 1228 ⁶⁵

352 1366 560 1416 nucibus
576 1365 723 1430 ἕρπω,
743 1374 796 1414 et
813 1363 945 1418 360:
977 1387 1000 1410 e
1014 1361 1381 1435 Ardentesque

352 1441 516 1496 simul
532 1440 771 1496 flammas
796 1453 849 1495 et
865 1441 1091 1496 fulmina
1108 1443 1312 1514 rumpit
1327 1467 1373 1496 ιο.

430 1523 517 1596 59.
552 1525 682 1588 Quin
707 1537 759 1572 et
777 1524 828 1573 in
857 1541 1003 1573 arma
1020 1542 1040 1574 .-
1056 1522 1133 1575 sic
1151 1521 1381 1594 Scaliger

355 1613 412 1654 et
442 1599 673 1654 Pithoeus
692 1599 997 1656 edida-unt:
1026 1602 1243 1674 reliquo
1268 1621 1383 1656 om-

354 1698 453 1734 nes
496 1699 628 1734 mea
666 1687 831 1750 Aeque
871 1684 922 1732 in
957 1699 1116 1733 arma.
1154 1681 1379 1735 Helmst.

356 1758 521 1812 babet
538 1765 610 1811 Ee
631 1777 949 1828 qua-eumque
976 1761 1027 1811 in
1042 1799 1060 1822 ,
1086 1777 1211 1812 cum
1234 1761 1379 1813 lacu-

356 1855 451 1891 na.
498 1837 735 1907 Scaliger
776 1839 989 1892 volebat
1030 1843 1295 1909 AEqttaque
1330 1842 1383 1890 in

358 1937 507 1970 arma
523 1921 639 1972 ruit.

432 2000 521 2051 60.
545 2003 665 2050 Jam
681 2003 823 2050 Mars
836 2017 989 2050 smus
1008 2011 1137 2050 erae.
1164 1997 1249 2052 sic
1264 1997 1385 2052 Sca-

358 2077 496 2150 liger
520 2091 576 2132 et
592 2077 905 2131 Pithoeutet
928 2075 1181 2130 Gorauun
1208 2095 1272 2130 ex
1293 2077 1385 2129 Al-

362 2157 495 2211 dina
534 2156 623 2211 ed.
666 2156 771 2210 hoe
800 2167 911 2224 eat,
936 2161 1047 2231 jam
1072 2157 1265 2210 acriter
1286 2175 1387 2228 pu-

362 2237 568 2309 gnabat
581 2253 597 2289 ε
610 2236 825 2308 reliqum
840 2253 971 2290 men
988 2242 1057 2288 Ee
1074 2241 1233 2289 Mars.
1248 2235 1385 2308 Hag.

364 2320 476 2370 erit.
520 2315 695 2386 Luget.
723 2318 839 2385 jam
876 2330 925 2367 ee
964 2331 1157 2368 coeeera.
1192 2315 1388 2387 virgil.

364 2397 567 2468 Georg.
601 2397 665 2459 1,
700 2393 835 2448 511:
868 2395 1065 2449 «sevit
1100 2407 1210 2450 toto
1246 2395 1393 2449 Mars

366 2476 565 2550 impius
582 2476 713 2529 orbe
734 2499 776 2528 ι.
799 2475 1033 2547 Scaliger
1052 2473 1227 2546 legere
1243 2474 1390 2530 vult:

368 2581 395 2604 ι
420 2555 491 2610 Et
517 2555 733 2610 Mavors
752 2573 917 2609 saevuc
932 2592 948 2618 ,
968 2566 1022 2608 et
1036 2565 1223 2608 cetera
1239 2556 1395 2609 turba

366 2638 639 2700 Deorum,
677 2633 831 2688 Stant
852 2634 1123 2705 utrimque
1151 2649 1302 2688 metu
1328 2659 1350 2681 ι
1377 2673 1395 2700 ,

368 2712 521 2786 quod
542 2713 653 2768 dici
681 2731 835 2786 posse
864 2724 1018 2785 putat
1048 2712 1397 2785 quemadmo-

368 2793 504 2847 dum
543 2793 671 2846 alibi
702 2807 839 2846 stant
858 2795 1060 2860 pulvere
1090 2796 1257 2846 nubes.
1294 2792 1399 2849 Sed

370 2873 477 2928 boe
502 2891 694 2946 parum
715 2883 899 2945 aptum
917 2869 1146 2926 videtur.

444 2959 511 3008 61
522 2994 535 3006 .
561 2959 711 3006 Stant
734 2956 977 3021 utrimque
992 2966 1161 3004 metus.
1180 2951 1266 3006 Sic
1281 2970 1399 3004 om-

370 3051 469 3087 nes
486 3074 504 3100 ,
546 3033 601 3085 h.
641 3053 691 3087 e.
728 3032 787 3085 in
824 3043 1049 3103 utraque
1092 3031 1207 3086 acie
1256 3032 1359 3084 fuit
1381 3069 1398 3095 ,

370 3111 521 3185 quod
542 3111 711 3166 altera
730 3121 1002 3178 metueret.
1026 3115 1169 3162 Stare
1185 3129 1283 3181 pm
1301 3130 1403 3163 esse

372 3191 547 3264 poetis
588 3193 861 3265 frequens.
903 3189 1087 3244 Horat.
1134 3191 1313 3244 Carm.
1334 3191 1365 3243 1
1384 3229 1401 3256 ,

380 3274 445 3324 16
465 3312 481 3338 ,
510 3288 605 3340 19:
626 3297 662 3318 ·«
684 3270 884 3324 ultima
914 3281 1103 3323 stetere
1133 3287 1333 3322 caussa
1352 3295 1399 3323 n.

445 3354 535 3405 62.
568 3357 829 3418 Increpat,
859 3367 983 3404 cum
1011 3349 1213 3421 crepitu
1246 3349 1401 3402 emit-

374 3430 464 3484 tit:
498 3428 721 3484 ductum
747 3429 815 3482 ab
845 3429 910 3482 iis
929 3469 945 3496 ,
978 3429 1071 3502 qui
1088 3440 1333 3500 crepante
1350 3441 1403 3482 et

375 3509 689 3582 indignante
708 3528 839 3564 voce
864 3509 1129 3580 imperant
1158 3507 1291 3581 quid
1309 3520 1403 3562 aut

376 3589 695 3654 hortantur,
720 3599 783 3642 ut
798 3587 985 3660 virgil.
1007 3591 1133 3641 AEn.
1156 3587 1239 3655 X,
1263 3587 1368 3642 830
1387 3608 1403 3644 :

376 3695 406 3714 κ
418 3669 669 3742 Increpat
678 3669 823 3722 ultro
834 3668 1155 3722 Cunctantes
1172 3666 1341 3721 socios
1353 3694 1375 3718 ι
1388 3685 1404 3728 3

380 3747 527 3802 idem
543 3751 669 3801 AEn.
690 3747 801 3814 IX,
825 3749 956 3802 503:
978 3771 1001 3793 ι
1020 3747 1089 3799 At
1111 3748 1235 3800 tuba
1254 3748 1406 3802 terri-

380 3825 543 3880 bilem
580 3826 813 3880 sonitum
850 3826 1041 3899 procul
1066 3845 1167 3880 aere
1209 3845 1407 3881 canoro

380 3906 659 3980 Increpuit
674 3932 701 3952 a·
718 3923 733 3959 z
756 3905 950 3959 Noster
966 3903 1101 3959 adeo
1116 3907 1212 3960 inf.
1234 3925 1283 3960 v.
1306 3909 1409 3970 488

382 3985 451 4039 de
490 3983 797 4042 exundante
830 3989 999 4039 AEtnae
1028 3986 1179 4056 igne:
1210 4013 1233 4033 ι
1254 3987 1411 4059 Inge-

1465 1361 1633 1417 edidit
1657 1381 1718 1416 ex
1739 1361 1860 1415 Ald.
1887 1359 2012 1415 edit.
2041 1359 2136 1414 sed
2158 1373 2342 1412 omnes
2367 1352 2490 1408 libri

1466 1441 1570 1496 mei
1589 1442 1788 1496 habent
1820 1457 1870 1494 et
1881 1445 2052 1513 jacto,
2085 1451 2136 1493 et
2150 1437 2247 1492 MS
2265 1434 2490 1489 Helmst.

1466 1526 1602 1574 victo
1618 1561 1636 1584 ,
1664 1519 1811 1590 quod
1835 1541 1866 1574 e
1884 1525 2031 1591 J'acto
2061 1517 2165 1590 legi
2195 1525 2366 1588 potest
2385 1556 2402 1581 ‚
2439 1524 2493 1567 et

1468 1601 1684 1655 lectioni
1711 1605 1876 1654 victor
1899 1615 2082 1654 ansam
2122 1596 2288 1650 dedit.
2306 1595 2494 1648 Victor

1468 1679 1712 1734 nondum
1745 1679 1997 1753 appellari
2029 1679 2242 1749 Jupiter
2275 1695 2306 1729 a
2337 1686 2498 1748 poeta

1468 1760 1672 1832 potuit,
1694 1779 1863 1832 quum
1895 1759 2071 1813 adhuc
2106 1757 2366 1810 emitteret
2399 1753 2498 1806 ful-

1471 1841 1646 1904 miua,
1667 1837 1897 1892 necdum
1921 1837 2189 1892 stravisset
2206 1837 2386 1890 hostes
2407 1872 2422 1898 ,
2443 1843 2496 1887 et

1461 1922 1606 1988 jaceo
1619 1918 1776 1990 plane
1796 1928 1976 1988 aptum
1990 1916 2118 1971 huic
2135 1917 2278 1971 loco.
2293 1945 2360 1978 -ς-
2375 1919 2498 1964 Pro·

1476 2002 1671 2065 turbat,
1699 2015 1802 2069 pro
1831 2015 1942 2069 quo
1968 1995 2146 2070 Lugd.
2180 1997 2315 2067 Hag.
2335 1991 2497 2045 Basil.

1474 2094 1754 2148 perperam
1776 2076 1960 2148 legunt
1983 2080 2273 2145 perturbat,
2305 2071 2502 2125 dicitur

1477 2155 1547 2211 de
1582 2156 1851 2210 montibus
1891 2175 1922 2209 e
1951 2157 2230 2228 superiore
2260 2154 2382 2206 loco
2409 2149 2501 2204 de·

1478 2235 1648 2290 cussis
1666 2273 1682 2299 ,
1703 2233 1921 2308 dejectis
1939 2248 1990 2290 et
2007 2236 2194 2308 procul
2209 2233 2358 2288 actis,
2381 2230 2506 2282 vir-

1479 2316 1570 2386 gil.
1599 2315 1796 2388 Georg.
1822 2317 1851 2368 I
1869 2355 1886 2382 ,
1919 2317 2020 2369 283
2041 2333 2055 2368 :
2079 2339 2102 2362 ι
2123 2315 2232 2368 Ter
2251 2325 2405 2384 pater
2423 2330 2504 2363 ex-

1479 2405 1706 2448 structos
1735 2394 1945 2470 disjecit
1969 2392 2193 2448 fulmine
2230 2403 2437 2446 montes
2459 2415 2505 2443 ι».

1480 2505 1554 2517 —-
1569 2479 1869 2529 Procurbare
1896 2475 2108 2548 proprie
2127 2472 2324 2527 dicitur
2347 2469 2417 2524 de
2444 2469 2510 2522 iis

1482 2555 1576 2628 qui
1601 2556 1658 2609 in
1683 2556 1964 2610 excelsiore
1987 2568 2142 2628 parte
2167 2548 2360 2608 uitantes
2378 2550 2509 2606 alios

1483 2638 1772 2690 subeuntes
1790 2636 2068 2710 deJiciunt.
2100 2633 2334 2706 Insignis
2358 2643 2434 2685 est
2453 2633 2508 2684 iu

1484 2716 1628 2770 hanc
1659 2733 1774 2769 rem
1798 2715 1935 2768 Livii
1965 2716 2114 2769 locus
2129 2753 2144 2780 ,
2165 2733 2326 2786 quern
2353 2713 2511 2766 Sevoss

1484 2803 1578 2851 rua
1597 2795 1796 2850 imitari
1813 2795 2043 2850 videtur.
2065 2795 2247 2847 Exstat
2262 2794 2318 2844 in
2331 2791 2508 2856 lib.V,

1488 2886 1558 2948 47
1577 2915 1593 2940 ,
1647 2877 1741 2930 ubi
1781 2877 2062 2930 Gallorum
2105 2871 2404 2927 deturbatio
2450 2889 2510 2923 ex

1485 2975 1620 3030 rupe
1645 2957 1876 3030 Tarpeia
1899 2953 2230 3008 describitur.
2269 2953 2372 3004 En.

1562 3035 1649 3090 63.
1673 3039 1823 3089 Illinc
1858 3036 2056 3086 devicta
2067 3071 2183 3086 .....
2225 3034 2399 3083 ruinoe.
2429 3029 2513 3084 Sic

1486 3117 1752 3189 pleraque
1775 3114 1899 3169 edd.
1916 3113 2163 3186 idemque
2189 3123 2373 3166 tenent
2389 3111 2514 3165 Sca-

1488 3195 1620 3268 liger
1638 3209 1690 3250 et
1705 3195 1968 3250 Gorallus.
1987 3193 2092 3250 Sed
2109 3195 2204 3247 MS
2221 3193 2444 3246 Helmst.
2465 3203 2518 3246 et

1489 3275 1578 3330 ed.
1609 3275 1782 3346 Lugd.
1823 3286 2002 3348 aperte
2035 3275 2233 3328 habent
2270 3277 2478 3324 devecta.-
2499 3312 2513 3332 ,

1490 3356 1530 3409 i.
1566 3376 1614 3408 e.
1658 3355 1919 3409 devolutae
1935 3393 1950 3418 ,
1992 3353 2136 3428 quod
2174 3353 2390 3407 demum
2427 3372 2516 3407 ac-

1490 3433 1885 3489 commodatum
1919 3435 2087 3488 ruinae
2123 3445 2218 3486 est.
2250 3433 2520 3498 Quoniam

1486 3534 1618 3568 vero
1637 3514 1704 3568 de
1722 3513 1886 3569 ruinis
1907 3513 2016 3568 dici
2039 3533 2148 3567 non
2165 3524 2336 3585 potest
2352 3527 2520 3564 verce·

1495 3609 1612 3647 runt
1653 3609 1816 3664 terga,
1857 3593 1950 3647 sed
1995 3592 2062 3646 de
2107 3595 2292 3662 infestis
2325 3595 2521 3644 aciebus

1488 3677 1750 3744 gigantum
1770 3713 1786 3736 ‚
1816 3673 1942 3727 hinc
1981 3673 2202 3726 omnino
2237 3671 2522 3742 legendum

1494 3765 1652 3824 puto:
1709 3755 1856 3804 Illinc
1900 3750 2242 3818 devecta(vel
2278 3750 2522 3822 devexa)
2605 3772 2608 3775 ·

1496 3847 1752 3885 ‘mr-terunt
1793 3847 1931 3901 terga
1971 3833 2118 3882 ruina
2155 3831 2356 3898 Infesta·
2394 3835 2528 3882 Divis

1499 3914 1647 3965 acies.
1681 3909 1944 3964 Illustrat-i
1966 3909 2072 3962 hoc
2095 3919 2264 3980 potest
2291 3909 2410 3963 loco
2442 3909 2528 3962 Li-

1501 3990 1576 4043 vii
1595 4027 1611 4054 ,
1652 4008 1816 4062 supra
1857 3987 2123 4060 allegato:
2173 4013 2195 4036 ι
2217 3989 2440 4061 Jamque
2475 4003 2528 4042 et

382 4066 553 4120 minat
586 4065 782 4120 fluctus
815 4076 867 4118 et
886 4065 1139 4120 stantibus
1178 4066 1415 4138 increpat
1502 4069 1592 4122 alii
1633 4067 1934 4140 congregati
1978 4066 2096 4120 telis
2142 4067 2530 4142 missilibusque

384 4145 1417 4236 undis-w·-EevietorprpembatGorallus
1505 4147 1640 4203 saxis
1682 4147 1992 4220 proturbare
2023 4146 2200 4202 hostes
2219 4187 2234 4212 ,
2269 4148 2529 4222 ruinaque
