<?xml version="1.0" encoding="UTF-8"?>
<!DOCTYPE html PUBLIC "-//W3C//DTD XHTML 1.0 Transitional//EN"
    "http://www.w3.org/TR/xhtml1/DTD/xhtml1-transitional.dtd">
<html xmlns="http://www.w3.org/1999/xhtml" xml:lang="en" lang="en">
 <head>
  <title>
</title>
<meta http-equiv="Content-Type" content="text/html;charset=utf-8" />
  <meta name='ocr-system' content='tesseract 3.04.00' />
  <meta name='ocr-capabilities' content='ocr_page ocr_carea ocr_par ocr_line ocrx_word'/>
</head>
<body>
  <div class='ocr_page' id='page_1' title='image "./poetaelatinimin00unkngoog_0374.png"; bbox 0 0 2975 4684; ppageno 0'>
   <div class='ocr_carea' id='block_1_1' title="bbox 467 340 2224 561">
    <p class='ocr_par' dir='ltr' id='par_1_1' title="bbox 467 340 2224 561">
     <span class='ocr_line' id='line_1_1' title="bbox 1136 340 1724 431; baseline -0.005 -22"><span class='ocrx_word' id='word_1_1' title='bbox 1136 341 1271 409; x_wconf 79' lang='lat' dir='ltr'><strong>AD</strong></span> <span class='ocrx_word' id='word_1_2' title='bbox 1325 340 1724 431; x_wconf 74' lang='lat' dir='ltr'><strong>AENEAM.</strong></span> 
     </span>
     <span class='ocr_line' id='line_1_2' title="bbox 467 462 2224 561; baseline 0.003 -30"><span class='ocrx_word' id='word_1_3' title='bbox 467 465 650 531; x_wconf 85' lang='lat' dir='ltr'><strong>Laeta</strong></span> <span class='ocrx_word' id='word_1_4' title='bbox 681 476 912 549; x_wconf 82' lang='lat' dir='ltr'><strong>vocat3</strong></span> <span class='ocrx_word' id='word_1_5' title='bbox 953 462 1166 556; x_wconf 86' lang='lat' dir='ltr'><strong>spisso</strong></span> <span class='ocrx_word' id='word_1_6' title='bbox 1203 462 1545 531; x_wconf 83' lang='lat' dir='ltr'><strong>revirescit</strong></span> <span class='ocrx_word' id='word_1_7' title='bbox 1578 463 1879 556; x_wconf 84' lang='lat' dir='ltr'><strong>gramine</strong></span> <span class='ocrx_word' id='word_1_8' title='bbox 1915 488 2224 561; x_wconf 67' lang='lat' dir='ltr'><strong>campm,</strong></span> 
     </span>
    </p>
   </div>
   <div class='ocr_carea' id='block_1_2' title="bbox 2373 343 2510 417">
    <p class='ocr_par' dir='ltr' id='par_1_2' title="bbox 2373 343 2510 417">
     <span class='ocr_line' id='line_1_3' title="bbox 2373 343 2510 417; baseline 0.022 -3"><span class='ocrx_word' id='word_1_9' title='bbox 2373 343 2510 417; x_wconf 80' lang='lat'><strong>365</strong></span> 
     </span>
    </p>
   </div>
   <div class='ocr_carea' id='block_1_3' title="bbox 2460 489 2513 529">
    <p class='ocr_par' dir='ltr' id='par_1_3' title="bbox 2460 489 2513 529">
     <span class='ocr_line' id='line_1_4' title="bbox 2460 489 2513 529; baseline 0 -3"><span class='ocrx_word' id='word_1_10' title='bbox 2460 489 2513 529; x_wconf 78' lang='lat'><strong>60</strong></span> 
     </span>
    </p>
   </div>
   <div class='ocr_carea' id='block_1_4' title="bbox 463 570 2504 1109">
    <p class='ocr_par' dir='ltr' id='par_1_4' title="bbox 467 570 2200 755">
     <span class='ocr_line' id='line_1_5' title="bbox 467 570 2200 668; baseline 0.001 -25"><span class='ocrx_word' id='word_1_11' title='bbox 467 576 554 643; x_wconf 88' lang='lat' dir='ltr'><strong>Et</strong></span> <span class='ocrx_word' id='word_1_12' title='bbox 589 574 834 643; x_wconf 85' lang='lat' dir='ltr'><strong>vitreas</strong></span> <span class='ocrx_word' id='word_1_13' title='bbox 871 570 1036 668; x_wconf 84' lang='lat' dir='ltr'><strong>ligat</strong></span> <span class='ocrx_word' id='word_1_14' title='bbox 1070 571 1278 641; x_wconf 87' lang='lat' dir='ltr'><strong>herba</strong></span> <span class='ocrx_word' id='word_1_15' title='bbox 1314 596 1541 641; x_wconf 87' lang='lat' dir='ltr'><strong>comas</strong></span> <span class='ocrx_word' id='word_1_16' title='bbox 1562 625 1581 658; x_wconf 87' lang='lat'>‚</span> <span class='ocrx_word' id='word_1_17' title='bbox 1616 596 1743 641; x_wconf 91' lang='lat' dir='ltr'><strong>nec</strong></span> <span class='ocrx_word' id='word_1_18' title='bbox 1783 570 1951 643; x_wconf 83' lang='lat' dir='ltr'><strong>fallit</strong></span> <span class='ocrx_word' id='word_1_19' title='bbox 1982 576 2200 645; x_wconf 83' lang='lat' dir='ltr'><strong>aristae</strong></span> 
     </span>
     <span class='ocr_line' id='line_1_6' title="bbox 467 680 2001 755; baseline 0.001 -2"><span class='ocrx_word' id='word_1_20' title='bbox 467 686 840 753; x_wconf 83' lang='lat' dir='ltr'><strong>Proventus</strong></span> <span class='ocrx_word' id='word_1_21' title='bbox 877 680 1150 752; x_wconf 83' lang='lat' dir='ltr'><strong>meliore</strong></span> <span class='ocrx_word' id='word_1_22' title='bbox 1190 681 1338 751; x_wconf 88' lang='lat' dir='ltr'><strong>die:</strong></span> <span class='ocrx_word' id='word_1_23' title='bbox 1366 707 1507 754; x_wconf 84' lang='lat' dir='ltr'><strong>sua</strong></span> <span class='ocrx_word' id='word_1_24' title='bbox 1551 681 1771 753; x_wconf 79' lang='lat' dir='ltr'><strong>toedia</strong></span> <span class='ocrx_word' id='word_1_25' title='bbox 1804 681 2001 755; x_wconf 82' lang='lat' dir='ltr'><strong>solus</strong></span> 
     </span>
    </p>

    <p class='ocr_par' dir='ltr' id='par_1_5' title="bbox 467 790 2275 888">
     <span class='ocr_line' id='line_1_7' title="bbox 467 790 2275 888; baseline -0.001 -23"><span class='ocrx_word' id='word_1_26' title='bbox 467 792 756 865; x_wconf 83' lang='lat' dir='ltr'><em>Fallere</em></span> <span class='ocrx_word' id='word_1_27' title='bbox 793 800 1019 865; x_wconf 81' lang='lat' dir='ltr'><strong>nescit</strong></span> <span class='ocrx_word' id='word_1_28' title='bbox 1059 817 1273 864; x_wconf 83' lang='lat' dir='ltr'><strong>amor</strong></span> <span class='ocrx_word' id='word_1_29' title='bbox 1292 818 1314 861; x_wconf 89' lang='lat'><strong>.·</strong></span> <span class='ocrx_word' id='word_1_30' title='bbox 1351 791 1562 861; x_wconf 88' lang='lat' dir='ltr'><strong>fessus</strong></span> <span class='ocrx_word' id='word_1_31' title='bbox 1595 792 1762 888; x_wconf 84' lang='lat' dir='ltr'><strong>juga</strong></span> <span class='ocrx_word' id='word_1_32' title='bbox 1798 790 1996 862; x_wconf 91' lang='lat' dir='ltr'><strong>solvit</strong></span> <span class='ocrx_word' id='word_1_33' title='bbox 2028 806 2275 880; x_wconf 85' lang='lat' dir='ltr'><strong>arator,</strong></span> 
     </span>
    </p>

    <p class='ocr_par' dir='ltr' id='par_1_6' title="bbox 466 902 2119 1000">
     <span class='ocr_line' id='line_1_8' title="bbox 466 902 2119 1000; baseline -0.002 -25"><span class='ocrx_word' id='word_1_34' title='bbox 466 908 555 975; x_wconf 90' lang='lat' dir='ltr'><strong>Et</strong></span> <span class='ocrx_word' id='word_1_35' title='bbox 595 919 861 975; x_wconf 86' lang='lat' dir='ltr'><strong>noctem</strong></span> <span class='ocrx_word' id='word_1_36' title='bbox 899 930 1018 1000; x_wconf 87' lang='lat' dir='ltr'><strong>per</strong></span> <span class='ocrx_word' id='word_1_37' title='bbox 1053 919 1208 974; x_wconf 87' lang='lat' dir='ltr'><strong>vota</strong></span> <span class='ocrx_word' id='word_1_38' title='bbox 1248 904 1467 997; x_wconf 83' lang='lat' dir='ltr'><strong>capit3</strong></span> <span class='ocrx_word' id='word_1_39' title='bbox 1514 926 1825 997; x_wconf 82' lang='lat' dir='ltr'><strong>reparare</strong></span> <span class='ocrx_word' id='word_1_40' title='bbox 1859 902 2119 972; x_wconf 86' lang='lat' dir='ltr'><strong>labores</strong></span> 
     </span>
    </p>

    <p class='ocr_par' dir='ltr' id='par_1_7' title="bbox 463 1012 2504 1109">
     <span class='ocr_line' id='line_1_9' title="bbox 463 1012 2504 1109; baseline -0.004 -24"><span class='ocrx_word' id='word_1_41' title='bbox 463 1015 674 1085; x_wconf 83' lang='lat' dir='ltr'>Novit</span> <span class='ocrx_word' id='word_1_42' title='bbox 711 1030 900 1109; x_wconf 85' lang='lat' dir='ltr'><strong>grata</strong></span> <span class='ocrx_word' id='word_1_43' title='bbox 940 1014 1163 1109; x_wconf 62' lang='lat' dir='ltr'><strong>quies»,</strong></span> <span class='ocrx_word' id='word_1_44' title='bbox 1207 1038 1332 1083; x_wconf 90' lang='lat' dir='ltr'><strong>nec</strong></span> <span class='ocrx_word' id='word_1_45' title='bbox 1365 1027 1580 1082; x_wconf 84' lang='lat' dir='ltr'><strong>cessat</strong></span> <span class='ocrx_word' id='word_1_46' title='bbox 1614 1012 1890 1083; x_wconf 81' lang='lat' dir='ltr'><strong>reddere</strong></span> <span class='ocrx_word' id='word_1_47' title='bbox 1927 1014 2096 1083; x_wconf 83' lang='lat' dir='ltr'><strong>vires</strong></span> <span class='ocrx_word' id='word_1_48' title='bbox 2454 1038 2504 1077; x_wconf 69' lang='grc' dir='ltr'><strong>σε</strong></span> 
     </span>
    </p>
   </div>
   <div class='ocr_carea' id='block_1_5' title="bbox 363 1228 1392 4161">
    <p class='ocr_par' dir='ltr' id='par_1_8' title="bbox 366 1228 1392 2235">
     <span class='ocr_line' id='line_1_10' title="bbox 369 1228 1386 1300; baseline 0.001 -20"><span class='ocrx_word' id='word_1_49' title='bbox 369 1228 621 1300; x_wconf 84' lang='lat' dir='ltr'><strong>temporis</strong></span> <span class='ocrx_word' id='word_1_50' title='bbox 653 1248 836 1283; x_wconf 84' lang='lat' dir='ltr'><strong>auram</strong></span> <span class='ocrx_word' id='word_1_51' title='bbox 869 1248 931 1281; x_wconf 74' lang='lat' dir='ltr'><strong>a:</strong></span> <span class='ocrx_word' id='word_1_52' title='bbox 977 1230 1054 1283; x_wconf 88' lang='lat' dir='ltr'><strong>ita</strong></span> <span class='ocrx_word' id='word_1_53' title='bbox 1093 1228 1236 1283; x_wconf 87' lang='lat' dir='ltr'><strong>enim</strong></span> <span class='ocrx_word' id='word_1_54' title='bbox 1275 1228 1386 1281; x_wconf 87' lang='lat' dir='ltr'><strong>illic</strong></span> 
     </span>
     <span class='ocr_line' id='line_1_11' title="bbox 367 1307 1388 1381; baseline 0 -20"><span class='ocrx_word' id='word_1_55' title='bbox 367 1308 572 1379; x_wconf 77' lang='lat' dir='ltr'><strong>legebat</strong></span> <span class='ocrx_word' id='word_1_56' title='bbox 613 1326 714 1380; x_wconf 86' lang='lat' dir='ltr'><strong>pro</strong></span> <span class='ocrx_word' id='word_1_57' title='bbox 760 1307 974 1380; x_wconf 74' lang='lat' dir='ltr'><strong>vulgato</strong></span> <span class='ocrx_word' id='word_1_58' title='bbox 1012 1312 1184 1361; x_wconf 70' lang='lat' dir='ltr'><strong>horam</strong></span> <span class='ocrx_word' id='word_1_59' title='bbox 1208 1329 1228 1361; x_wconf 91' lang='lat'><strong>.·</strong></span> <span class='ocrx_word' id='word_1_60' title='bbox 1268 1327 1388 1381; x_wconf 75' lang='lat' dir='ltr'><strong>quse</strong></span> 
     </span>
     <span class='ocr_line' id='line_1_12' title="bbox 366 1387 1391 1461; baseline 0 -20"><span class='ocrx_word' id='word_1_61' title='bbox 366 1391 670 1460; x_wconf 82' lang='lat' dir='ltr'><strong>conjectura</strong></span> <span class='ocrx_word' id='word_1_62' title='bbox 700 1388 803 1442; x_wconf 89' lang='lat' dir='ltr'><strong>hoc</strong></span> <span class='ocrx_word' id='word_1_63' title='bbox 831 1388 952 1442; x_wconf 89' lang='lat' dir='ltr'><strong>loco</strong></span> <span class='ocrx_word' id='word_1_64' title='bbox 975 1388 1180 1461; x_wconf 74' lang='lat' dir='ltr'><strong>egregie</strong></span> <span class='ocrx_word' id='word_1_65' title='bbox 1215 1387 1391 1441; x_wconf 81' lang='lat' dir='ltr'><strong>firma-</strong></span> 
     </span>
     <span class='ocr_line' id='line_1_13' title="bbox 367 1460 1390 1542; baseline 0.001 -23"><span class='ocrx_word' id='word_1_66' title='bbox 367 1476 476 1521; x_wconf 86' lang='lat' dir='ltr'><strong>tur.</strong></span> <span class='ocrx_word' id='word_1_67' title='bbox 495 1466 683 1521; x_wconf 69' lang='lat' dir='ltr'><strong>Bonn.</strong></span> <span class='ocrx_word' id='word_1_68' title='bbox 706 1460 958 1542; x_wconf 77' lang='lat' dir='ltr'><strong>Ejusdem</strong></span> <span class='ocrx_word' id='word_1_69' title='bbox 983 1468 1088 1522; x_wconf 88' lang='lat' dir='ltr'><strong>loci</strong></span> <span class='ocrx_word' id='word_1_70' title='bbox 1115 1467 1390 1521; x_wconf 80' lang='lat' dir='ltr'><strong>Horatiaui</strong></span> 
     </span>
     <span class='ocr_line' id='line_1_14' title="bbox 367 1546 1391 1619; baseline 0.001 -20"><span class='ocrx_word' id='word_1_71' title='bbox 367 1546 722 1600; x_wconf 81' lang='lat' dir='ltr'><strong>imitationem</strong></span> <span class='ocrx_word' id='word_1_72' title='bbox 768 1566 926 1619; x_wconf 86' lang='lat' dir='ltr'><strong>supra</strong></span> <span class='ocrx_word' id='word_1_73' title='bbox 969 1548 1025 1600; x_wconf 88' lang='lat' dir='ltr'><strong>in</strong></span> <span class='ocrx_word' id='word_1_74' title='bbox 1071 1546 1226 1604; x_wconf 79' lang='lat' dir='ltr'><strong>Saleii</strong></span> <span class='ocrx_word' id='word_1_75' title='bbox 1275 1566 1391 1600; x_wconf 84' lang='lat' dir='ltr'><strong>car·</strong></span> 
     </span>
     <span class='ocr_line' id='line_1_15' title="bbox 367 1626 1389 1694; baseline 0.002 -15"><span class='ocrx_word' id='word_1_76' title='bbox 367 1626 513 1679; x_wconf 87' lang='lat' dir='ltr'><strong>mine</strong></span> <span class='ocrx_word' id='word_1_77' title='bbox 529 1667 548 1694; x_wconf 89' lang='lat'><em>‚</em></span> <span class='ocrx_word' id='word_1_78' title='bbox 570 1644 619 1678; x_wconf 83' lang='lat' dir='ltr'><strong>v.</strong></span> <span class='ocrx_word' id='word_1_79' title='bbox 645 1627 744 1681; x_wconf 78' lang='lat'><strong>133</strong></span> <span class='ocrx_word' id='word_1_80' title='bbox 763 1664 779 1690; x_wconf 92' lang='lat'>,</span> <span class='ocrx_word' id='word_1_81' title='bbox 804 1628 1122 1683; x_wconf 81' lang='lat' dir='ltr'><strong>notavimus.</strong></span> <span class='ocrx_word' id='word_1_82' title='bbox 1143 1626 1284 1681; x_wconf 83' lang='lat' dir='ltr'><strong>Huic</strong></span> <span class='ocrx_word' id='word_1_83' title='bbox 1307 1638 1389 1681; x_wconf 78' lang='lat' dir='ltr'><strong>ta·</strong></span> 
     </span>
     <span class='ocr_line' id='line_1_16' title="bbox 367 1707 1392 1779; baseline 0 -21"><span class='ocrx_word' id='word_1_84' title='bbox 367 1722 490 1758; x_wconf 83' lang='lat' dir='ltr'><strong>meu</strong></span> <span class='ocrx_word' id='word_1_85' title='bbox 533 1707 726 1760; x_wconf 80' lang='lat' dir='ltr'><strong>Nostro</strong></span> <span class='ocrx_word' id='word_1_86' title='bbox 769 1725 877 1759; x_wconf 87' lang='lat' dir='ltr'><strong>non</strong></span> <span class='ocrx_word' id='word_1_87' title='bbox 917 1708 1246 1779; x_wconf 87' lang='lat' dir='ltr'><strong>propositum</strong></span> <span class='ocrx_word' id='word_1_88' title='bbox 1288 1718 1392 1772; x_wconf 82' lang='lat' dir='ltr'><strong>est,</strong></span> 
     </span>
     <span class='ocr_line' id='line_1_17' title="bbox 368 1786 1388 1858; baseline 0 -21"><span class='ocrx_word' id='word_1_89' title='bbox 368 1797 600 1857; x_wconf 78' lang='lat' dir='ltr'><strong>quatuor</strong></span> <span class='ocrx_word' id='word_1_90' title='bbox 619 1786 742 1839; x_wconf 84' lang='lat' dir='ltr'><strong>anni</strong></span> <span class='ocrx_word' id='word_1_91' title='bbox 781 1797 1020 1857; x_wconf 81' lang='lat' dir='ltr'><strong>tempora</strong></span> <span class='ocrx_word' id='word_1_92' title='bbox 1045 1804 1358 1858; x_wconf 79' lang='lat' dir='ltr'>percensere</span> <span class='ocrx_word' id='word_1_93' title='bbox 1373 1826 1388 1851; x_wconf 88' lang='lat'>,</span> 
     </span>
     <span class='ocr_line' id='line_1_18' title="bbox 367 1862 1390 1936; baseline 0 -19"><span class='ocrx_word' id='word_1_94' title='bbox 367 1862 461 1917; x_wconf 83' lang='lat' dir='ltr'><strong>sed</strong></span> <span class='ocrx_word' id='word_1_95' title='bbox 481 1863 746 1936; x_wconf 75' lang='lat' dir='ltr'><strong>significat</strong></span> <span class='ocrx_word' id='word_1_96' title='bbox 765 1875 970 1918; x_wconf 82' lang='lat' dir='ltr'><strong>tantum</strong></span> <span class='ocrx_word' id='word_1_97' title='bbox 985 1902 1001 1929; x_wconf 88' lang='lat'>,</span> <span class='ocrx_word' id='word_1_98' title='bbox 1030 1876 1184 1918; x_wconf 68' lang='lat' dir='ltr'><strong>terra</strong></span> <span class='ocrx_word' id='word_1_99' title='bbox 1204 1864 1390 1919; x_wconf 73' lang='lat' dir='ltr'><strong>fecun-</strong></span> 
     </span>
     <span class='ocr_line' id='line_1_19' title="bbox 367 1940 1390 2008; baseline 0.004 -14"><span class='ocrx_word' id='word_1_100' title='bbox 367 1940 582 1995; x_wconf 82' lang='lat' dir='ltr'><strong>ditatem</strong></span> <span class='ocrx_word' id='word_1_101' title='bbox 622 1943 764 1996; x_wconf 79' lang='lat' dir='ltr'><strong>veris</strong></span> <span class='ocrx_word' id='word_1_102' title='bbox 815 1955 868 1996; x_wconf 87' lang='lat' dir='ltr'><strong>et</strong></span> <span class='ocrx_word' id='word_1_103' title='bbox 913 1944 1101 1997; x_wconf 64' lang='lat' dir='ltr'><strong>estatis</strong></span> <span class='ocrx_word' id='word_1_104' title='bbox 1143 1944 1350 1998; x_wconf 81' lang='lat' dir='ltr'><strong>vicibus</strong></span> <span class='ocrx_word' id='word_1_105' title='bbox 1373 1980 1390 2008; x_wconf 86' lang='lat'>,</span> 
     </span>
     <span class='ocr_line' id='line_1_20' title="bbox 367 2022 1390 2097; baseline 0.003 -23"><span class='ocrx_word' id='word_1_106' title='bbox 367 2022 522 2093; x_wconf 85' lang='lat' dir='ltr'><strong>quasi</strong></span> <span class='ocrx_word' id='word_1_107' title='bbox 553 2022 806 2096; x_wconf 77' lang='lat' dir='ltr'><strong>gradibus</strong></span> <span class='ocrx_word' id='word_1_108' title='bbox 836 2022 1185 2097; x_wconf 84' lang='lat' dir='ltr'><strong>quibusdam,</strong></span> <span class='ocrx_word' id='word_1_109' title='bbox 1209 2042 1390 2095; x_wconf 85' lang='lat' dir='ltr'><strong>proce-</strong></span> 
     </span>
     <span class='ocr_line' id='line_1_21' title="bbox 366 2099 1392 2175; baseline 0.004 -22"><span class='ocrx_word' id='word_1_110' title='bbox 366 2099 492 2153; x_wconf 87' lang='lat' dir='ltr'><strong>dere</strong></span> <span class='ocrx_word' id='word_1_111' title='bbox 536 2101 609 2155; x_wconf 80' lang='lat' dir='ltr'><strong>ad</strong></span> <span class='ocrx_word' id='word_1_112' title='bbox 649 2116 968 2175; x_wconf 80' lang='lat' dir='ltr'><strong>proventum</strong></span> <span class='ocrx_word' id='word_1_113' title='bbox 1009 2114 1062 2157; x_wconf 89' lang='lat' dir='ltr'><strong>et</strong></span> <span class='ocrx_word' id='word_1_114' title='bbox 1099 2104 1392 2157; x_wconf 81' lang='lat' dir='ltr'><strong>ubertatem</strong></span> 
     </span>
     <span class='ocr_line' id='line_1_22' title="bbox 366 2182 623 2235; baseline 0 -1"><span class='ocrx_word' id='word_1_115' title='bbox 366 2182 623 2235; x_wconf 78' lang='lat' dir='ltr'><strong>autumni.</strong></span> 
     </span>
    </p>

    <p class='ocr_par' dir='ltr' id='par_1_9' title="bbox 363 2263 1390 4161">
     <span class='ocr_line' id='line_1_23' title="bbox 436 2263 1390 2335; baseline 0.003 -21"><span class='ocrx_word' id='word_1_116' title='bbox 436 2264 524 2314; x_wconf 89' lang='grc' dir='ltr'><strong>6ο.</strong></span> <span class='ocrx_word' id='word_1_117' title='bbox 563 2266 700 2313; x_wconf 74' lang='lat' dir='ltr'><strong>Laeea</strong></span> <span class='ocrx_word' id='word_1_118' title='bbox 723 2277 895 2317; x_wconf 77' lang='lat' dir='ltr'><strong>vocae.</strong></span> <span class='ocrx_word' id='word_1_119' title='bbox 933 2263 1214 2335; x_wconf 78' lang='lat' dir='ltr'><strong>Eleganter</strong></span> <span class='ocrx_word' id='word_1_120' title='bbox 1247 2274 1390 2317; x_wconf 87' lang='lat' dir='ltr'><strong>terra</strong></span> 
     </span>
     <span class='ocr_line' id='line_1_24' title="bbox 366 2339 1387 2405; baseline 0.001 -11"><span class='ocrx_word' id='word_1_121' title='bbox 366 2339 560 2395; x_wconf 77' lang='lat' dir='ltr'><strong>dicitur</strong></span> <span class='ocrx_word' id='word_1_122' title='bbox 607 2362 795 2396; x_wconf 80' lang='lat' dir='ltr'><strong>vocare</strong></span> <span class='ocrx_word' id='word_1_123' title='bbox 838 2363 991 2395; x_wconf 78' lang='lat' dir='ltr'><strong>auras</strong></span> <span class='ocrx_word' id='word_1_124' title='bbox 1031 2346 1256 2395; x_wconf 73' lang='lat' dir='ltr'><strong>aueaeamm&#39;</strong></span> <span class='ocrx_word' id='word_1_125' title='bbox 1265 2382 1282 2405; x_wconf 87' lang='lat'><em>,</em></span> <span class='ocrx_word' id='word_1_126' title='bbox 1332 2341 1387 2396; x_wconf 83' lang='lat' dir='ltr'><strong>id</strong></span> 
     </span>
     <span class='ocr_line' id='line_1_25' title="bbox 365 2424 1388 2494; baseline 0.001 -21"><span class='ocrx_word' id='word_1_127' title='bbox 365 2430 444 2473; x_wconf 85' lang='lat' dir='ltr'><strong>est</strong></span> <span class='ocrx_word' id='word_1_128' title='bbox 461 2460 477 2486; x_wconf 93' lang='lat'>,</span> <span class='ocrx_word' id='word_1_129' title='bbox 513 2438 806 2491; x_wconf 74' lang='lat' dir='ltr'><strong>provocare</strong></span> <span class='ocrx_word' id='word_1_130' title='bbox 824 2462 840 2489; x_wconf 93' lang='lat'><strong>,</strong></span> <span class='ocrx_word' id='word_1_131' title='bbox 854 2424 965 2494; x_wconf 83' lang='lat' dir='ltr'><strong>jam</strong></span> <span class='ocrx_word' id='word_1_132' title='bbox 991 2435 1272 2475; x_wconf 80' lang='lat' dir='ltr'><strong>venturum</strong></span> <span class='ocrx_word' id='word_1_133' title='bbox 1295 2439 1388 2474; x_wconf 83' lang='lat' dir='ltr'><strong>au·</strong></span> 
     </span>
     <span class='ocr_line' id='line_1_26' title="bbox 365 2498 1389 2573; baseline -0.001 -23"><span class='ocrx_word' id='word_1_134' title='bbox 365 2511 609 2552; x_wconf 88' lang='lat' dir='ltr'><strong>tumnum</strong></span> <span class='ocrx_word' id='word_1_135' title='bbox 623 2498 935 2571; x_wconf 72' lang='lat' dir='ltr'><strong>significare.</strong></span> <span class='ocrx_word' id='word_1_136' title='bbox 948 2501 1183 2573; x_wconf 84' lang='lat' dir='ltr'><strong>SicVirg.</strong></span> <span class='ocrx_word' id='word_1_137' title='bbox 1198 2500 1389 2571; x_wconf 76' lang='lat' dir='ltr'><strong>Georg.</strong></span> 
     </span>
     <span class='ocr_line' id='line_1_27' title="bbox 367 2578 1388 2652; baseline 0 -21"><span class='ocrx_word' id='word_1_138' title='bbox 367 2578 428 2644; x_wconf 89' lang='lat'><strong>1,</strong></span> <span class='ocrx_word' id='word_1_139' title='bbox 461 2578 598 2632; x_wconf 84' lang='lat'>388:</span> <span class='ocrx_word' id='word_1_140' title='bbox 631 2602 658 2623; x_wconf 68' lang='grc' dir='ltr'><em>α</em></span> <span class='ocrx_word' id='word_1_141' title='bbox 676 2580 816 2632; x_wconf 84' lang='lat' dir='ltr'><strong>Tum</strong></span> <span class='ocrx_word' id='word_1_142' title='bbox 859 2578 1042 2632; x_wconf 86' lang='lat' dir='ltr'><strong>cornix</strong></span> <span class='ocrx_word' id='word_1_143' title='bbox 1074 2580 1232 2652; x_wconf 88' lang='lat' dir='ltr'><strong>plena</strong></span> <span class='ocrx_word' id='word_1_144' title='bbox 1269 2579 1388 2651; x_wconf 89' lang='lat' dir='ltr'><strong>plu-</strong></span> 
     </span>
     <span class='ocr_line' id='line_1_28' title="bbox 364 2656 1388 2731; baseline 0.002 -21"><span class='ocrx_word' id='word_1_145' title='bbox 364 2656 506 2711; x_wconf 82' lang='lat' dir='ltr'><strong>viam</strong></span> <span class='ocrx_word' id='word_1_146' title='bbox 533 2670 687 2711; x_wconf 82' lang='lat' dir='ltr'><strong>vocat</strong></span> <span class='ocrx_word' id='word_1_147' title='bbox 709 2658 952 2730; x_wconf 84' lang='lat' dir='ltr'><strong>improba</strong></span> <span class='ocrx_word' id='word_1_148' title='bbox 973 2677 1101 2712; x_wconf 82' lang='lat' dir='ltr'><strong>voce</strong></span> <span class='ocrx_word' id='word_1_149' title='bbox 1123 2684 1148 2705; x_wconf 69' lang='lat' dir='ltr'>a</span> <span class='ocrx_word' id='word_1_150' title='bbox 1173 2677 1187 2712; x_wconf 88' lang='lat'><strong>:</strong></span> <span class='ocrx_word' id='word_1_151' title='bbox 1231 2670 1388 2731; x_wconf 82' lang='lat' dir='ltr'><strong>atque</strong></span> 
     </span>
     <span class='ocr_line' id='line_1_29' title="bbox 365 2735 1388 2811; baseline 0.002 -22"><span class='ocrx_word' id='word_1_152' title='bbox 365 2735 500 2789; x_wconf 83' lang='lat' dir='ltr'><strong>banc</strong></span> <span class='ocrx_word' id='word_1_153' title='bbox 533 2737 850 2809; x_wconf 79' lang='lat' dir='ltr'><strong>elegantiam</strong></span> <span class='ocrx_word' id='word_1_154' title='bbox 881 2738 1029 2792; x_wconf 79' lang='lat' dir='ltr'><strong>verbi</strong></span> <span class='ocrx_word' id='word_1_155' title='bbox 1057 2758 1244 2791; x_wconf 78' lang='lat' dir='ltr'><strong>vocare</strong></span> <span class='ocrx_word' id='word_1_156' title='bbox 1265 2740 1388 2811; x_wconf 86' lang='lat' dir='ltr'><strong>plu-</strong></span> 
     </span>
     <span class='ocr_line' id='line_1_30' title="bbox 365 2816 1386 2890; baseline 0.003 -22"><span class='ocrx_word' id='word_1_157' title='bbox 365 2816 512 2869; x_wconf 82' lang='lat' dir='ltr'><strong>ribus</strong></span> <span class='ocrx_word' id='word_1_158' title='bbox 530 2817 756 2870; x_wconf 80' lang='lat' dir='ltr'><strong>illustrat</strong></span> <span class='ocrx_word' id='word_1_159' title='bbox 787 2818 1122 2871; x_wconf 79' lang='lat' dir='ltr'><strong>Burmannus</strong></span> <span class='ocrx_word' id='word_1_160' title='bbox 1145 2817 1215 2872; x_wconf 83' lang='lat' dir='ltr'><strong>ad</strong></span> <span class='ocrx_word' id='word_1_161' title='bbox 1241 2819 1386 2890; x_wconf 73' lang='lat' dir='ltr'><strong>virg.</strong></span> 
     </span>
     <span class='ocr_line' id='line_1_31' title="bbox 364 2894 1387 2967; baseline 0.001 -17"><span class='ocrx_word' id='word_1_162' title='bbox 364 2894 560 2967; x_wconf 74' lang='lat' dir='ltr'><strong>Geor-g.</strong></span> <span class='ocrx_word' id='word_1_163' title='bbox 599 2898 718 2961; x_wconf 89' lang='lat'>111,</span> <span class='ocrx_word' id='word_1_164' title='bbox 761 2900 892 2966; x_wconf 76' lang='lat'><strong>193,</strong></span> <span class='ocrx_word' id='word_1_165' title='bbox 933 2897 1026 2951; x_wconf 88' lang='lat' dir='ltr'><strong>ubi</strong></span> <span class='ocrx_word' id='word_1_166' title='bbox 1073 2898 1230 2951; x_wconf 83' lang='lat' dir='ltr'><strong>etiam</strong></span> <span class='ocrx_word' id='word_1_167' title='bbox 1265 2898 1387 2951; x_wconf 82' lang='lat' dir='ltr'><strong>vide</strong></span> 
     </span>
     <span class='ocr_line' id='line_1_32' title="bbox 367 2976 1386 3033; baseline 0.003 -6"><span class='ocrx_word' id='word_1_168' title='bbox 367 2976 546 3029; x_wconf 77' lang='lat' dir='ltr'><strong>Heius.</strong></span> <span class='ocrx_word' id='word_1_169' title='bbox 596 2978 676 3031; x_wconf 82' lang='lat' dir='ltr'><strong>Ita</strong></span> <span class='ocrx_word' id='word_1_170' title='bbox 724 2976 948 3033; x_wconf 72' lang='lat' dir='ltr'><strong>Phoenix</strong></span> <span class='ocrx_word' id='word_1_171' title='bbox 989 2976 1184 3031; x_wconf 88' lang='lat' dir='ltr'><strong>dicitur</strong></span> <span class='ocrx_word' id='word_1_172' title='bbox 1230 2982 1386 3030; x_wconf 74' lang='lat' dir='ltr'><strong>lucem</strong></span> 
     </span>
     <span class='ocr_line' id='line_1_33' title="bbox 365 3056 1388 3111; baseline 0.003 -3"><span class='ocrx_word' id='word_1_173' title='bbox 365 3076 492 3109; x_wconf 76' lang='lat' dir='ltr'><strong>voce</strong></span> <span class='ocrx_word' id='word_1_174' title='bbox 507 3060 638 3109; x_wconf 75' lang='lat' dir='ltr'><strong>ciere</strong></span> <span class='ocrx_word' id='word_1_175' title='bbox 653 3076 830 3109; x_wconf 77' lang='lat' dir='ltr'><strong>novam</strong></span> <span class='ocrx_word' id='word_1_176' title='bbox 847 3056 904 3109; x_wconf 87' lang='lat' dir='ltr'><strong>in</strong></span> <span class='ocrx_word' id='word_1_177' title='bbox 921 3058 1388 3111; x_wconf 86' lang='lat' dir='ltr'><strong>carmineLactan-</strong></span> 
     </span>
     <span class='ocr_line' id='line_1_34' title="bbox 368 3136 1389 3211; baseline -0.002 -20"><span class='ocrx_word' id='word_1_178' title='bbox 368 3137 461 3204; x_wconf 83' lang='lat' dir='ltr'><strong>tii,</strong></span> <span class='ocrx_word' id='word_1_179' title='bbox 499 3158 552 3192; x_wconf 79' lang='lat' dir='ltr'><strong>v.</strong></span> <span class='ocrx_word' id='word_1_180' title='bbox 575 3140 644 3204; x_wconf 72' lang='grc'><strong>46</strong></span> <span class='ocrx_word' id='word_1_181' title='bbox 664 3178 680 3205; x_wconf 90' lang='grc'><em>,</em></span> <span class='ocrx_word' id='word_1_182' title='bbox 704 3137 761 3190; x_wconf 92' lang='lat' dir='ltr'><strong>id</strong></span> <span class='ocrx_word' id='word_1_183' title='bbox 780 3149 858 3193; x_wconf 87' lang='lat' dir='ltr'><strong>est</strong></span> <span class='ocrx_word' id='word_1_184' title='bbox 873 3175 890 3202; x_wconf 89' lang='lat'><em>,</em></span> <span class='ocrx_word' id='word_1_185' title='bbox 911 3136 1176 3191; x_wconf 81' lang='lat' dir='ltr'><strong>cantando</strong></span> <span class='ocrx_word' id='word_1_186' title='bbox 1195 3156 1389 3211; x_wconf 80' lang='lat' dir='ltr'><strong>provo·</strong></span> 
     </span>
     <span class='ocr_line' id='line_1_35' title="bbox 367 3216 1388 3281; baseline 0.002 -12"><span class='ocrx_word' id='word_1_187' title='bbox 367 3233 524 3281; x_wconf 65' lang='grc' dir='ltr'><strong>(ιιι-ος</strong></span> <span class='ocrx_word' id='word_1_188' title='bbox 573 3228 626 3270; x_wconf 84' lang='lat' dir='ltr'><strong>et</strong></span> <span class='ocrx_word' id='word_1_189' title='bbox 665 3236 897 3269; x_wconf 76' lang='lat' dir='ltr'><strong>aut-oram</strong></span> <span class='ocrx_word' id='word_1_190' title='bbox 943 3237 1131 3270; x_wconf 79' lang='lat' dir='ltr'><strong>vocare</strong></span> <span class='ocrx_word' id='word_1_191' title='bbox 1175 3216 1388 3271; x_wconf 80' lang='lat' dir='ltr'><strong>Lucifer</strong></span> 
     </span>
     <span class='ocr_line' id='line_1_36' title="bbox 366 3297 1386 3368; baseline 0.001 -17"><span class='ocrx_word' id='word_1_192' title='bbox 366 3297 586 3365; x_wconf 77' lang='lat' dir='ltr'><strong>ovidio,</strong></span> <span class='ocrx_word' id='word_1_193' title='bbox 601 3297 820 3352; x_wconf 80' lang='lat' dir='ltr'><strong>Metam.</strong></span> <span class='ocrx_word' id='word_1_194' title='bbox 842 3298 923 3351; x_wconf 81' lang='lat' dir='ltr'><strong>xl</strong></span> <span class='ocrx_word' id='word_1_195' title='bbox 940 3336 956 3363; x_wconf 87' lang='lat'><strong>,</strong></span> <span class='ocrx_word' id='word_1_196' title='bbox 983 3302 1101 3368; x_wconf 81' lang='lat'><strong>296.</strong></span> <span class='ocrx_word' id='word_1_197' title='bbox 1125 3297 1386 3352; x_wconf 76' lang='lat' dir='ltr'><strong>Caeterum</strong></span> 
     </span>
     <span class='ocr_line' id='line_1_37' title="bbox 367 3375 1384 3438; baseline -0.002 -9"><span class='ocrx_word' id='word_1_198' title='bbox 367 3376 423 3429; x_wconf 86' lang='lat' dir='ltr'><strong>in</strong></span> <span class='ocrx_word' id='word_1_199' title='bbox 463 3378 686 3431; x_wconf 77' lang='lat' dir='ltr'><strong>Salmas.</strong></span> <span class='ocrx_word' id='word_1_200' title='bbox 726 3380 1007 3438; x_wconf 74' lang='lat' dir='ltr'><strong>revivescit,</strong></span> <span class='ocrx_word' id='word_1_201' title='bbox 1049 3387 1101 3429; x_wconf 87' lang='lat' dir='ltr'><strong>et</strong></span> <span class='ocrx_word' id='word_1_202' title='bbox 1135 3376 1189 3429; x_wconf 84' lang='lat' dir='ltr'><strong>in</strong></span> <span class='ocrx_word' id='word_1_203' title='bbox 1234 3375 1384 3430; x_wconf 82' lang='lat' dir='ltr'><strong>Leid.</strong></span> 
     </span>
     <span class='ocr_line' id='line_1_38' title="bbox 367 3454 1388 3529; baseline -0.001 -19"><span class='ocrx_word' id='word_1_204' title='bbox 367 3456 458 3510; x_wconf 83' lang='lat' dir='ltr'><strong>sed</strong></span> <span class='ocrx_word' id='word_1_205' title='bbox 481 3476 511 3511; x_wconf 87' lang='lat' dir='ltr'><strong>a</strong></span> <span class='ocrx_word' id='word_1_206' title='bbox 543 3476 706 3510; x_wconf 86' lang='lat' dir='ltr'><strong>manu</strong></span> <span class='ocrx_word' id='word_1_207' title='bbox 731 3475 837 3511; x_wconf 84' lang='lat' dir='ltr'><strong>sec.</strong></span> <span class='ocrx_word' id='word_1_208' title='bbox 870 3459 1129 3518; x_wconf 75' lang='lat' dir='ltr'><strong>reviviscit,</strong></span> <span class='ocrx_word' id='word_1_209' title='bbox 1164 3454 1309 3529; x_wconf 87' lang='lat' dir='ltr'><strong>quod</strong></span> <span class='ocrx_word' id='word_1_210' title='bbox 1334 3468 1388 3510; x_wconf 86' lang='lat' dir='ltr'><strong>et</strong></span> 
     </span>
     <span class='ocr_line' id='line_1_39' title="bbox 367 3534 1386 3591; baseline 0 -2"><span class='ocrx_word' id='word_1_211' title='bbox 367 3536 422 3589; x_wconf 85' lang='lat' dir='ltr'><strong>in</strong></span> <span class='ocrx_word' id='word_1_212' title='bbox 446 3536 748 3589; x_wconf 77' lang='lat' dir='ltr'><strong>Divionens-</strong></span> <span class='ocrx_word' id='word_1_213' title='bbox 780 3534 1006 3591; x_wconf 85' lang='lat' dir='ltr'><strong>schedis.</strong></span> <span class='ocrx_word' id='word_1_214' title='bbox 1044 3534 1148 3589; x_wconf 85' lang='lat' dir='ltr'><strong>Sed</strong></span> <span class='ocrx_word' id='word_1_215' title='bbox 1185 3536 1386 3590; x_wconf 86' lang='lat' dir='ltr'><strong>correxi</strong></span> 
     </span>
     <span class='ocr_line' id='line_1_40' title="bbox 367 3614 1383 3686; baseline -0.001 -17"><span class='ocrx_word' id='word_1_216' title='bbox 367 3618 626 3669; x_wconf 72' lang='lat' dir='ltr'><strong>revirescit.</strong></span> <span class='ocrx_word' id='word_1_217' title='bbox 679 3614 773 3667; x_wconf 73' lang='lat' dir='ltr'><strong>11ae</strong></span> <span class='ocrx_word' id='word_1_218' title='bbox 809 3614 950 3669; x_wconf 84' lang='lat' dir='ltr'><strong>enim</strong></span> <span class='ocrx_word' id='word_1_219' title='bbox 991 3632 1148 3667; x_wconf 83' lang='lat' dir='ltr'><strong>voces</strong></span> <span class='ocrx_word' id='word_1_220' title='bbox 1187 3615 1383 3686; x_wconf 87' lang='lat' dir='ltr'><strong>passim</strong></span> 
     </span>
     <span class='ocr_line' id='line_1_41' title="bbox 365 3692 1382 3766; baseline 0.001 -20"><span class='ocrx_word' id='word_1_221' title='bbox 365 3694 421 3747; x_wconf 88' lang='lat' dir='ltr'><strong>in</strong></span> <span class='ocrx_word' id='word_1_222' title='bbox 465 3693 600 3747; x_wconf 82' lang='lat' dir='ltr'><strong>MSS</strong></span> <span class='ocrx_word' id='word_1_223' title='bbox 653 3692 1084 3756; x_wconf 75' lang='lat' dir='ltr'><strong>confunduntur3</strong></span> <span class='ocrx_word' id='word_1_224' title='bbox 1127 3705 1187 3746; x_wconf 90' lang='lat' dir='ltr'><strong>ut</strong></span> <span class='ocrx_word' id='word_1_225' title='bbox 1239 3692 1382 3766; x_wconf 90' lang='lat' dir='ltr'><strong>apud</strong></span> 
     </span>
     <span class='ocr_line' id='line_1_42' title="bbox 366 3772 1382 3845; baseline 0 -19"><span class='ocrx_word' id='word_1_226' title='bbox 366 3774 477 3827; x_wconf 85' lang='lat' dir='ltr'><strong>Cic.</strong></span> <span class='ocrx_word' id='word_1_227' title='bbox 496 3772 721 3845; x_wconf 84' lang='lat' dir='ltr'><strong>Philipp.</strong></span> <span class='ocrx_word' id='word_1_228' title='bbox 739 3772 824 3826; x_wconf 92' lang='lat'><strong>111</strong></span> <span class='ocrx_word' id='word_1_229' title='bbox 843 3811 859 3837; x_wconf 88' lang='lat'><strong>,</strong></span> <span class='ocrx_word' id='word_1_230' title='bbox 895 3791 1013 3845; x_wconf 86' lang='lat' dir='ltr'><strong>cap.</strong></span> <span class='ocrx_word' id='word_1_231' title='bbox 1041 3790 1064 3825; x_wconf 89' lang='lat'>1</span> <span class='ocrx_word' id='word_1_232' title='bbox 1084 3811 1101 3838; x_wconf 87' lang='lat'>,</span> <span class='ocrx_word' id='word_1_233' title='bbox 1132 3798 1156 3817; x_wconf 72' lang='grc' dir='ltr'><strong>α</strong></span> <span class='ocrx_word' id='word_1_234' title='bbox 1182 3773 1276 3845; x_wconf 85' lang='lat' dir='ltr'><strong>qui</strong></span> <span class='ocrx_word' id='word_1_235' title='bbox 1303 3790 1382 3826; x_wconf 79' lang='lat' dir='ltr'><strong>se-</strong></span> 
     </span>
     <span class='ocr_line' id='line_1_43' title="bbox 363 3850 1387 3924; baseline -0.002 -19"><span class='ocrx_word' id='word_1_236' title='bbox 363 3864 550 3905; x_wconf 83' lang='lat' dir='ltr'><strong>natum</strong></span> <span class='ocrx_word' id='word_1_237' title='bbox 575 3850 757 3905; x_wconf 86' lang='lat' dir='ltr'><strong>dolent</strong></span> <span class='ocrx_word' id='word_1_238' title='bbox 781 3851 852 3905; x_wconf 87' lang='lat' dir='ltr'><strong>ad</strong></span> <span class='ocrx_word' id='word_1_239' title='bbox 873 3850 1200 3907; x_wconf 74' lang='lat' dir='ltr'><strong>auctoritatis</strong></span> <span class='ocrx_word' id='word_1_240' title='bbox 1216 3851 1387 3924; x_wconf 79' lang='lat' dir='ltr'><strong>pristi-</strong></span> 
     </span>
     <span class='ocr_line' id='line_1_44' title="bbox 365 3930 1386 4003; baseline 0.003 -20"><span class='ocrx_word' id='word_1_241' title='bbox 365 3950 444 3984; x_wconf 80' lang='lat' dir='ltr'><strong>me</strong></span> <span class='ocrx_word' id='word_1_242' title='bbox 470 3948 620 4003; x_wconf 84' lang='lat' dir='ltr'><strong>spem</strong></span> <span class='ocrx_word' id='word_1_243' title='bbox 643 3932 1033 3995; x_wconf 72' lang='lat' dir='ltr'><strong>revirescere»;</strong></span> <span class='ocrx_word' id='word_1_244' title='bbox 1069 3930 1162 3984; x_wconf 86' lang='lat' dir='ltr'><strong>ubi</strong></span> <span class='ocrx_word' id='word_1_245' title='bbox 1191 3932 1245 3984; x_wconf 87' lang='lat' dir='ltr'><strong>in</strong></span> <span class='ocrx_word' id='word_1_246' title='bbox 1272 3932 1386 3987; x_wconf 85' lang='lat' dir='ltr'><strong>aliis</strong></span> 
     </span>
     <span class='ocr_line' id='line_1_45' title="bbox 363 4009 1385 4083; baseline 0.004 -20"><span class='ocrx_word' id='word_1_247' title='bbox 363 4010 492 4065; x_wconf 65' lang='lat' dir='ltr'><strong>MSS</strong></span> <span class='ocrx_word' id='word_1_248' title='bbox 509 4022 562 4063; x_wconf 84' lang='lat' dir='ltr'><strong>et</strong></span> <span class='ocrx_word' id='word_1_249' title='bbox 589 4010 708 4063; x_wconf 87' lang='lat' dir='ltr'><strong>cod.</strong></span> <span class='ocrx_word' id='word_1_250' title='bbox 731 4009 886 4063; x_wconf 82' lang='lat' dir='ltr'><strong>Leid.</strong></span> <span class='ocrx_word' id='word_1_251' title='bbox 907 4013 1211 4073; x_wconf 71' lang='lat' dir='ltr'><strong>reviviscere,</strong></span> <span class='ocrx_word' id='word_1_252' title='bbox 1239 4010 1385 4083; x_wconf 81' lang='lat' dir='ltr'><strong>quod</strong></span> 
     </span>
     <span class='ocr_line' id='line_1_46' title="bbox 365 4089 1386 4161; baseline 0.005 -21"><span class='ocrx_word' id='word_1_253' title='bbox 365 4100 416 4141; x_wconf 88' lang='lat' dir='ltr'><strong>et</strong></span> <span class='ocrx_word' id='word_1_254' title='bbox 459 4089 720 4161; x_wconf 75' lang='lat' dir='ltr'><strong>probabat</strong></span> <span class='ocrx_word' id='word_1_255' title='bbox 761 4090 1054 4153; x_wconf 59' lang='lat' dir='ltr'><strong>Gruterum</strong></span> <span class='ocrx_word' id='word_1_256' title='bbox 1106 4090 1198 4143; x_wconf 84' lang='lat' dir='ltr'><strong>sed</strong></span> <span class='ocrx_word' id='word_1_257' title='bbox 1244 4104 1386 4145; x_wconf 86' lang='lat' dir='ltr'><strong>recte</strong></span> 
     </span>
    </p>
   </div>
   <div class='ocr_carea' id='block_1_6' title="bbox 1459 1229 2515 4145">
    <p class='ocr_par' dir='ltr' id='par_1_10' title="bbox 1475 1229 2507 1520">
     <span class='ocr_line' id='line_1_47' title="bbox 1477 1229 2502 1301; baseline 0.006 -22"><span class='ocrx_word' id='word_1_258' title='bbox 1477 1232 1765 1281; x_wconf 76' lang='lat' dir='ltr'><strong>revirescere</strong></span> <span class='ocrx_word' id='word_1_259' title='bbox 1827 1229 2171 1301; x_wconf 66' lang='lat' dir='ltr'><strong>pretulerunt</strong></span> <span class='ocrx_word' id='word_1_260' title='bbox 2226 1230 2465 1285; x_wconf 84' lang='lat' dir='ltr'><strong>Faernus</strong></span> <span class='ocrx_word' id='word_1_261' title='bbox 2484 1270 2502 1297; x_wconf 87' lang='lat'><em>,</em></span> 
     </span>
     <span class='ocr_line' id='line_1_48' title="bbox 1475 1306 2506 1371; baseline 0.002 -11"><span class='ocrx_word' id='word_1_262' title='bbox 1475 1306 1743 1371; x_wconf 80' lang='lat' dir='ltr'><strong>Muretus,</strong></span> <span class='ocrx_word' id='word_1_263' title='bbox 1764 1308 2054 1361; x_wconf 74' lang='lat' dir='ltr'><strong>Lambinus</strong></span> <span class='ocrx_word' id='word_1_264' title='bbox 2081 1321 2136 1362; x_wconf 87' lang='lat' dir='ltr'><strong>et</strong></span> <span class='ocrx_word' id='word_1_265' title='bbox 2162 1308 2421 1363; x_wconf 60' lang='lat' dir='ltr'><strong>Gravius.</strong></span> <span class='ocrx_word' id='word_1_266' title='bbox 2438 1310 2506 1362; x_wconf 85' lang='lat' dir='ltr'><strong>Et</strong></span> 
     </span>
     <span class='ocr_line' id='line_1_49' title="bbox 1475 1387 2507 1443; baseline 0.003 -3"><span class='ocrx_word' id='word_1_267' title='bbox 1475 1400 1618 1440; x_wconf 88' lang='lat' dir='ltr'><strong>certe</strong></span> <span class='ocrx_word' id='word_1_268' title='bbox 1648 1387 1752 1441; x_wconf 86' lang='lat' dir='ltr'><strong>hoc</strong></span> <span class='ocrx_word' id='word_1_269' title='bbox 1790 1388 1848 1441; x_wconf 90' lang='lat' dir='ltr'><strong>in</strong></span> <span class='ocrx_word' id='word_1_270' title='bbox 1880 1405 2035 1441; x_wconf 82' lang='lat' dir='ltr'><strong>versu</strong></span> <span class='ocrx_word' id='word_1_271' title='bbox 2074 1389 2311 1441; x_wconf 63' lang='lat' dir='ltr'><strong>mvivtkcit</strong></span> <span class='ocrx_word' id='word_1_272' title='bbox 2336 1400 2507 1443; x_wconf 87' lang='lat' dir='ltr'><strong>metro</strong></span> 
     </span>
     <span class='ocr_line' id='line_1_50' title="bbox 1475 1464 2005 1520; baseline -0.002 -1"><span class='ocrx_word' id='word_1_273' title='bbox 1475 1464 1801 1519; x_wconf 74' lang='lat' dir='ltr'><strong>adversatur.</strong></span> <span class='ocrx_word' id='word_1_274' title='bbox 1823 1466 2005 1520; x_wconf 76' lang='lat' dir='ltr'><strong>Bm.</strong></span> 
     </span>
    </p>

    <p class='ocr_par' dir='ltr' id='par_1_11' title="bbox 1459 1548 2515 2571">
     <span class='ocr_line' id='line_1_51' title="bbox 1549 1548 2502 1615; baseline 0.002 -18"><span class='ocrx_word' id='word_1_275' title='bbox 1549 1548 1633 1598; x_wconf 80' lang='grc'><strong>61.</strong></span> <span class='ocrx_word' id='word_1_276' title='bbox 1662 1550 1727 1597; x_wconf 72' lang='lat' dir='ltr'><strong>Et</strong></span> <span class='ocrx_word' id='word_1_277' title='bbox 1754 1548 1941 1599; x_wconf 62' lang='lat' dir='ltr'><strong>‘idn-eas</strong></span> <span class='ocrx_word' id='word_1_278' title='bbox 1972 1548 2101 1615; x_wconf 64' lang='lat' dir='ltr'><strong>figat</strong></span> <span class='ocrx_word' id='word_1_279' title='bbox 2125 1551 2276 1601; x_wconf 73' lang='lat' dir='ltr'><strong>her-ba</strong></span> <span class='ocrx_word' id='word_1_280' title='bbox 2306 1568 2475 1599; x_wconf 77' lang='lat' dir='ltr'><strong>comas</strong></span> <span class='ocrx_word' id='word_1_281' title='bbox 2487 1587 2502 1609; x_wconf 90' lang='lat'><strong><em>,</em></strong></span> 
     </span>
     <span class='ocr_line' id='line_1_52' title="bbox 1475 1626 2506 1694; baseline 0.005 -19"><span class='ocrx_word' id='word_1_282' title='bbox 1475 1627 1643 1694; x_wconf 77' lang='lat' dir='ltr'><strong>neefa</strong></span> <span class='ocrx_word' id='word_1_283' title='bbox 1649 1629 1725 1678; x_wconf 72' lang='lat' dir='ltr'><strong>llic</strong></span> <span class='ocrx_word' id='word_1_284' title='bbox 1735 1630 1923 1686; x_wconf 69' lang='lat' dir='ltr'><strong>aristae,</strong></span> <span class='ocrx_word' id='word_1_285' title='bbox 1938 1636 2021 1677; x_wconf 87' lang='lat' dir='ltr'><strong>etc</strong></span> <span class='ocrx_word' id='word_1_286' title='bbox 2030 1666 2045 1678; x_wconf 89' lang='lat'><strong>.</strong></span> <span class='ocrx_word' id='word_1_287' title='bbox 2056 1626 2213 1680; x_wconf 85' lang='lat' dir='ltr'><strong>Forte</strong></span> <span class='ocrx_word' id='word_1_288' title='bbox 2224 1630 2412 1679; x_wconf 77' lang='lat' dir='ltr'><strong>virides</strong></span> <span class='ocrx_word' id='word_1_289' title='bbox 2425 1646 2506 1681; x_wconf 82' lang='lat' dir='ltr'><strong>eo-</strong></span> 
     </span>
     <span class='ocr_line' id='line_1_53' title="bbox 1477 1703 2515 1776; baseline 0.004 -21"><span class='ocrx_word' id='word_1_290' title='bbox 1477 1722 1585 1755; x_wconf 82' lang='lat' dir='ltr'><strong>mas</strong></span> <span class='ocrx_word' id='word_1_291' title='bbox 1596 1726 1617 1764; x_wconf 86' lang='lat'><strong>,-</strong></span> <span class='ocrx_word' id='word_1_292' title='bbox 1652 1703 1777 1757; x_wconf 88' lang='lat' dir='ltr'><strong>dein</strong></span> <span class='ocrx_word' id='word_1_293' title='bbox 1798 1703 2198 1776; x_wconf 82' lang='lat' dir='ltr'><strong>corruptissime</strong></span> <span class='ocrx_word' id='word_1_294' title='bbox 2217 1705 2272 1758; x_wconf 87' lang='lat' dir='ltr'><strong>in</strong></span> <span class='ocrx_word' id='word_1_295' title='bbox 2290 1706 2515 1760; x_wconf 85' lang='lat' dir='ltr'><strong>Divion.&#39;</strong></span> 
     </span>
     <span class='ocr_line' id='line_1_54' title="bbox 1477 1784 2503 1852; baseline 0.005 -19"><span class='ocrx_word' id='word_1_296' title='bbox 1477 1804 1569 1834; x_wconf 78' lang='lat' dir='ltr'><strong>nec</strong></span> <span class='ocrx_word' id='word_1_297' title='bbox 1583 1785 1831 1852; x_wconf 75' lang='lat' dir='ltr'><strong>sallae‘dam</strong></span> <span class='ocrx_word' id='word_1_298' title='bbox 1850 1784 1876 1810; x_wconf 75' lang='lat'><strong>⁴¹</strong></span> <span class='ocrx_word' id='word_1_299' title='bbox 1908 1798 2067 1836; x_wconf 75' lang='lat' dir='ltr'><strong>stans.</strong></span> <span class='ocrx_word' id='word_1_300' title='bbox 2105 1786 2171 1837; x_wconf 86' lang='lat' dir='ltr'><strong>In</strong></span> <span class='ocrx_word' id='word_1_301' title='bbox 2202 1784 2373 1838; x_wconf 80' lang='lat' dir='ltr'><strong>Salm.</strong></span> <span class='ocrx_word' id='word_1_302' title='bbox 2408 1805 2503 1837; x_wconf 74' lang='lat' dir='ltr'><strong>nee</strong></span> 
     </span>
     <span class='ocr_line' id='line_1_55' title="bbox 1459 1862 2500 1933; baseline 0.003 -20"><span class='ocrx_word' id='word_1_303' title='bbox 1459 1862 1612 1931; x_wconf 78' lang='lat' dir='ltr'><strong>fallit</strong></span> <span class='ocrx_word' id='word_1_304' title='bbox 1625 1866 1806 1915; x_wconf 68' lang='lat' dir='ltr'><strong>aristas</strong></span> <span class='ocrx_word' id='word_1_305' title='bbox 1818 1876 2109 1933; x_wconf 76' lang='lat' dir='ltr'><strong>proventum</strong></span> <span class='ocrx_word' id='word_1_306' title='bbox 2128 1868 2327 1916; x_wconf 77' lang='lat' dir='ltr'><strong>meliore</strong></span> <span class='ocrx_word' id='word_1_307' title='bbox 2341 1866 2467 1915; x_wconf 78' lang='lat' dir='ltr'><strong>diem</strong></span> <span class='ocrx_word' id='word_1_308' title='bbox 2478 1886 2500 1925; x_wconf 83' lang='lat'><strong>‚-</strong></span> 
     </span>
     <span class='ocr_line' id='line_1_56' title="bbox 1476 1941 2501 2015; baseline 0.003 -22"><span class='ocrx_word' id='word_1_309' title='bbox 1476 1953 1532 1993; x_wconf 85' lang='lat' dir='ltr'><strong>et</strong></span> <span class='ocrx_word' id='word_1_310' title='bbox 1558 1942 1633 1995; x_wconf 88' lang='lat' dir='ltr'><strong>sic</strong></span> <span class='ocrx_word' id='word_1_311' title='bbox 1652 1941 1802 1996; x_wconf 87' lang='lat' dir='ltr'><strong>Leid.</strong></span> <span class='ocrx_word' id='word_1_312' title='bbox 1824 1942 1918 1995; x_wconf 88' lang='lat' dir='ltr'><strong>sed</strong></span> <span class='ocrx_word' id='word_1_313' title='bbox 1942 1941 1999 1995; x_wconf 89' lang='lat' dir='ltr'><strong>in</strong></span> <span class='ocrx_word' id='word_1_314' title='bbox 2024 1960 2134 2015; x_wconf 87' lang='lat' dir='ltr'><strong>quo</strong></span> <span class='ocrx_word' id='word_1_315' title='bbox 2151 1946 2261 2005; x_wconf 80' lang='lat' dir='ltr'><strong>die,</strong></span> <span class='ocrx_word' id='word_1_316' title='bbox 2284 1954 2353 1996; x_wconf 81' lang='lat' dir='ltr'><strong>ut</strong></span> <span class='ocrx_word' id='word_1_317' title='bbox 2374 1954 2427 1996; x_wconf 88' lang='lat' dir='ltr'><strong>et</strong></span> <span class='ocrx_word' id='word_1_318' title='bbox 2442 1944 2501 1996; x_wconf 88' lang='lat' dir='ltr'><strong>in</strong></span> 
     </span>
     <span class='ocr_line' id='line_1_57' title="bbox 1477 2020 2505 2093; baseline 0 -20"><span class='ocrx_word' id='word_1_319' title='bbox 1477 2020 1696 2075; x_wconf 79' lang='lat' dir='ltr'><strong>Divion.</strong></span> <span class='ocrx_word' id='word_1_320' title='bbox 1735 2024 1819 2075; x_wconf 83' lang='lat' dir='ltr'><strong>An</strong></span> <span class='ocrx_word' id='word_1_321' title='bbox 1864 2020 2203 2075; x_wconf 86' lang='lat' dir='ltr'><strong>scribendum</strong></span> <span class='ocrx_word' id='word_1_322' title='bbox 2240 2043 2333 2075; x_wconf 80' lang='lat' dir='ltr'><strong>nec</strong></span> <span class='ocrx_word' id='word_1_323' title='bbox 2358 2024 2505 2093; x_wconf 79' lang='lat' dir='ltr'><strong>fallit</strong></span> 
     </span>
     <span class='ocr_line' id='line_1_58' title="bbox 1475 2102 2500 2157; baseline 0.006 -7"><span class='ocrx_word' id='word_1_324' title='bbox 1475 2103 1659 2151; x_wconf 71' lang='lat' dir='ltr'><strong>aristas</strong></span> <span class='ocrx_word' id='word_1_325' title='bbox 1680 2106 1914 2154; x_wconf 76' lang='lat' dir='ltr'><strong>vaemu</strong></span> <span class='ocrx_word' id='word_1_326' title='bbox 1937 2103 2135 2153; x_wconf 79' lang='lat' dir='ltr'><strong>meliore</strong></span> <span class='ocrx_word' id='word_1_327' title='bbox 2160 2104 2281 2153; x_wconf 80' lang='lat' dir='ltr'><strong>dies.</strong></span> <span class='ocrx_word' id='word_1_328' title='bbox 2304 2102 2500 2157; x_wconf 64' lang='lat' dir='ltr'><strong>Burtu-</strong></span> 
     </span>
     <span class='ocr_line' id='line_1_59' title="bbox 1473 2178 2502 2249; baseline 0.004 -18"><span class='ocrx_word' id='word_1_329' title='bbox 1473 2178 1651 2233; x_wconf 85' lang='lat' dir='ltr'><strong>Etiam</strong></span> <span class='ocrx_word' id='word_1_330' title='bbox 1690 2183 1821 2249; x_wconf 69' lang='lat' dir='ltr'><strong>ligat</strong></span> <span class='ocrx_word' id='word_1_331' title='bbox 1856 2182 2007 2233; x_wconf 74' lang='lat' dir='ltr'><strong>herba</strong></span> <span class='ocrx_word' id='word_1_332' title='bbox 2048 2200 2215 2233; x_wconf 76' lang='lat' dir='ltr'><strong>eomas</strong></span> <span class='ocrx_word' id='word_1_333' title='bbox 2258 2180 2391 2235; x_wconf 86' lang='lat' dir='ltr'><strong>mihi</strong></span> <span class='ocrx_word' id='word_1_334' title='bbox 2422 2200 2502 2235; x_wconf 79' lang='lat' dir='ltr'><strong>su·</strong></span> 
     </span>
     <span class='ocr_line' id='line_1_60' title="bbox 1475 2262 2504 2332; baseline 0.003 -21"><span class='ocrx_word' id='word_1_335' title='bbox 1475 2272 1713 2331; x_wconf 84' lang='lat' dir='ltr'><strong>spectum</strong></span> <span class='ocrx_word' id='word_1_336' title='bbox 1746 2274 1843 2315; x_wconf 86' lang='lat' dir='ltr'><strong>est.</strong></span> <span class='ocrx_word' id='word_1_337' title='bbox 1881 2262 2027 2332; x_wconf 77' lang='lat' dir='ltr'><strong>Lego</strong></span> <span class='ocrx_word' id='word_1_338' title='bbox 2050 2266 2119 2313; x_wconf 79' lang='lat' dir='ltr'><strong>Ee</strong></span> <span class='ocrx_word' id='word_1_339' title='bbox 2148 2262 2335 2313; x_wconf 75' lang='lat' dir='ltr'><strong>virides</strong></span> <span class='ocrx_word' id='word_1_340' title='bbox 2373 2265 2504 2314; x_wconf 76' lang='lat' dir='ltr'><strong>levae</strong></span> 
     </span>
     <span class='ocr_line' id='line_1_61' title="bbox 1473 2339 2503 2409; baseline 0.005 -21"><span class='ocrx_word' id='word_1_341' title='bbox 1473 2340 1627 2389; x_wconf 60' lang='lat' dir='ltr'><strong>herba</strong></span> <span class='ocrx_word' id='word_1_342' title='bbox 1644 2358 1837 2400; x_wconf 78' lang='lat' dir='ltr'><strong>comas,</strong></span> <span class='ocrx_word' id='word_1_343' title='bbox 1857 2339 1941 2393; x_wconf 83' lang='lat' dir='ltr'><strong>vel</strong></span> <span class='ocrx_word' id='word_1_344' title='bbox 1960 2344 2027 2391; x_wconf 76' lang='lat' dir='ltr'><strong>Ee</strong></span> <span class='ocrx_word' id='word_1_345' title='bbox 2049 2344 2175 2392; x_wconf 69' lang='lat' dir='ltr'><strong>uites</strong></span> <span class='ocrx_word' id='word_1_346' title='bbox 2202 2344 2335 2409; x_wconf 67' lang='lat' dir='ltr'><strong>ligae</strong></span> <span class='ocrx_word' id='word_1_347' title='bbox 2354 2344 2503 2393; x_wconf 76' lang='lat' dir='ltr'><strong>arbor</strong></span> 
     </span>
     <span class='ocr_line' id='line_1_62' title="bbox 1473 2421 2500 2489; baseline 0.007 -22"><span class='ocrx_word' id='word_1_348' title='bbox 1473 2436 1653 2470; x_wconf 80' lang='lat' dir='ltr'><strong>amans</strong></span> <span class='ocrx_word' id='word_1_349' title='bbox 1672 2458 1687 2481; x_wconf 92' lang='lat'>,</span> <span class='ocrx_word' id='word_1_350' title='bbox 1738 2440 1829 2471; x_wconf 79' lang='lat' dir='ltr'><strong>nec</strong></span> <span class='ocrx_word' id='word_1_351' title='bbox 1850 2421 2001 2489; x_wconf 77' lang='lat' dir='ltr'><strong>fallit</strong></span> <span class='ocrx_word' id='word_1_352' title='bbox 2038 2423 2209 2471; x_wconf 78' lang='lat' dir='ltr'><strong>cm’seoe</strong></span> <span class='ocrx_word' id='word_1_353' title='bbox 2239 2426 2500 2474; x_wconf 68' lang='lat' dir='ltr'><strong>Provenms</strong></span> 
     </span>
     <span class='ocr_line' id='line_1_63' title="bbox 1473 2498 2286 2571; baseline 0.007 -24"><span class='ocrx_word' id='word_1_354' title='bbox 1473 2500 1671 2549; x_wconf 76' lang='lat' dir='ltr'><strong>meliore</strong></span> <span class='ocrx_word' id='word_1_355' title='bbox 1690 2502 1797 2561; x_wconf 79' lang='lat' dir='ltr'><strong>die,</strong></span> <span class='ocrx_word' id='word_1_356' title='bbox 1829 2498 1864 2550; x_wconf 90' lang='lat' dir='ltr'><strong>i.</strong></span> <span class='ocrx_word' id='word_1_357' title='bbox 1890 2518 1937 2552; x_wconf 90' lang='lat' dir='ltr'><strong>e.</strong></span> <span class='ocrx_word' id='word_1_358' title='bbox 1965 2510 2286 2571; x_wconf 75' lang='lat' dir='ltr'><strong>tempestate.</strong></span> 
     </span>
    </p>

    <p class='ocr_par' dir='ltr' id='par_1_12' title="bbox 1471 2578 2501 3917">
     <span class='ocr_line' id='line_1_64' title="bbox 1546 2578 2500 2649; baseline 0.007 -22"><span class='ocrx_word' id='word_1_359' title='bbox 1546 2578 1631 2640; x_wconf 69' lang='lat'><strong>64.</strong></span> <span class='ocrx_word' id='word_1_360' title='bbox 1658 2582 1727 2629; x_wconf 82' lang='lat' dir='ltr'><strong>Ee</strong></span> <span class='ocrx_word' id='word_1_361' title='bbox 1742 2594 1931 2631; x_wconf 74' lang='lat' dir='ltr'><strong>noctem</strong></span> <span class='ocrx_word' id='word_1_362' title='bbox 1946 2600 2040 2649; x_wconf 82' lang='lat' dir='ltr'><strong>per</strong></span> <span class='ocrx_word' id='word_1_363' title='bbox 2053 2594 2179 2631; x_wconf 78' lang='lat' dir='ltr'><strong>vota</strong></span> <span class='ocrx_word' id='word_1_364' title='bbox 2195 2582 2347 2647; x_wconf 76' lang='lat' dir='ltr'><strong>capit.</strong></span> <span class='ocrx_word' id='word_1_365' title='bbox 2369 2580 2500 2633; x_wconf 71' lang='lat' dir='ltr'><strong>Mal-</strong></span> 
     </span>
     <span class='ocr_line' id='line_1_65' title="bbox 1472 2654 2501 2730; baseline 0.006 -23"><span class='ocrx_word' id='word_1_366' title='bbox 1472 2654 1577 2708; x_wconf 86' lang='lat' dir='ltr'><strong>lem</strong></span> <span class='ocrx_word' id='word_1_367' title='bbox 1613 2660 1774 2726; x_wconf 79' lang='lat' dir='ltr'><strong>rapit‚</strong></span> <span class='ocrx_word' id='word_1_368' title='bbox 1814 2657 1962 2730; x_wconf 88' lang='lat' dir='ltr'><strong>quod</strong></span> <span class='ocrx_word' id='word_1_369' title='bbox 1993 2660 2185 2712; x_wconf 86' lang='lat' dir='ltr'><strong>aratori</strong></span> <span class='ocrx_word' id='word_1_370' title='bbox 2228 2658 2365 2712; x_wconf 80' lang='lat' dir='ltr'><strong>fesso</strong></span> <span class='ocrx_word' id='word_1_371' title='bbox 2388 2698 2404 2724; x_wconf 92' lang='lat'>,</span> <span class='ocrx_word' id='word_1_372' title='bbox 2446 2673 2501 2714; x_wconf 86' lang='lat' dir='ltr'><strong>et</strong></span> 
     </span>
     <span class='ocr_line' id='line_1_66' title="bbox 1472 2736 2501 2805; baseline 0.005 -17"><span class='ocrx_word' id='word_1_373' title='bbox 1472 2736 1780 2805; x_wconf 80' lang='lat' dir='ltr'><strong>parcissimo</strong></span> <span class='ocrx_word' id='word_1_374' title='bbox 1810 2757 1997 2791; x_wconf 87' lang='lat' dir='ltr'><strong>somno</strong></span> <span class='ocrx_word' id='word_1_375' title='bbox 2031 2738 2271 2792; x_wconf 83' lang='lat' dir='ltr'><strong>membra</strong></span> <span class='ocrx_word' id='word_1_376' title='bbox 2294 2738 2363 2791; x_wconf 87' lang='lat' dir='ltr'><strong>ad</strong></span> <span class='ocrx_word' id='word_1_377' title='bbox 2392 2758 2501 2793; x_wconf 86' lang='lat' dir='ltr'><strong>ma-</strong></span> 
     </span>
     <span class='ocr_line' id='line_1_67' title="bbox 1473 2815 2501 2891; baseline 0.007 -26"><span class='ocrx_word' id='word_1_378' title='bbox 1473 2815 1709 2869; x_wconf 81' lang='lat' dir='ltr'><strong>tutinum</strong></span> <span class='ocrx_word' id='word_1_379' title='bbox 1743 2818 1977 2870; x_wconf 84' lang='lat' dir='ltr'><strong>laborem</strong></span> <span class='ocrx_word' id='word_1_380' title='bbox 2003 2818 2273 2891; x_wconf 80' lang='lat' dir='ltr'><strong>reparanti</strong></span> <span class='ocrx_word' id='word_1_381' title='bbox 2312 2819 2501 2873; x_wconf 85' lang='lat' dir='ltr'><strong>melius</strong></span> 
     </span>
     <span class='ocr_line' id='line_1_68' title="bbox 1473 2896 2499 2969; baseline 0.006 -24"><span class='ocrx_word' id='word_1_382' title='bbox 1473 2896 1736 2948; x_wconf 79' lang='lat' dir='ltr'><strong>convenit.</strong></span> <span class='ocrx_word' id='word_1_383' title='bbox 1754 2898 2083 2969; x_wconf 87' lang='lat' dir='ltr'><strong>Frequenter</strong></span> <span class='ocrx_word' id='word_1_384' title='bbox 2098 2897 2195 2949; x_wconf 85' lang='lat' dir='ltr'><strong>bas</strong></span> <span class='ocrx_word' id='word_1_385' title='bbox 2208 2916 2363 2950; x_wconf 81' lang='lat' dir='ltr'><strong>voces</strong></span> <span class='ocrx_word' id='word_1_386' title='bbox 2379 2916 2499 2951; x_wconf 90' lang='lat' dir='ltr'><strong>con·</strong></span> 
     </span>
     <span class='ocr_line' id='line_1_69' title="bbox 1476 2973 2493 3047; baseline 0.008 -24"><span class='ocrx_word' id='word_1_387' title='bbox 1476 2973 1631 3028; x_wconf 81' lang='lat' dir='ltr'><strong>fundi</strong></span> <span class='ocrx_word' id='word_1_388' title='bbox 1668 2974 1719 3027; x_wconf 86' lang='lat' dir='ltr'><strong>in</strong></span> <span class='ocrx_word' id='word_1_389' title='bbox 1756 2974 1886 3030; x_wconf 85' lang='lat' dir='ltr'><strong>Mss</strong></span> <span class='ocrx_word' id='word_1_390' title='bbox 1924 2987 2109 3029; x_wconf 87' lang='lat' dir='ltr'><strong>notare</strong></span> <span class='ocrx_word' id='word_1_391' title='bbox 2136 2976 2493 3047; x_wconf 78' lang='lat' dir='ltr'><strong>supersedeo:</strong></span> 
     </span>
     <span class='ocr_line' id='line_1_70' title="bbox 1474 3050 2496 3127; baseline 0.005 -22"><span class='ocrx_word' id='word_1_392' title='bbox 1474 3050 1567 3105; x_wconf 82' lang='lat' dir='ltr'><strong>sed</strong></span> <span class='ocrx_word' id='word_1_393' title='bbox 1586 3066 1795 3125; x_wconf 78' lang='lat' dir='ltr'><strong>praestat</strong></span> <span class='ocrx_word' id='word_1_394' title='bbox 1814 3054 2017 3127; x_wconf 88' lang='lat' dir='ltr'><strong>ubique</strong></span> <span class='ocrx_word' id='word_1_395' title='bbox 2038 3076 2235 3123; x_wconf 77' lang='lat' dir='ltr'><strong>rapere,</strong></span> <span class='ocrx_word' id='word_1_396' title='bbox 2257 3056 2347 3109; x_wconf 89' lang='lat' dir='ltr'><strong>ubi</strong></span> <span class='ocrx_word' id='word_1_397' title='bbox 2367 3070 2496 3111; x_wconf 87' lang='lat' dir='ltr'><strong>tem-</strong></span> 
     </span>
     <span class='ocr_line' id='line_1_71' title="bbox 1472 3134 2498 3207; baseline 0.006 -22"><span class='ocrx_word' id='word_1_398' title='bbox 1472 3134 1621 3204; x_wconf 85' lang='lat' dir='ltr'><strong>poris</strong></span> <span class='ocrx_word' id='word_1_399' title='bbox 1654 3134 2028 3207; x_wconf 87' lang='lat' dir='ltr'><strong>compendium</strong></span> <span class='ocrx_word' id='word_1_400' title='bbox 2062 3134 2152 3199; x_wconf 77' lang='lat' dir='ltr'><strong>fit,</strong></span> <span class='ocrx_word' id='word_1_401' title='bbox 2188 3148 2239 3189; x_wconf 88' lang='lat' dir='ltr'><strong>et</strong></span> <span class='ocrx_word' id='word_1_402' title='bbox 2260 3136 2498 3191; x_wconf 85' lang='lat' dir='ltr'><strong>celeritas</strong></span> 
     </span>
     <span class='ocr_line' id='line_1_72' title="bbox 1472 3211 2496 3282; baseline 0.009 -19"><span class='ocrx_word' id='word_1_403' title='bbox 1472 3211 1757 3267; x_wconf 83' lang='lat' dir='ltr'><strong>indicatur.</strong></span> <span class='ocrx_word' id='word_1_404' title='bbox 1780 3214 2061 3281; x_wconf 86' lang='lat' dir='ltr'><strong>Horatius,</strong></span> <span class='ocrx_word' id='word_1_405' title='bbox 2084 3216 2265 3269; x_wconf 87' lang='lat' dir='ltr'><strong>Carm.</strong></span> <span class='ocrx_word' id='word_1_406' title='bbox 2285 3216 2369 3269; x_wconf 93' lang='lat' dir='ltr'><strong>III</strong></span> <span class='ocrx_word' id='word_1_407' title='bbox 2388 3255 2404 3281; x_wconf 92' lang='lat'>,</span> <span class='ocrx_word' id='word_1_408' title='bbox 2432 3221 2496 3282; x_wconf 86' lang='lat'><strong>8,</strong></span> 
     </span>
     <span class='ocr_line' id='line_1_73' title="bbox 1478 3292 2499 3367; baseline 0.006 -23"><span class='ocrx_word' id='word_1_409' title='bbox 1478 3309 1545 3361; x_wconf 77' lang='lat'><strong>²7</strong></span> <span class='ocrx_word' id='word_1_410' title='bbox 1559 3330 1575 3356; x_wconf 93' lang='lat'>,</span> <span class='ocrx_word' id='word_1_411' title='bbox 1596 3318 1623 3338; x_wconf 75' lang='grc' dir='ltr'>ι</span> <span class='ocrx_word' id='word_1_412' title='bbox 1636 3292 1777 3347; x_wconf 88' lang='lat' dir='ltr'><strong>dona</strong></span> <span class='ocrx_word' id='word_1_413' title='bbox 1798 3292 2065 3365; x_wconf 70' lang='lat' dir='ltr'><strong>praesentis</strong></span> <span class='ocrx_word' id='word_1_414' title='bbox 2084 3312 2215 3367; x_wconf 87' lang='lat' dir='ltr'><strong>rape</strong></span> <span class='ocrx_word' id='word_1_415' title='bbox 2232 3294 2381 3349; x_wconf 66' lang='lat' dir='ltr'><strong>letus</strong></span> <span class='ocrx_word' id='word_1_416' title='bbox 2399 3296 2499 3350; x_wconf 84' lang='lat' dir='ltr'><strong>ho-</strong></span> 
     </span>
     <span class='ocr_line' id='line_1_74' title="bbox 1474 3372 2499 3446; baseline 0.006 -23"><span class='ocrx_word' id='word_1_417' title='bbox 1474 3389 1547 3424; x_wconf 69' lang='lat' dir='ltr'><strong>rn</strong></span> <span class='ocrx_word' id='word_1_418' title='bbox 1564 3398 1590 3419; x_wconf 66' lang='lat' dir='ltr'><strong>a</strong></span> <span class='ocrx_word' id='word_1_419' title='bbox 1617 3390 1634 3435; x_wconf 68' lang='grc' dir='ltr'>ς</span> <span class='ocrx_word' id='word_1_420' title='bbox 1681 3372 1775 3426; x_wconf 87' lang='lat' dir='ltr'><strong>ubi</strong></span> <span class='ocrx_word' id='word_1_421' title='bbox 1814 3372 2029 3445; x_wconf 85' lang='lat' dir='ltr'><strong>quidem</strong></span> <span class='ocrx_word' id='word_1_422' title='bbox 2068 3374 2333 3429; x_wconf 82' lang='lat' dir='ltr'><strong>Bentleius</strong></span> <span class='ocrx_word' id='word_1_423' title='bbox 2374 3396 2499 3446; x_wconf 77' lang='lat' dir='ltr'><strong>cape</strong></span> 
     </span>
     <span class='ocr_line' id='line_1_75' title="bbox 1472 3452 2493 3528; baseline 0.005 -23"><span class='ocrx_word' id='word_1_424' title='bbox 1472 3452 1685 3521; x_wconf 66' lang='lat' dir='ltr'><strong>profert</strong></span> <span class='ocrx_word' id='word_1_425' title='bbox 1705 3490 1722 3517; x_wconf 90' lang='lat'><strong>,</strong></span> <span class='ocrx_word' id='word_1_426' title='bbox 1760 3452 1854 3506; x_wconf 83' lang='lat' dir='ltr'><strong>sed</strong></span> <span class='ocrx_word' id='word_1_427' title='bbox 1892 3456 2064 3526; x_wconf 83' lang='lat' dir='ltr'><strong>major</strong></span> <span class='ocrx_word' id='word_1_428' title='bbox 2091 3452 2337 3507; x_wconf 88' lang='lat' dir='ltr'><strong>codicum</strong></span> <span class='ocrx_word' id='word_1_429' title='bbox 2369 3474 2493 3528; x_wconf 82' lang='lat' dir='ltr'><strong>pars</strong></span> 
     </span>
     <span class='ocr_line' id='line_1_76' title="bbox 1473 3532 2496 3604; baseline 0.005 -21"><span class='ocrx_word' id='word_1_430' title='bbox 1473 3532 1531 3584; x_wconf 85' lang='lat' dir='ltr'><strong>in</strong></span> <span class='ocrx_word' id='word_1_431' title='bbox 1541 3532 1755 3586; x_wconf 82' lang='lat' dir='ltr'><strong>alteram</strong></span> <span class='ocrx_word' id='word_1_432' title='bbox 1769 3542 1821 3585; x_wconf 91' lang='lat' dir='ltr'><strong>et</strong></span> <span class='ocrx_word' id='word_1_433' title='bbox 1834 3532 2203 3604; x_wconf 73' lang='lat' dir='ltr'><strong>elegantiorem</strong></span> <span class='ocrx_word' id='word_1_434' title='bbox 2218 3534 2496 3588; x_wconf 88' lang='lat' dir='ltr'><strong>lectionem</strong></span> 
     </span>
     <span class='ocr_line' id='line_1_77' title="bbox 1473 3611 2494 3683; baseline 0.004 -18"><span class='ocrx_word' id='word_1_435' title='bbox 1473 3612 1754 3683; x_wconf 85' lang='lat' dir='ltr'><strong>conspirat.</strong></span> <span class='ocrx_word' id='word_1_436' title='bbox 1792 3618 1928 3682; x_wconf 74' lang='lat' dir='ltr'><strong>Rape</strong></span> <span class='ocrx_word' id='word_1_437' title='bbox 1960 3611 2069 3665; x_wconf 88' lang='lat' dir='ltr'><strong>illic</strong></span> <span class='ocrx_word' id='word_1_438' title='bbox 2108 3622 2219 3678; x_wconf 82' lang='lat' dir='ltr'><strong>est,</strong></span> <span class='ocrx_word' id='word_1_439' title='bbox 2252 3630 2321 3665; x_wconf 86' lang='lat' dir='ltr'><strong>ne</strong></span> <span class='ocrx_word' id='word_1_440' title='bbox 2350 3613 2494 3669; x_wconf 81' lang='lat' dir='ltr'><strong>sinas</strong></span> 
     </span>
     <span class='ocr_line' id='line_1_78' title="bbox 1471 3690 2496 3765; baseline 0.004 -22"><span class='ocrx_word' id='word_1_441' title='bbox 1471 3690 1724 3745; x_wconf 87' lang='lat' dir='ltr'><strong>inutiliter</strong></span> <span class='ocrx_word' id='word_1_442' title='bbox 1742 3690 2062 3765; x_wconf 72' lang='lat' dir='ltr'><strong>praeterlabi,</strong></span> <span class='ocrx_word' id='word_1_443' title='bbox 2078 3702 2137 3743; x_wconf 89' lang='lat' dir='ltr'><strong>ut</strong></span> <span class='ocrx_word' id='word_1_444' title='bbox 2144 3690 2295 3761; x_wconf 86' lang='lat' dir='ltr'><strong>Epod</strong></span> <span class='ocrx_word' id='word_1_445' title='bbox 2304 3731 2316 3743; x_wconf 95' lang='lat'><strong>.</strong></span> <span class='ocrx_word' id='word_1_446' title='bbox 2328 3692 2465 3748; x_wconf 84' lang='lat' dir='ltr'>XIII</span> <span class='ocrx_word' id='word_1_447' title='bbox 2477 3732 2496 3757; x_wconf 82' lang='grc'>,</span> 
     </span>
     <span class='ocr_line' id='line_1_79' title="bbox 1473 3769 2497 3845; baseline 0.002 -20"><span class='ocrx_word' id='word_1_448' title='bbox 1473 3772 1529 3835; x_wconf 82' lang='grc'><strong>3,</strong></span> <span class='ocrx_word' id='word_1_449' title='bbox 1551 3797 1578 3818; x_wconf 70' lang='grc' dir='ltr'><strong><em>κ</em></strong></span> <span class='ocrx_word' id='word_1_450' title='bbox 1592 3770 1862 3845; x_wconf 85' lang='lat' dir='ltr'><strong>rapiamus</strong></span> <span class='ocrx_word' id='word_1_451' title='bbox 1882 3769 2037 3823; x_wconf 84' lang='lat' dir='ltr'><strong>amici</strong></span> <span class='ocrx_word' id='word_1_452' title='bbox 2060 3770 2407 3825; x_wconf 81' lang='lat' dir='ltr'><strong>Occasionem</strong></span> <span class='ocrx_word' id='word_1_453' title='bbox 2428 3772 2497 3827; x_wconf 86' lang='lat' dir='ltr'><strong>de</strong></span> 
     </span>
     <span class='ocr_line' id='line_1_80' title="bbox 1473 3851 1967 3917; baseline -0.006 -11"><span class='ocrx_word' id='word_1_454' title='bbox 1473 3851 1562 3906; x_wconf 89' lang='lat' dir='ltr'><strong>die</strong></span> <span class='ocrx_word' id='word_1_455' title='bbox 1578 3890 1595 3917; x_wconf 86' lang='lat'>‚</span> <span class='ocrx_word' id='word_1_456' title='bbox 1618 3865 1715 3907; x_wconf 88' lang='lat' dir='ltr'><strong>etc.</strong></span> <span class='ocrx_word' id='word_1_457' title='bbox 1737 3877 1759 3898; x_wconf 76' lang='grc' dir='ltr'>ι</span> <span class='ocrx_word' id='word_1_458' title='bbox 1779 3853 1967 3905; x_wconf 75' lang='lat' dir='ltr'><strong>Bmm.</strong></span> 
     </span>
    </p>

    <p class='ocr_par' dir='ltr' id='par_1_13' title="bbox 1475 3932 2498 4145">
     <span class='ocr_line' id='line_1_81' title="bbox 1546 3932 2497 4001; baseline 0 -16"><span class='ocrx_word' id='word_1_459' title='bbox 1546 3934 1634 3987; x_wconf 85' lang='lat'><strong>65.</strong></span> <span class='ocrx_word' id='word_1_460' title='bbox 1670 3937 1918 4001; x_wconf 71' lang='lat' dir='ltr'><strong>Repetam</strong></span> <span class='ocrx_word' id='word_1_461' title='bbox 1947 3932 2138 3981; x_wconf 70' lang='lat' dir='ltr'><strong>iabores</strong></span> <span class='ocrx_word' id='word_1_462' title='bbox 2168 3934 2313 3982; x_wconf 78' lang='lat' dir='ltr'><strong>Novit</strong></span> <span class='ocrx_word' id='word_1_463' title='bbox 2343 3948 2497 3999; x_wconf 76' lang='lat' dir='ltr'><strong>grata</strong></span> 
     </span>
     <span class='ocr_line' id='line_1_82' title="bbox 1475 4008 2498 4080; baseline 0 -15"><span class='ocrx_word' id='word_1_464' title='bbox 1475 4017 1630 4080; x_wconf 79' lang='lat' dir='ltr'><strong>quies.</strong></span> <span class='ocrx_word' id='word_1_465' title='bbox 1665 4012 1751 4067; x_wconf 89' lang='lat' dir='ltr'><strong>Sic</strong></span> <span class='ocrx_word' id='word_1_466' title='bbox 1788 4008 1933 4061; x_wconf 88' lang='lat' dir='ltr'><strong>edidi</strong></span> <span class='ocrx_word' id='word_1_467' title='bbox 1976 4026 2038 4061; x_wconf 86' lang='lat' dir='ltr'><strong>ex</strong></span> <span class='ocrx_word' id='word_1_468' title='bbox 2079 4008 2279 4080; x_wconf 86' lang='lat' dir='ltr'><strong>optimo</strong></span> <span class='ocrx_word' id='word_1_469' title='bbox 2312 4012 2498 4066; x_wconf 87' lang='lat' dir='ltr'><strong>codice</strong></span> 
     </span>
     <span class='ocr_line' id='line_1_83' title="bbox 1475 4088 2497 4145; baseline -0.001 -2"><span class='ocrx_word' id='word_1_470' title='bbox 1475 4092 1685 4145; x_wconf 80' lang='lat' dir='ltr'><strong>Divion.</strong></span> <span class='ocrx_word' id='word_1_471' title='bbox 1709 4088 1911 4141; x_wconf 79' lang='lat' dir='ltr'><strong>vitiose</strong></span> <span class='ocrx_word' id='word_1_472' title='bbox 1942 4088 1995 4139; x_wconf 88' lang='lat' dir='ltr'><strong>in</strong></span> <span class='ocrx_word' id='word_1_473' title='bbox 2029 4088 2249 4142; x_wconf 79' lang='lat' dir='ltr'><strong>Salmas.</strong></span> <span class='ocrx_word' id='word_1_474' title='bbox 2280 4094 2393 4143; x_wconf 76' lang='lat' dir='ltr'><strong>Non</strong></span> <span class='ocrx_word' id='word_1_475' title='bbox 2419 4096 2497 4142; x_wconf 78' lang='lat' dir='ltr'><strong>vi-</strong></span> 
     </span>
    </p>
   </div>
  </div>
 </body>
</html>
