2975 4684
438 376 576 447 310

998 373 1505 443 PETRONH
1564 353 1985 439 Anm'rffl

529 506 625 569 Ac
660 512 839 566 totus
877 497 998 565 tibi
1038 497 1240 565 servit
1289 494 1533 581 honor,
1566 493 1917 588 formaque
1954 495 2250 562 Dearum

529 612 580 677 F
587 606 797 701 ulges,
827 621 894 674 et
921 604 1252 675 Venerem
1287 605 1526 675 caelesti
1567 628 1859 699 corpore
1890 603 2120 672 vincis.

533 722 829 810 Argento
866 729 995 784 stat
1035 714 1209 785 facta
1242 740 1517 802 manus,
1561 713 1922 809 digitisque
1957 712 2213 783 tenellis

535 827 759 896 Serica
797 824 908 895 fila
947 826 1250 911 trahone,
1291 826 1582 920 pretioso
1614 825 1896 893 stamine
1932 822 2125 894 ludis·

533 938 768 1007 Planta
806 934 1044 1005 decens
1073 935 1370 1005 modicos
1403 936 1613 1003 nescit
1648 933 1900 1004 calcare
1939 932 2231 1028 lapillos,

527 1049 615 1117 Et
649 1046 818 1117 dura
853 1044 996 1115 laedi
1035 1032 1246 1117 scelus
1277 1062 1374 1115 est
1410 1046 1685 1140 vestigia
1720 1059 1915 1113 terra.

533 1162 686 1252 Ipsa
723 1172 876 1227 tuos
902 1182 1112 1251 quum
1147 1155 1322 1225 ferre
1357 1154 1521 1224 velis
1557 1179 1677 1248 per
1712 1151 1847 1223 lilia
1880 1178 2179 1247 gressus,

537 1267 723 1340 Nulli
763 1282 1156 1337 sternuntur
1188 1265 1417 1335 leviori
1459 1264 1752 1359 pondere
1788 1264 2005 1333 flores,

433 1486 700 1540 affluentia
723 1486 1019 1558 sanguinis,
1039 1497 1095 1538 et
1109 1484 1343 1556 corporis
1361 1482 1455 1534 ha-

435 1565 621 1620 bitudo
641 1566 804 1619 efficit
816 1606 832 1632 ,
849 1564 927 1617 uti
945 1566 1060 1637 ipse
1072 1566 1182 1635 jam
1204 1562 1454 1635 explicavi

433 1644 501 1698 ad
539 1664 671 1699 vers.
703 1641 776 1698 '23
805 1645 1051 1699 carminis
1091 1641 1161 1696 ad
1197 1640 1454 1714 Lydiam,

436 1724 528 1777 ubi
553 1730 702 1777 luxus
731 1728 859 1777 nivei
869 1727 1083 1791 pectoris
1105 1716 1311 1775 dicitur.

509 1807 560 1861 5.
577 1811 655 1856 Ac
680 1819 804 1856 cocus
841 1806 926 1855 cibe·
959 1807 1105 1855 servit
1123 1806 1302 1862 honor,
1324 1801 1375 1852 h.
1407 1818 1452 1853 e.

432 1883 694 1956 quidquid
711 1882 781 1936 ad
801 1882 1058 1937 honorem
1078 1894 1132 1934 et
1153 1878 1454 1952 pulchritu-

433 1962 624 2016 dinem'
642 1964 899 2037 pertinet,
926 1961 983 2014 id
1009 1960 1220 2013 videtur
1248 1960 1304 2012 in
1340 1971 1452 2020 tua,

436 2044 584 2115 quasi
606 2041 835 2096 domina
849 2083 865 2108 ,
883 2052 1141 2114 potestate
1163 2058 1275 2092 esse
1291 2077 1308 2103 ‚
1329 2052 1389 2091 ut
1403 2050 1456 2091 te

437 2121 636 2193 ubique
661 2118 956 2175 circumdet
975 2162 991 2187 ,
1038 2118 1336 2184 comitetur,
1373 2136 1458 2169 ex-

435 2212 602 2253 ornet.
621 2200 780 2255 Plune
802 2212 861 2253 ut
880 2199 1128 2253 Tibullus
1143 2236 1160 2263 ,
1179 2200 1278 2263 IV,
1301 2218 1350 2264 2,
1383 2216 1414 2267 7
1439 2215 1454 2249 :

439 2304 460 2325 ι
490 2278 669 2344 Illam,
687 2277 948 2349 quidquid
977 2278 1085 2349 agit
1099 2318 1114 2343 ,
1140 2294 1357 2348 quoquo
1373 2297 1458 2330 ve—

435 2358 582 2429 stigia
609 2358 801 2421 movit,
829 2355 1114 2429 Componit
1135 2356 1318 2409 furtim
1338 2357 1458 2408 sub-

433 2438 776 2507 sequiturque
796 2436 956 2488 decor
981 2460 1023 2487 n.
1049 2434 1298 2489 Similiter
1312 2436 1460 2489 locus

437 2527 513 2566 est
538 2513 849 2585 Calpurnio,
885 2513 971 2578 II,
999 2514 1065 2585 75
1090 2533 1103 2567 :
1144 2540 1169 2559 ι-
1194 2525 1334 2567 totus
1365 2513 1460 2566 tibi

438 2595 630 2645 serviet
655 2593 841 2645 hortus
865 2616 908 2646 ι.

505 2677 556 2725 6.
583 2676 774 2725 Coelesd
803 2691 1002 2740 corpore
1021 2711 1036 2732 ,
1087 2690 1188 2723 una
1227 2674 1458 2724 Dearum

438 2751 520 2805 vel
551 2752 798 2805 Caelitum
824 2749 1017 2823 dign0,
1054 2749 1251 2804 divino,
1280 2750 1368 2805 Sic
1391 2754 1461 2804 ab

437 2832 687 2899 Arborio,
712 2828 858 2903 Eleg.
882 2830 950 2884 ad
971 2832 1100 2903 virg.
1135 2832 1230 2901 89,
1255 2836 1459 2884 coeleste's

434 2918 602 2979 imago
631 2910 828 2965 dicitur
857 2911 1022 2963 forma
1054 2912 1285 2962 Dearum
1313 2911 1459 2963 simi·

437 2990 514 3043 lis.
550 2989 832 3061 Apuleius,
858 2990 1076 3043 Metam.
1103 2988 1188 3053 X,
1231 3008 1284 3060 p.
1332 2990 1461 3056 234,

439 3070 633 3123 Veneri
657 3070 843 3122 tribuit
875 3095 901 3114 κ
920 3088 1116 3141 corpus
1138 3066 1425 3125 candidum
1444 3110 1458 3135 ,

438 3148 582 3221 quod
608 3149 738 3202 caelo
763 3147 972 3201 demeat

506 3248 555 3297 7.
585 3235 808 3295 Ameneo
831 3230 1090 3295 statsacta
1115 3248 1291 3279 mancas
1307 3250 1324 3279 :
1346 3241 1462 3281 tan-

437 3322 490 3359 to
518 3305 746 3359 candore
772 3320 874 3371 est,
905 3318 962 3359 ut
989 3325 1058 3359 ex
1076 3321 1298 3379 argento
1322 3307 1458 3360 facta

437 3384 692 3439 videatur.
733 3385 928 3451 Plinio,
959 3384 1048 3438 lib.
1084 3387 1169 3452 11,
1210 3406 1325 3459 cap.
1365 3386 1429 3440 25
1445 3428 1462 3453 ,

435 3462 630 3517 dicitur
659 3490 681 3511 ι
701 3462 970 3517 Candidus
994 3478 1222 3518 cometes
1238 3506 1254 3532 ,
1273 3484 1462 3537 argen-

439 3556 522 3597 teo
549 3542 697 3596 crine
715 3569 756 3597 n.
783 3544 867 3597 Ex
895 3542 1078 3597 eadem
1103 3543 1303 3597 ratione
1330 3564 1456 3596 mat·-

434 3643 602 3675 morea
622 3642 798 3675 manus
823 3635 1040 3681 vocatur
1059 3622 1462 3689 Martialiym,

439 3704 534 3766 56,
581 3711 658 3766 14.
699 3733 771 3743 --
809 3708 920 3753 Stat
941 3704 1099 3771 facea
1142 3701 1284 3755 idem
1322 3704 1460 3756 valet

436 3782 585 3854 quod
614 3784 872 3851 estfacta,
897 3793 957 3836 ut
975 3792 1289 3853 usurpatum
1317 3781 1461 3836 vide-

437 3880 555 3915 mus
577 3860 720 3934 apud
743 3861 924 3916 Horat.
944 3862 1122 3915 Carm.
1153 3862 1211 3928 1,
1234 3864 1327 3927 16,
1352 3864 1418 3915 18
1442 3881 1456 3915 τ

450 3967 470 3989 ι
491 3954 544 3993 et
592 3942 708 3994 altis
757 3942 980 3995 urbibus
1026 3940 1222 3993 ultime
1263 3940 1460 3993 Stetere

439 4039 632 4073 caussa
651 4040 747 4075 cur
767 4022 999 4093 perirent
1017 4020 1274 4075 Funditus
1289 4046 1330 4074 n.
1356 4020 1456 4073 En.

508 4100 555 4151 8.
573 4102 782 4150 Pretiosa
799 4104 1010 4152 stamine
1033 4103 1174 4153 ludis.
1205 4098 1457 4153 Similiter

1546 1482 1864 1553 epigramma
1894 1481 1949 1533 in
1982 1482 2235 1535 Catalect.
2262 1482 2497 1535 Petronii
2518 1496 2573 1536 et

1542 1562 1758 1614 Antbol.
1785 1560 1965 1614 Burm.
1994 1561 2103 1628 111,
2127 1568 2263 1625 214:
2290 1562 2446 1615 «Hoc
2472 1564 2571 1615 sibi

1542 1641 1669 1695 lusit
1707 1658 1843 1713 opus
1882 1639 1951 1693 de
2004 1640 2225 1695 stamine
2274 1640 2573 1695 florieolore

1542 1718 1797 1792 Hesperie
1828 1731 2031 1772 teneras
2053 1719 2289 1774 officiosa
2319 1740 2507 1775 manns
2526 1748 2570 1775 n.

1612 1818 1667 1867 9.
1691 1803 1863 1851 Nescit
1898 1803 2099 1851 calcare
2124 1803 2319 1869 lapillos
2334 1840 2351 1861 ,
2388 1799 2445 1853 id
2468 1812 2570 1869 αἲ,

1540 1879 1735 1949 plauto
1760 1877 1923 1931 decor
1958 1891 2011 1931 et
2046 1876 2351 1933 teneritudo
2384 1893 2571 1947 cavet,

1542 1976 1610 2011 ne
1632 1978 1741 2030 quo
1758 1958 1935 2029 lapillo
1951 1958 2207 2013 calcando
2230 1958 2466 2013 laedatur.
2486 1961 2571 2015 sie

1542 2039 1881 2111 Reposianus,
1898 2041 2135 2092 carmine
2159 2057 2283 2092 mox
2305 2052 2573 2112 sequente,

1544 2136 1620 2170 vs.
1654 2119 1757 2185 98:
1786 2142 1813 2163 «ι
1840 2118 1958 2169 Ibat
1988 2116 2212 2190 pulchra
2238 2118 2423 2171 Venus
2440 2162 2454 2185 ,
2486 2120 2573 2173 vix

1544 2216 1723 2268 presso
1750 2196 1941 2268 pollice
1964 2210 2148 2264 cauta,
2187 2198 2375 2253 Florea
2402 2218 2470 2253 ne
2496 2211 2573 2251 te·

1544 2296 1695 2331 ueras
1726 2277 1983 2331 violarent
1998 2278 2195 2350 spicula
2215 2279 2420 2351 plantas
2437 2304 2481 2331 ι.

1626 2373 1706 2409 ro.
1746 2360 1886 2407 Laedi
1914 2360 2073 2409 scelus
2100 2372 2177 2408 ese
2213 2361 2443 2427 vestigia.
2484 2356 2573 2410 Sic

1546 2436 1761 2488 Binetus
1788 2436 1925 2489 bene
1960 2437 2185 2489 correxit
2218 2437 2273 2489 in
2310 2438 2573 2509 margine,

1545 2515 1637 2587 qui
1666 2514 1833 2567 edidit
1859 2542 1881 2563 ιι
1903 2518 1968 2568 Et
1986 2515 2124 2570 dura
2150 2515 2295 2570 ledis
2317 2517 2502 2569 caelum
2522 2528 2576 2568 et

1546 2593 1764 2664 vestigia
1784 2620 1824 2647 n.
1843 2600 2010 2647 Scelus
2029 2610 2123 2658 est,
2154 2614 2254 2669 pro
2277 2614 2387 2649 non
2405 2594 2575 2663 decet,

1546 2675 1692 2727 nefas
1719 2686 1821 2741 est,
1846 2686 2114 2745 sumptum
2135 2674 2343 2727 videtur
2364 2674 2432 2727 ab
2449 2674 2576 2727 Ovi-

1546 2752 1663 2819 dio,
1685 2754 1777 2826 qui
1800 2757 1917 2805 Am.
1944 2754 2005 2819 Ι,
2040 2759 2135 2820 14,
2161 2772 2262 2823 27:
2304 2779 2326 2800 ι
2358 2753 2573 2806 Clama-

1544 2834 1697 2901 bam,
1722 2834 1890 2888 scelus
1918 2846 2026 2899 est,
2058 2835 2182 2887 istos
2220 2832 2389 2886 scelus
2420 2850 2575 2885 urere

1547 2912 1721 2966 crines
1750 2940 1791 2965 a.
1820 2912 2001 2966 Innuit
2020 2930 2147 2965 vero
2164 2953 2180 2979 ,
2200 2910 2415 2983 dignam
2434 2930 2573 2977 esse,

1547 3010 1665 3062 quoe
1681 3010 1954 3063 nunquam
1984 3011 2081 3063 per
2108 2990 2297 3045 duram
2324 2988 2576 3043 solidam-

1546 3090 1652 3144 que
1676 3085 1870 3125 terram
1900 3070 2134 3137 incedat,
2173 3069 2267 3123 sed
2308 3070 2399 3121 cui
2437 3070 2575 3123 ince-

1548 3148 1693 3203 denti
1730 3149 1886 3203 flores
1924 3149 2119 3221 ubique
2150 3148 2575 3215 substernantur,

1548 3242 1816 3300 tamquam
1840 3230 1958 3281 Deae
1988 3240 2079 3281 aut
2102 3226 2366 3300 Nympha
2383 3226 2575 3293 alicui,

1548 3308 1736 3380 quibus
1760 3321 1930 3381 poeta
1951 3308 2162 3377 fingunt
2172 3306 2439 3359 Tellurem
2464 3326 2577 3379 gra-

1548 3386 1817 3441 dientibus
1854 3399 1943 3439 aut
1984 3386 2295 3439 cubantibus
2334 3384 2491 3439 flores
2522 3399 2577 3439 et

1548 3466 1785 3538 gramina
1824 3466 2151 3520 submittere.
2194 3464 2407 3518 Petron.
2452 3484 2575 3538 cap.

1554 3565 1649 3615 1²7
1674 3566 1689 3599 :
1724 3572 1750 3593 α
1771 3545 1916 3600 Idaeo
1933 3546 2114 3617 quales
2138 3543 2279 3597 fudit
2294 3544 2363 3599 de
2380 3545 2577 3599 vertice

1548 3625 1881 3679 floresTerra
1904 3644 2096 3697 parens
2122 3650 2143 3671 ι
2170 3642 2184 3676 :
2235 3643 2467 3695 quocum
2498 3625 2569 3677 cf.

1549 3704 1682 3758 Cato
1718 3704 1770 3756 in
1810 3704 1951 3757 Diris
1972 3745 1987 3771 ,
2027 3724 2077 3756 v.
2114 3721 2227 3773 ¹70·
2248 3702 2369 3755 val.
2395 3702 2568 3757 Flacc.

1548 3782 1642 3835 lib.
1663 3784 1749 3835 ΙΙΙ
1772 3821 1787 3847 ,
1827 3782 1946 3855 527,
1964 3781 2032 3835 de
2052 3782 2313 3857 Nymphis
2335 3782 2572 3835 venanti-

1548 3864 1680 3915 bus:
1718 3889 1743 3909 ·‹
1765 3862 1886 3933 Ipsa
1923 3863 2197 3915 citatarum
2242 3860 2397 3913 tellus
2432 3859 2573 3933 pede

1549 3942 1730 4013 plausa
1746 3958 1989 3995 sororum
2010 3941 2258 3994 Personat
2270 3980 2285 4005 ,
2310 3951 2363 3994 et
2378 3940 2572 3995 teneris

1548 4021 1809 4075 submittit
1844 4022 2078 4094 gramina
2110 4020 2305 4093 plantis
2316 4046 2356 4073 n.

1628 4120 1704 4155 η.
1733 4106 1871 4155 Nulli
1890 4116 2183 4155 sternuntur.
2219 4100 2305 4155 Sic
2326 4100 2571 4155 restitue·
