2975 4684
506 305 644 376 500
741 305 878 376 DE
937 309 1458 378 EPITOMES
1518 309 1923 376 HOMERI
1982 309 2427 380 EDENDAE

505 437 776 501 modum
819 458 1038 500 recens
1061 485 1077 515 ,
1117 437 1280 500 circa
1323 435 1518 500 finem
1558 437 1767 500 saeculi
1800 438 1919 500 XV
1950 438 2223 525 scriptus
2257 440 2326 502 in
2360 440 2577 504 charta
2598 489 2621 520 ,

503 559 758 606 constat
798 542 965 605 foliis
1000 564 1076 629 17
1109 543 1330 604 formae
1375 542 1697 622 maximae,
1738 557 1804 605 et
1848 542 2092 605 nullam
2134 543 2623 631 inscriptionem

509 649 736 728 habet3
770 649 837 710 in
872 645 998 710 fine
1032 661 1279 710 tantum
1319 646 1539 733 inepte
1570 645 2033 711 subscribitur:
2062 645 2322 711 Homeri
2346 649 2425 712 de
2456 649 2625 712 Tro-

507 758 656 816 iano
697 747 1086 842 Ilionfinem
1127 753 1354 839 accipe.
1403 751 1524 815 Hic
1558 748 1762 815 codex
1808 773 1845 814 a
1894 750 2177 838 quodam
2212 753 2447 817 scholae
2482 777 2625 816 ma-

505 861 704 948 gistro
733 881 866 921 non
894 857 1224 945 imperito,
1253 869 1446 944 atque
1473 880 1551 920 ex
1575 857 1867 945 exemplo
1892 858 2043 921 satis
2067 858 2286 946 bono,
2310 858 2585 922 dictatus
2600 909 2620 940 ‚

505 981 570 1027 et
601 989 638 1028 a
666 965 885 1027 ‘tirone
922 963 1166 1026 calamo
1201 979 1508 1050 exceptus
1548 959 1824 1026 videtur.
1866 962 2031 1026 Nam
2066 963 2279 1049 plures
2314 965 2629 1027 lectiones

507 1092 688 1134 sanas
717 1083 924 1132 servat
942 1115 960 1148 ,
989 1069 1476 1155 multorumque
1499 1067 1845 1131 verborum
1864 1115 1882 1150 ,
1906 1069 2254 1155 praesertim
2286 1072 2625 1132 nominum

507 1175 950 1262 propriorum,
974 1173 1356 1237 variationes
1379 1172 1643 1237 diversis
1675 1174 1743 1237 in
1773 1172 2101 1237 codicibus
2132 1191 2442 1262 repertas,
2474 1199 2633 1238 con-

501 1280 776 1359 junctim
830 1279 1134 1342 exhibere
1185 1279 1388 1361 solet3
1425 1294 1652 1342 contra
1708 1301 1897 1342 voces
1947 1280 2294 1365 permultas
2344 1302 2507 1344 sono
2562 1298 2629 1343 et

506 1384 1032 1472 pronuntiatione
1051 1384 1308 1465 similes,
1327 1383 1442 1448 sed
1460 1383 1655 1448 literis
1678 1383 1979 1465 diversas,
1994 1384 2289 1472 imperite
2306 1401 2632 1474 permutat

505 1508 570 1555 et
600 1513 932 1579 perperam
967 1491 1206 1555 scribit.
1223 1491 1478 1554 Tertius
1514 1490 1719 1554 codex
1736 1539 1753 1573 ,
1802 1490 1983 1570 cujus
2023 1513 2215 1554 usum
2256 1491 2456 1555 habui
2475 1541 2493 1566 ,
2530 1507 2631 1555 est

505 1597 912 1660 bibliothecae
955 1596 1226 1684 publicoe
1279 1595 1804 1662 Helmstadiensis
1824 1645 1843 1676 ,
1891 1597 2099 1660 forma
2148 1596 2425 1685 oblonga
2470 1597 2629 1660 scri-

507 1719 659 1791 ptus
704 1703 774 1764 in
819 1702 1190 1766 membrana
1229 1718 1292 1764 et
1319 1700 1581 1765 AEneidi
1602 1700 1967 1790 Virgilianae
2010 1699 2340 1788 prefixus,
2394 1700 2511 1766 sed
2548 1703 2629 1764 ab

509 1809 695 1871 initio
735 1807 998 1872 mutilus
1041 1807 1269 1894 incipit
1299 1829 1334 1870 a
1363 1829 1552 1870 versu
1591 1805 1760 1870 266:
1792 1809 2061 1895 AEquius
2093 1807 2366 1870 adversis
2408 1823 2631 1870 tecum.

509 1913 780 1977 Videtur
813 1933 949 1976 esse
991 1935 1074 1975 ex
1114 1911 1348 1976 saeculo
1374 1911 1550 1990 XIV,
1597 1910 1745 1974 satis
1788 1909 2130 2000 diligenter
2166 1912 2477 1998 scriptus,
2516 1911 2633 1974 sed

506 2018 803 2107 pluribus
854 2015 1250 2104 compendiis
1296 2015 1663 2079 verborum.
1717 2015 2002 2097 Quartus
2052 2015 2323 2103 scriptus
2377 2032 2475 2080 est
2526 2016 2634 2081 ille

507 2123 911 2188 bibliothecae
929 2120 1442 2210 Annabergensis
1460 2167 1478 2202 ,
1512 2143 1547 2183 a
1574 2121 2002 2210 Schoetgenio
2022 2170 2039 2202 ,
2066 2138 2245 2186 tomo
2268 2123 2360 2186 Vl
2394 2122 2637 2186 Biblio-

512 2228 712 2292 thecae
764 2227 1013 2291 Fabric.
1063 2224 1286 2288 mediae
1341 2239 1404 2287 et
1457 2225 1572 2288 inf.
1620 2241 1719 2290 aet.
1773 2243 2202 2308 memoratus,
2238 2250 2431 2315 quem
2472 2229 2629 2290 Dav.

512 2333 771 2396 Christi.
810 2331 1127 2396 Grimmio
1150 2330 1228 2392 V.
1257 2331 1329 2393 C.
1367 2329 1503 2408 ejus
1546 2331 1725 2394 urbis
1774 2348 2052 2414 rectore,
2104 2332 2261 2396 mihi
2300 2331 2633 2396 humanis·

513 2439 671 2502 sime
707 2438 1070 2526 praebente,
1109 2453 1335 2500 nactus
1367 2458 1533 2500 sum.
1578 2437 1701 2500 Hic
1748 2436 1800 2501 si
1836 2437 2005 2502 forte
2047 2439 2264 2525 paullo
2308 2440 2635 2527 antiquior

512 2542 1018 2629 Guelferbytano
1065 2539 1350 2604 secundo
1383 2556 1517 2622 est,
1564 2542 1767 2605 nihilo
1800 2559 2013 2607 tamen
2054 2544 2298 2607 melior.
2340 2544 2631 2632 Scriptus

507 2651 575 2710 in
639 2648 856 2710 charta
915 2646 1137 2709 formae
1193 2646 1524 2726 maximae,
1578 2646 1748 2711 foliis
1788 2671 1897 2735 17,
1948 2649 2299 2730 sectiones,
2354 2649 2423 2712 in
2475 2673 2635 2737 quas

512 2777 742 2841 poema
776 2753 1036 2833 dividit,
1062 2752 1264 2815 literis
1297 2751 1649 2816 initialibus
1680 2754 2059 2836 majoribus,
2098 2755 2369 2820 coeruleo
2402 2756 2635 2820 rubro-

514 2885 642 2948 que
682 2861 896 2924 colore
933 2859 1294 2924 alternatim
1330 2859 1518 2947 pictis
1540 2907 1558 2939 ,
1602 2859 1880 2941 indicat,
1918 2875 2217 2924 caeterum
2248 2862 2634 2926 contractio·

511 2967 706 3030 nibus
735 2965 1197 3030 vocabulorum
1225 2988 1406 3052 aeque
1433 2989 1507 3028 ac
1540 2966 1917 3053 corruptelis
1948 2982 2174 3047 scatet,
2217 2983 2281 3030 et
2310 2967 2381 3029 in
2412 2967 2635 3056 lectio-

511 3073 705 3136 nibus
738 3095 882 3136 raro
915 3071 1184 3136 discedit
1208 3095 1240 3134 a
1265 3071 1534 3159 vulgatis
1564 3070 1955 3136 editionibus
1982 3073 2297 3160 antiquis,
2326 3073 2637 3161 Lipsiensi

515 3193 580 3240 et
613 3176 968 3240 Basileensi.
1007 3176 1276 3240 Scholiis
1311 3174 1527 3239 densis
1565 3192 1627 3239 et
1659 3176 2101 3264 frequentibus
2130 3179 2301 3242 inter
2334 3178 2533 3242 lineas
2574 3195 2639 3242 et

515 3281 596 3344 ad
632 3283 984 3369 marginem
1014 3283 1239 3371 positis
1274 3280 1582 3344 obrutum
1619 3299 1830 3346 totum
1860 3305 2023 3370 opus
2052 3299 2178 3364 est,
2204 3307 2346 3371 quae
2376 3283 2639 3371 quidem

517 3388 860 3452 difficulter
899 3388 1202 3477 leguntur
1235 3389 1332 3452 ob·
1365 3389 1703 3452 minutiem
1754 3391 2395 3478 contractionemque
2426 3390 2641 3454 litera-

519 3517 703 3574 rum,
741 3495 844 3556 vix
893 3510 1102 3556 tamen
1157 3494 1314 3572 alia,
1361 3517 1553 3580 quam
1602 3494 1818 3580 inepta
1870 3511 1935 3558 et
1984 3494 2268 3583 vulgaria
2314 3495 2637 3559 videntur.

519 3599 772 3660 Titulus
801 3597 1010 3685 operis
1042 3597 1225 3658 initio
1255 3597 1593 3685 impositus
1618 3613 1750 3660 est:
1794 3597 2091 3660 Homerus
2107 3621 2325 3684 grecus
2341 3622 2461 3687 per
2484 3599 2641 3662 Pin-

518 3704 740 3766 darum
793 3705 1086 3788 insignem
1133 3716 1438 3764 oratorem
1489 3701 1569 3764 dc
1618 3725 1805 3788 greco
1852 3705 1915 3764 in
1959 3702 2226 3766 latinum
2274 3703 2599 3766 traductus
2616 3751 2639 3782 ,

519 3832 669 3896 opus
697 3807 1106 3870 clarissimum
1142 3805 1730 3894 sequitur-filleina
1766 3807 2127 3872 Adfuerunt
2162 3824 2461 3896 praeterea
2502 3807 2640 3872 edi-

521 3915 728 3976 tiones
779 3913 1087 3998 antiquae,
1133 3911 1476 3998 Lipsiensis
1520 3935 1689 3992 una,
1732 3914 1869 3976 sine
1916 3913 2067 3975 anni
2117 3928 2182 3976 et
2234 3913 2355 3976 loci
2396 3913 2639 4003 signifi-

520 4017 804 4096 catione,
830 4017 1134 4104 impressa
1167 4017 1288 4079 sub
1329 4015 1519 4079 finem
1561 4019 1769 4081 saeculi
1807 4019 1963 4097 XV3
2012 4017 2203 4082 altera
2245 4017 2473 4081 Albani
2508 4019 2643 4082 To-
