2975 4684
985 368 1499 440 EPITOMES
1558 371 1988 440 HOMERI.
2412 369 2555 470 459

417 475 632 562 {illam
671 519 856 563 suam
891 501 1074 586 quasi
1105 499 1396 576 Ithacam
1415 501 1695 590 Ulyssis‚
1730 503 1797 566 in
1844 525 1972 590 qua
2007 501 2331 589 Penelope
2362 500 2555 591 degat

419 618 485 666 et
519 602 764 668 deliciis
789 601 1076 682 fruatur,
1109 604 1232 670 sibi
1256 607 1611 695 proponit,
1639 606 1765 672 illic
1790 607 1859 670 in
1894 606 2055 672 mari
2080 605 2377 694 Ulyssem
2400 629 2553 674 cum

423 707 726 774 fluctibus
751 709 946 774 maris
971 709 1346 788 luctantem.
1379 711 1543 784 Inde
1570 709 1677 794 fit,
1716 727 1793 778 ut
1823 711 2017 790 maris
2040 726 2107 776 et
2128 711 2553 800 navigationis

419 816 704 904 pericula
731 837 884 883 cum
921 839 1152 882 securo
1185 834 1252 885 et
1293 841 1549 885 amoeno
1583 819 1771 884 litore
1816 834 2151 908 comparet
2178 840 2297 906 per
2330 818 2551 906 plures

417 943 668 1004 versus,
716 923 834 1010 qui
862 923 931 996 in
963 923 1108 1012 ipso
1149 924 1613 1014 epigrammate
1644 924 1921 1014 legendi.
1960 923 2221 1014 Adsunt
2274 944 2431 996 vero
2484 939 2554 1009 et

417 1028 538 1092 alia
569 1028 638 1092 in
675 1051 754 1105 eo
801 1028 1074 1114 indicia,
1125 1031 1707 1121 quae-significent,
1748 1053 1883 1110 non
1926 1031 2115 1098 aliam
2160 1031 2243 1097 ab
2288 1045 2555 1094 auctore

422 1133 654 1220 Iliada,
688 1159 886 1224 quam
923 1159 1096 1214 eam,
1138 1137 1221 1207 de
1254 1161 1384 1227 qua
1417 1160 1597 1206 nuuc
1631 1139 1918 1225 agimus,
1956 1136 2208 1233 respici.
2252 1133 2579 1208 Animad-.

417 1256 775 1326 vertamus,
809 1259 1096 1330 oportet,
1129 1244 1200 1306 iu
1241 1242 1370 1311 fine
1401 1243 1613 1314 latinae
1647 1242 1881 1308 Iliados
1913 1242 1997 1306 ab
2024 1256 2293 1308 auctore
2330 1255 2551 1307 totum

421 1346 659 1431 peracti
685 1346 922 1423 laboris
944 1370 1211 1412 cursum
1233 1349 1579 1437 phrasibus
1600 1372 1636 1413 e
1660 1372 1729 1412 re
1760 1349 2015 1424 nautica
2040 1347 2349 1435 sumptis,
2372 1347 2555 1433 quasi

423 1451 841 1540 navigationis
873 1453 1186 1518 absolutae
1200 1503 1219 1536 ,
1253 1454 1525 1544 exprimi
1556 1479 1569 1518 ε

701 1629 807 1684 Sed
826 1633 938 1704 jam
965 1632 1092 1684 siste
1113 1631 1364 1704 gradum,
1393 1633 1661 1704 finemque
1685 1632 1896 1703 impone
1921 1629 2118 1692 labori,

703 1719 974 1792 Calliope,
999 1720 1240 1791 vatisque
1265 1723 1345 1773 tui
1371 1721 1647 1774 moderare
1673 1719 1903 1773 carinam
1924 1759 1939 1780 ‚

703 1809 876 1872 Quem
895 1811 1068 1876 eei-uis
1088 1809 1271 1881 puteis
1293 1811 1635 1882 mingentem
1664 1811 1815 1862 litora
1840 1807 2000 1861 remis
2014 1847 2030 1873 ,
2052 1817 2153 1858 etc.

423 1997 769 2066 Enimvero
811 2001 988 2067 haud
1039 2019 1280 2067 temere
1318 2004 1559 2067 factum
1602 2003 1914 2076 arbitror,
1950 2016 2027 2064 ut
2064 2015 2291 2062 auctor
2325 1999 2552 2086 Epito-

425 2125 560 2169 mes
595 2104 696 2172 'tot
724 2107 1112 2198 imaginibus
1146 2131 1183 2172 a
1232 2107 1637 2198 navigatione
1669 2106 1883 2194 petitis
1916 2120 2247 2184 uteretur,
2282 2117 2348 2166 et
2386 2103 2553 2166 cari-

423 2233 608 2294 nam,
648 2235 882 2294 remos,
941 2213 1162 2294 litora,
1194 2229 1493 2302 portum,
1544 2211 1864 2290 rudentes,
1918 2211 2264 2300 ipsumque
2309 2208 2555 2271 Home-

425 2339 608 2400 rum,
660 2341 858 2407 quem
887 2320 1302 2400 lustraverat,
1340 2318 1519 2406 quasi
1539 2329 1772 2406 patens
1803 2316 2065 2405 pelagus
2085 2362 2103 2393 ‚
2154 2313 2554 2392 nominaret,

427 2423 550 2486 nisi
581 2446 618 2488 a
649 2425 797 2490 loco
826 2441 892 2490 et
922 2442 1216 2512 tempore
1257 2440 1322 2488 et
1355 2424 1494 2487 aliis
1526 2423 1720 2486 rebus
1738 2470 1756 2502 ‚
1788 2423 1857 2484 in
1888 2419 2127 2509 quibus
2166 2433 2304 2482 tum
2345 2441 2554 2482 versa-

427 2527 617 2593 batur
645 2547 876 2594 auctor
895 2581 913 2611 ‚
952 2553 1158 2618 quum
1187 2530 1531 2610 scriberet,
1566 2529 1969 2591 occasionem
2001 2525 2231 2590 habuit
2262 2525 2343 2588 de
2378 2524 2558 2588 navi-

423 2634 682 2722 gatione
713 2638 994 2701 multum
1028 2633 1376 2725 cogitandi.
1413 2636 1556 2698 Hoc
1582 2635 1796 2722 ipsum
1824 2655 1983 2694 vero
2010 2632 2159 2695 satis
2196 2625 2557 2694 declaratur

426 2738 715 2806 adducto
756 2742 1239 2832 epigrammate.
1274 2741 1507 2804 Villam
1544 2762 1758 2819 suam,
1796 2753 2023 2801 auctor
2056 2738 2179 2818 ait,
2211 2737 2371 2800 mari
2416 2759 2567 2822 pro-

429 2846 686 2928 ximam,
712 2871 790 2912 ex
821 2873 954 2912 una
984 2866 1166 2938 parte
1199 2870 1426 2912 omnes
1460 2847 1627 2910 ruris
1656 2845 1935 2928 delicias,
1964 2868 2039 2906 ex
2072 2844 2269 2919 altera
2296 2857 2558 2929 portum

428 2967 493 3015 et
527 2953 872 3017 stationem
929 2955 1192 3020 navium
1227 2954 1503 3032 habere,
1540 2952 1718 3016 unde
1766 2949 2023 3016 assidue
2076 2969 2269 3012 naves
2298 2947 2521 3010 'soleat
2541 2995 2559 3025 ‚

427 3057 577 3122 alias
612 3074 878 3148 portum
903 3060 1261 3124 subeuntes
1279 3107 1298 3140 ‚
1329 3060 1482 3124 alias
1515 3059 1583 3121 in
1620 3059 1749 3122 alto
1786 3057 1945 3126 mari
1974 3055 2271 3134 jactatas,
2306 3053 2560 3141 prospi-

429 3185 594 3228 cere.
627 3165 806 3228 Inter
839 3165 1224 3229 hos'a‘utem
1271 3177 1685 3252 prospectus,
1718 3161 1897 3226 idem'
1930 3162 2054 3236 ait,
2111 3181 2179 3222 se
2225 3157 2559 3246 quondam

427 3268 630 3334 Iliada
665 3272 1013 3359 scripsisse.
1048 3274 1262 3360 Atque
1299 3272 1497 3361 igitur
1524 3286 1666 3334 tuto
1696 3269 1852 3332 hinc
1892 3267 2194 3356 colligere
2224 3263 2560 3346 videmur,

431 3397 690 3462 parvam
742 3375 1040 3460 Iliadem,
1077 3401 1272 3466 quam
1307 3369 1663 3457 habemus,
1703 3397 2031 3465 quamque
2063 3388 2291 3436 auctor
2341 3371 2560 3436 multis

429 3482 640 3547 verbis
692 3485 1084 3578 navigationi
1123 3501 1486 3582 comparat,
1536 3504 1676 3546 eam
1711 3481 1913 3568 ipsam
1963 3502 2136 3560 esse,
2182 3501 2327 3566 quae.
2372 3477 2463 3540 ibi
2496 3476 2560 3538 in

428 3587 576 3654 villa
611 3589 929 3654 maritima
956 3590 1308 3680 perscripta
1336 3611 1474 3653 esse
1508 3587 1762 3652 dicatur
1783 3634 1802 3669 ,
1838 3603 2033 3674 atque
2065 3585 2232 3652 adeo
2255 3584 2568 3672 epigram-

435 3693 616 3759 matis
651 3694 732 3760 de
751 3697 1157 3786 navigatione
1181 3711 1245 3760 et
1267 3697 1599 3784 Epitomes
1624 3694 1984 3758 Homericae
2010 3688 2313 3754 eumdem
2345 3705 2567 3752 aucto-

433 3822 570 3862 rem
607 3823 766 3866 esse.
792 3803 1110 3882 Ulterius,
1146 3825 1290 3889 quae
1326 3801 1641 3865 hactenus
1679 3800 1845 3864 dicta
1888 3813 2072 3878 sunt,
2106 3798 2175 3858 in
2211 3795 2451 3858 nostris
2480 3791 2562 3856 ad

432 3905 646 3992 ipsum
680 3907 1072 3998 epigramma
1123 3906 1444 3971 adnotatis
1496 3907 1949 3993 probabimus»,
1996 3899 2175 3990 quod
2231 3901 2559 3988 integrum

435 4012 601 4076 inter
633 4015 1000 4079 testimonia
1013 4015 1323 4078 Veterum
1357 4012 1439 4077 de
1467 4013 1767 4101 Epitome
1802 4009 2069 4076 Homeri
2098 4005 2558 4096 producemus.

525 4119 722 4202 Quod
775 4144 1033 4217 parvam
1081 4120 1345 4185 Iliadem
1389 4120 1454 4182 in
1504 4120 1647 4183 villa
1701 4119 2017 4182 maritima
2064 4103 2379 4201 scriptam'
2424 4135 2563 4180 esse
