2975 4684
799 419 930 488 JO.
995 417 1220 488 CHR.
1273 414 2027 486 WERNSDORFII.
2432 415 2476 486 3

349 547 519 638 vera
553 565 847 636 nomina
883 579 1260 637 auctorum
1302 587 1600 636 suorum
1627 616 1646 652 ,
1677 559 2091 634 celebritate
2122 563 2481 659 majorum

315 741 320 744 ·
348 697 734 770 obscurata
751 752 769 786 ‚
791 697 1164 795 paullatim
1188 696 1617 782 amiserunt,
1636 717 1878 791 neque
1898 692 1989 766 de
2013 695 2095 764 iis
2120 694 2490 768 invenien-

348 828 456 900 dis
494 828 690 924 justa
733 852 1060 925 unquam
1099 852 1272 900 cura
1312 851 1353 897 a
1393 825 1627 897 doctis
1656 825 1827 896 viris
1866 825 2311 923 anquisitum
2354 843 2481 900 est.

347 961 688 1033 Similiter
757 962 1096 1061 Epitome
1165 960 1405 1033 Iliadis
1465 960 1805 1050 Homeri,
1856 982 2117 1057 poema
2189 962 2490 1033 minime

349 1093 1007 1184 contemnendum,
1043 1093 1248 1192 quod
1291 1117 1490 1164 nunc
1532 1092 1755 1164 altera
1798 1105 2001 1191 parte
2042 1091 2263 1188 hujus
2310 1095 2491 1164 tomi

351 1225 634 1323 prodit,
665 1249 797 1324 per
827 1225 980 1298 duo
1020 1223 1170 1296 fere
1211 1224 1468 1296 saecula
1500 1223 1727 1319 jacuit
1761 1223 2207 1322 neglectum,
2241 1248 2379 1306 nec
2416 1226 2493 1296 in

352 1369 559 1428 tanto
603 1357 958 1455 temporis
1001 1358 1236 1454 spatio
1273 1355 1627 1426 editorem
1672 1352 1940 1444 ullum,
1976 1355 2107 1452 qui
2140 1353 2233 1426 ab
2275 1335 2497 1428 innu-

353 1489 574 1560 meris
608 1503 1036 1586 repurgaret
1071 1486 1394 1588 mendis,
1437 1501 1509 1558 et
1554 1484 1949 1558 absurdum
1985 1486 2274 1560 Pindari
2304 1487 2497 1560 The-

356 1621 571 1712 bani,
595 1624 800 1720 quasi
837 1623 1184 1712 auctoris,
1213 1644 1488 1692 nomen
1526 1619 1985 1719 exploderet‚
2018 1621 2320 1692 invenit.
2360 1621 2499 1693 Cui

358 1779 446 1825 ex
473 1753 808 1862 pluribus
835 1754 1122 1853 scriptis
1149 1751 1521 1826 codicibus
1549 1752 1677 1824 abs
1708 1777 1822 1824 me
1852 1752 2241 1824 emendato
2268 1777 2497 1851 quum

245 1947 259 1956 ,
357 1901 729 1958 auctorem
768 1886 984 1958 alium
1004 1941 1024 1972 ‚
1067 1909 1387 1982 eumque
1423 1882 1987 1982 probabiliorem
2006 1939 2023 1973 ,
2066 1881 2333 1955 Rufum
2378 1891 2503 1956 Fe-

361 2033 553 2090 stum
593 2021 942 2091 Avienum
984 2017 1190 2106 dedi,
1230 2017 1306 2088 id
1337 2016 1515 2088 mihi
1554 2018 1935 2115 contigisse
1982 2015 2295 2088 arbitror
2334 2041 2503 2114 pro-

363 2165 638 2249 pterea,
665 2151 866 2249 quod
894 2153 1174 2250 primus
1210 2151 1284 2221 in
1323 2173 1482 2222 eam
1508 2173 1753 2221 curam
1782 2148 2109 2238 incubui,
2141 2164 2215 2221 et
2242 2151 2317 2220 in
2348 2176 2500 2222 rem

363 2283 694 2355 nondum
749 2297 1172 2380 occupatam
1207 2284 1404 2369 veni,
1444 2281 1601 2351 aliis
1652 2277 1992 2364 fortasse,
2031 2281 2161 2376 qui
2204 2282 2507 2378 posthac

367 2413 558 2486 idem
610 2413 1142 2514 aggredientur,
1202 2413 1503 2486 meliora
1545 2413 1699 2484 istis
1749 2412 2163 2484 inveniendi
2216 2410 2507 2486 faculta-

369 2559 518 2617 tem
549 2546 958 2619 relicturus.

465 2681 776 2750 Carmen
824 2679 916 2749 de
965 2681 1212 2762 AEtna,
1251 2689 1332 2746 ut
1373 2675 1802 2772 primarium
1856 2674 2507 2774 gravissimumque

373 2808 590 2907 hujus
645 2810 1071 2894 voluminiS‚
1118 2811 1220 2880 ita
1280 2807 1717 2881 mendorum
1795 2822 1867 2878 et
1930 2809 2527 2910 corruptelarum.

373 2939 836 3014 multitudine
863 2943 1523 3038 inquinatissimam
1547 2995 1568 3030 ‚
1595 2940 1914 3039 plurimo
1946 2939 2212 3010 laboris
2242 2956 2314 3012 et
2337 2956 2544 3046 tem-⁸

373 3075 568 3172 poris
620 3073 996 3172 impendio
1046 3073 1226 3144 mihi
1270 3071 1764 3170 castigandum
1814 3069 1985 3157 fuit,
2022 3072 2511 3170 maximasque

377 3177 882 3304 interpretanti
904 3203 1362 3278 difficultates
1387 3201 1675 3300 objecit.
1702 3206 1884 3275 Nam
1912 3227 2073 3300 quae
2095 3221 2509 3302 poematum

379 3339 746 3409 minorum
769 3352 1096 3409 veterum
1120 3335 1271 3409 fere
1296 3337 1703 3408 communis
1728 3358 1882 3406 sors
1905 3348 2034 3422 est,
2046 3349 2129 3405 ut
2154 3335 2517 3434 negligen-

380 3469 649 3540 tissime
683 3470 951 3568 scripta
996 3494 1037 3541 a
1076 3467 1415 3558 librarii5‚
1454 3491 1695 3563 neque
1734 3467 2051 3536 curatius
2087 3481 2513 3564 pertractata

383 3598 474 3669 ab
498 3599 899 3672 editoribus
925 3602 1409 3699 reperiantur,
1437 3623 1521 3671 ea
1559 3599 1857 3670 carmini
1894 3596 1986 3668 de
2020 3601 2223 3668 AEtna
2260 3596 2519 3670 accidit

381 3728 523 3801 hoc
550 3733 778 3830 magis
795 3787 814 3820 ‚
841 3730 1046 3829 quod
1074 3745 1380 3830 propter
1402 3728 1688 3801 doctius
1716 3743 2226 3827 argumentum
2261 3743 2332 3800 et
2360 3729 2522 3801 sub·

293 3833 300 3842 ’
384 3861 509 3934 tile
541 3865 885 3937 orationis
913 3889 1144 3964 genus
1169 3862 1532 3935 difficilius
1557 3859 2115 3958 intelligebatur.
2148 3865 2205 3931 A
2235 3864 2369 3934 scri
2378 3864 2517 3961 ptis

387 3993 589 4066 libris
640 4011 716 4068 et
763 3997 1130 4095 impressis
1182 3996 1534 4092 antiquiS,
1586 3994 1751 4091 qui,
1798 4007 2163 4089 tamquam
2222 4019 2308 4064 ex
2370 4019 2523 4065 uno

394 4099 785 4228 erem-plari
815 4126 1192 4214 fluxerint,
1223 4128 1299 4197 in
1335 4126 1695 4223 corruptis
1734 4121 2169 4196 lectionibus
2209 4125 2521 4222 plerum-

2104 4279 2120 4324 ι
2152 4307 2167 4324 .
