2975 4684
660 401 799 468 AD
854 399 1255 470 LUCILII
1316 397 1537 468 JUN.
1592 400 1989 491 AETNAM.
2248 427 2382 499 179

292 523 371 588 ob
399 521 703 586 rationem
736 543 773 583 a
808 519 1013 586 Statio
1045 533 1271 587 renata
1306 518 1563 586 dicitur.
1594 521 2000 592 Pithecusam
2034 521 2186 592 olim
2225 525 2382 600 Hie-

290 623 418 690 roni
460 622 1003 709 Syracusanorum
1054 621 1192 709 regi
1240 621 1528 709 paruisse
1547 669 1567 703 ,
1609 639 1830 710 postea
1881 625 2242 712 Campanos
2272 611 2386 697 'vel

288 721 715 810 Neapolitanos
744 745 815 786 ea
844 722 1108 810 potitos,
1133 721 1355 788 scribit
1374 723 1605 788 Strabo
1633 724 1674 787 l.
1705 747 1760 788 c.
1788 724 1900 811 qui
1921 748 2127 812 quum
2149 727 2386 804 iterum

288 823 437 888 beno
460 823 847 904 amisissent,
868 825 1076 888 Caesar
1096 826 1429 913 Augustus
1452 847 1594 891 eam
1614 826 2052 914 Neapolitanis
2075 827 2386 914 reddidit,

282 939 349 988 ut
368 926 629 1012 Capreas
652 924 735 990 ab
766 925 889 990 illis
910 925 1247 1012 acciperet.
1281 925 1632 990 Suetonius
1653 973 1672 1008 ,
1705 926 1880 991 idem
1909 949 2280 994 memorans
2313 933 2383 1001 in

285 1026 427 1113 Aug.
467 1049 599 1114 oep.
642 1048 765 1112 92,
792 1026 1127 1090 AEnariam
1172 1027 1506 1108 nominat,
1543 1026 1722 1092 unde
1764 1029 2001 1115 liquet,
2035 1047 2387 1119 utrumque

286 1147 497 1192 nomen
524 1126 735 1194 eidem
756 1127 983 1192 insulae
998 1128 1215 1192 fuisse.
1237 1128 1321 1192 Et
1337 1127 1465 1194 hoc
1488 1149 1732 1192 nomen
1749 1128 2074 1217 praecipue
2090 1130 2170 1194 ab
2192 1131 2389 1196 histo-

282 1225 413 1292 ricis
440 1229 745 1294 Romanis
780 1245 1166 1318 usurpatum
1192 1228 1424 1312 vide03
1456 1229 1814 1294 Pithecusas
1846 1231 2082 1298 Graecis
2111 1234 2385 1298 maxime

280 1343 339 1392 et
378 1331 844 1419 antiquioribus
893 1330 1315 1420 scriptoribus
1336 1377 1356 1412 ‚
1402 1330 1712 1398 Inarimes
1751 1333 1958 1420 poetis
2003 1333 2074 1397 in
2109 1355 2236 1398 usu
2268 1350 2385 1400 est.

280 1425 451 1494 Plinii
501 1432 855 1516 sententia,
918 1433 1033 1520 qui
1082 1433 1367 1498 AEnariae
1420 1455 1660 1498 nomen
1711 1455 1748 1498 a
1793 1434 2070 1500 statione
2127 1436 2389 1500 navium

275 1525 477 1616 AEnpae
502 1533 824 1621 accepisse
852 1531 1011 1598 dicit
1034 1533 1151 1600 lib.
1180 1535 1313 1616 111,
1340 1557 1479 1622 cap.
1509 1534 1583 1616 6,
1608 1557 1838 1624 parum
1865 1559 2019 1602 sane
2042 1536 2390 1625 probabilis

276 1647 379 1698 est.
424 1635 587 1700 Nam
638 1635 721 1700 ab
764 1635 977 1701 AEnea
1012 1659 1143 1700 non
1187 1635 1451 1702 AEnaria
1470 1684 1487 1718 ,
1531 1635 1646 1700 sed
1675 1637 1977 1702 AEnearia
2013 1653 2128 1704 aut
2157 1636 2386 1702 AEneia

272 1734 469 1819 potius
489 1736 764 1802 dicenda
789 1753 973 1802 esset.
988 1738 1212 1802 Potior
1233 1737 1399 1804 ratio
1415 1760 1452 1802 e
1470 1737 1790 1802 Strabone
1809 1738 2092 1826 petenda
2107 1737 2386 1820 videtur,

273 1835 373 1920 qui
401 1837 775 1906 Pithecusas
796 1839 886 1904 ob
912 1840 1309 1904 feracitatem
1340 1838 1479 1928 agri
1517 1854 1583 1904 et
1604 1839 1857 1904 metalla
1887 1838 2027 1904 auri
2047 1838 2393 1906 celebratas

271 1953 393 2000 esse
420 1956 759 2006 memorat.
780 1939 973 2005 Unde
987 1941 1255 2006 Vossius
1278 1941 1349 2006 in
1371 1940 1736 2005 Observatt.
1769 1938 1852 2004 ad
1873 1940 2138 2020 Melam,
2165 1938 2276 2004 lib.
2294 1941 2392 2020 11,

270 2055 326 2119 7,
362 2059 514 2124 179,
546 2063 797 2108 nomen
840 2041 1161 2129 accepisse
1194 2040 1277 2105 ab
1313 2039 1665 2106 aerifodinis
1699 2055 1917 2128 putat,
1953 2056 2146 2128 atque
2189 2056 2266 2106 ut
2303 2041 2388 2104 ab

267 2157 377 2200 εει-ε
407 2139 479 2204 fit
518 2142 813 2224 serarius,
854 2142 946 2205 sic
984 2143 1065 2205 ab
1106 2143 1311 2206 aheno
1351 2142 1580 2212 factam
1624 2163 1762 2206 esse
1807 2141 2232 2217 Ahenariam‚
2273 2143 2379 2208 vel

265 2233 577 2306 AEnariam
610 2240 973 2308 contendit=
996 2244 1109 2329 qui
1142 2259 1359 2308 tamen
1391 2242 1508 2306 ubi
1533 2241 1694 2308 adeo
1717 2241 2076 2309 abundasse
2108 2243 2382 2308 metallis

264 2333 426 2422 dicit,
456 2359 533 2407 ut
564 2360 704 2408 tota
728 2365 889 2408 auro
906 2392 925 2422 ‚
954 2360 1257 2433 argeum,
1287 2367 1441 2424 aere,
1469 2342 1676 2430 ferro,
1705 2344 1864 2424 sale,
1895 2343 2162 2430 aliisque
2191 2345 2382 2420 fossi·

262 2435 415 2508 libus
451 2445 787 2511 videretur
821 2445 1184 2526 substerni,
1216 2443 1285 2509 id
1324 2443 1624 2511 nondum
1657 2444 1910 2526 inveni,
1945 2443 2130 2524 cujus
2164 2460 2388 2510 aucto·

261 2539 431 2608 ritate
456 2548 793 2636 scriptoris
822 2547 1091 2612 adserat.
1124 2546 1538 2611 Pithecusam
1567 2546 1814 2610 Plinius
1842 2546 1987 2609 loco
2019 2546 2126 2610 cit.
2154 2545 2348 2612 tradit
2368 2595 2386 2622 ‚

258 2663 372 2708 non
390 2670 432 2708 a
448 2649 783 2714 simiarum
798 2647 1219 2727 multitudine,
1237 2661 1309 2711 ut
1328 2647 1538 2734 aliqui
1557 2649 2008 2726 existimavere,
2027 2647 2142 2712 sed
2156 2645 2386 2736 qfiglb·

258 2745 777 2814 nisdolzkzriorum
800 2747 1063 2814 dictam.
1085 2749 1432 2838 vulgarem
1466 2764 1686 2814 tamen
1717 2749 2094 2835 opinionem
2123 2750 2384 2836 sequuti

252 2863 394 2913 sunt
416 2851 735 2916 Veterum
767 2851 988 2932 multi,
1014 2851 1369 2937 praesertim
1402 2849 1671 2914 Ovidius
1695 2897 1714 2928 ,
1737 2847 2000 2916 Metam.
2041 2849 2218 2930 XIV,
2256 2871 2380 2935 90,

256 2947 359 3032 qui
380 2951 707 3040 Cercopes
729 2952 970 3019 incolas
994 2953 1063 3015 in
1086 2951 1301 3015 simias
1328 2950 1652 3016 fabulatur
1676 2965 1958 3014 mutatos
1975 2997 1994 3030 ,
2029 2950 2184 3014 etin
2215 2951 2386 3016 hanc

250 3045 517 3114 insulam
564 3052 834 3133 missos3
867 3069 1008 3116 tum
1039 3069 1193 3116 vero
1234 3050 1669 3117 defenderunt
1705 3065 2153 3137 ornaruntque
2197 3073 2234 3114 e
2279 3073 2384 3114 re-

250 3151 647 3218 centioribus
680 3153 760 3219 cl.
798 3154 1143 3220 Salmasius
1174 3154 1241 3216 in
1275 3153 1550 3218 Exercit.
1589 3152 1754 3218 Plin.
1789 3173 1935 3240 pag.
1967 3150 2087 3233 68,
2115 3168 2182 3215 et
2207 3153 2380 3218 Sam.

246 3249 607 3318 Bochartus
624 3301 641 3336 ,
668 3252 751 3318 de
773 3255 1047 3320 Animal.
1074 3253 1187 3317 lib.
1214 3253 1311 3318 ΠΙ
1328 3301 1347 3333 ,
1368 3275 1508 3342 cap.
1543 3253 1618 3318 31
1643 3301 1662 3335 ,
1689 3275 1828 3342 pag.
1853 3254 2016 3338 994,
2042 3253 2156 3341 qui
2178 3253 2390 3318 Pithe-

246 3371 443 3435 ωδε,
480 3353 696 3420 Graeci
727 3355 1044 3437 nominis,
1074 3354 1373 3419 Latinum
1412 3353 1806 3418 vocabulum
1834 3353 2169 3419 AEnariam
2188 3401 2207 3433 ,
2255 3355 2386 3418 exi·

242 3453 539 3536 stimant,
570 3455 998 3544 scribuntque
1026 3455 1359 3538 Enariam‚
1389 3455 1571 3543 quod
1601 3455 1682 3520 ab
1713 3455 2056 3536 Enaribus,
2085 3455 2212 3518 hoc
2248 3471 2382 3536 est,

238 3553 437 3624 simiis
455 3605 475 3638 ,
506 3558 857 3634 incolatur,
895 3559 1097 3622 Servii
1139 3558 1416 3622 maxime
1463 3557 1836 3623 testimonio
1881 3556 2124 3637 innixi,
2153 3556 2266 3642 qui
2301 3556 2384 3620 ad

242 3654 389 3723 AEn.
426 3658 573 3738 IX,
604 3657 769 3745 716,
798 3659 1023 3724 scribit
1068 3683 1147 3724 ex
1198 3657 1652 3724 emendatione
1699 3657 2023 3722 Sahnasii:
2067 3657 2381 3736 Inarime,

237 3778 401 3824 nunc
432 3759 695 3824 Enaria
726 3760 983 3841 dicz'tur,
1014 3777 1075 3826 et
1103 3759 1649 3850 soepefulgoribus
1665 3761 1904 3847 petitur
1929 3759 2006 3821 ob
2033 3756 2151 3818 koc
2161 3803 2182 3835 ,
2210 3757 2392 3842 quod

243 3857 598 3948 Typhoeum
630 3874 921 3950 premat,
962 3877 1025 3924 et
1060 3865 1209 3950 quia
1264 3865 1329 3926 in
1374 3885 1516 3926 eam
1567 3861 1662 3924 ad
1698 3856 2141 3923 contumeliam
2179 3859 2383 3922 sirtzioe

238 3965 435 4028 mksoe
450 3976 629 4043 sunt,
645 3985 805 4051 quas
823 3961 1158 4028 Graiorum
1181 3963 1403 4050 lingua
1423 3973 1617 4044 ἄῤῥινας
1633 4007 1648 4036 ,
1673 3961 1747 4024 id
1763 3973 1870 4038 est,
1893 3980 2114 4024 enares
2137 3957 2378 4038 dicunt,

232 4061 305 4123 ob
349 4087 565 4150 quam
609 4085 897 4129 caussam
929 4064 1325 4128 Pithecusam
1365 4065 1562 4128 etiam
1605 4061 1893 4124 vocitant
1908 4107 1928 4140 ,
1971 4057 2113 4122 licet
2157 4059 2383 4127 diversi

230 4178 519 4232 auctores
556 4168 741 4228 van‘e
770 4165 1009 4232 dicant.
1050 4167 1279 4252 Itaque
1316 4186 1536 4230 enares
1575 4161 1776 4228 dictas
1813 4183 1952 4252 esse
1993 4159 2208 4226 simias
2254 4182 2378 4247 pu·-

1547 4269 1568 4286 ‘
2014 4286 2038 4330 1
2055 4287 2119 4329 2.
