2975 4684
905 315 1353 386 AUSPICII
1413 313 1537 380 ET

1598 311 1969 380 AELLAE.
2362 309 2491 407 391

468 443 526 509 E
568 464 846 512 numero
893 438 1214 508 comitum
1253 433 1539 506 Veneris
1579 433 1889 526 vestigat,
1926 447 1995 500 et
2024 433 2185 502 olim

474 553 730 644 Captus
767 547 1201 642 amore-petit
1238 546 1478 616 festino
1517 540 1833 614 Chlorida
1878 557 2053 612 voto.
2452 571 2503 615 ⁴⁵

475 661 786 754 Nympha
829 658 1286 744 retrocedens,
1314 656 1474 725 dum
1508 679 1656 750 spes
1686 653 1835 738 alit,
1872 655 2073 747 inque
2112 654 2440 724 furentem

468 768 718 840 Blanda
757 770 1008 840 micans
1052 767 1298 854 oculis,
1330 766 1579 860 refugit
1608 764 1773 860 pede
1804 791 1819 833 :
1856 761 2088 834 liberat
2110 761 2259 832 lusu

457 885 681 953 Turba
719 883 923 969 favet,
957 898 1232 976 totoque
1265 881 1494 950 fremit
1530 877 1899 973 petulantia
1930 894 2125 948 coetu.

463 995 590 1064 Hic
628 995 850 1064 subito
886 993 1170 1062 volitans
1212 1015 1470 1086 sparsas
1514 1013 1780 1058 rumore
1825 1014 1943 1082 per
1987 989 2259 1089 umbras

465 1111 667 1176 Fama
697 1120 921 1176 movet
962 1119 1250 1188 menteS,
1283 1104 1667 1193 incertaque
1710 1122 2057 1170 murmura
2090 1114 2345 1192 portat,
2448 1121 2500 1160 ειη

466 1221 633 1286 Orta
665 1214 905 1285 dehinc
943 1213 1124 1309 largo
1162 1227 1474 1282 narratur
1506 1208 1731 1280 fabula
1768 1225 1977 1280 motu.

467 1330 620 1398 Non
657 1328 836 1396 videt
869 1342 1242 1410 auctorem,
1279 1325 1396 1394 sed
1435 1323 1636 1393 sentit
1672 1323 1987 1416 quisque,
2030 1320 2391 1413 refertque,

467 1442 687 1532 Atque
716 1437 976 1506 audisse
1011 1451 1204 1532 putat
1225 1489 1246 1520 ,
1275 1421 1396 1504 nec
1425 1435 1681 1538 primu‘s
1714 1435 1786 1502 in
1824 1432 2090 1527 agmine
2123 1445 2267 1502 toto
2298 1446 2430 1518 est3

467 1551 670 1616 Mane
713 1547 836 1615 sub
867 1550 1046 1632 Eoo,
1077 1545 1236 1616 dum
1271 1546 1460 1616 Divae
1493 1558 1707 1614 castra
1740 1557 2113 1632 moventur,

365 1787 548 1821 rorum
568 1767 856 1840 potantium
877 1767 1244 1822 immoderatos
1263 1765 1392 1820 hau·

365 1861 480 1901 stus
502 1847 750 1901 describit
771 1865 787 1899 .·
834 1873 855 1894 ι
877 1858 928 1899 at
951 1847 1083 1918 potis
1112 1845 1300 1900 saliens
1329 1845 1388 1898 li-

365 1946 503 1998 quor
533 1946 623 1979 ore
661 1927 910 1992 resultat,
940 1928 1199 1998 Spumeus
1229 1926 1389 1998 inque

365 2007 616 2060 humeros
629 2020 680 2060 et
691 2019 902 2079 pectora
924 2004 1116 2058 diffluit
1133 2006 1383 2058 humor».

437 2093 524 2150 44.
553 2090 805 2154 Vesdgat,
844 2085 1054 2138 turbam
1087 2103 1298 2138 omnem
1333 2099 1386 2137 et

363 2165 581 2236 vestigia
611 2166 838 2218 lustrans
869 2164 1120 2236 inquirit,
1153 2175 1210 2216 ut
1233 2163 1382 2234 Virg.

363 2247 486 2296 AEn.
527 2243 660 2311 XII,
704 2247 834 2308 466,
872 2271 897 2290 α
925 2243 1096 2296 solum
1134 2240 1299 2296 densa
1331 2244 1384 2297 in

365 2322 588 2394 caligine
602 2323 846 2376 Turnum
855 2324 1089 2394 vestigat
1105 2325 1328 2375 lustrans
1343 2347 1383 2373 ιι.

439 2404 527 2462 45.
551 2406 738 2454 Festino
755 2405 982 2455 Chlor-ida
1001 2415 1138 2453 voto.
1159 2401 1242 2454 Sic
1265 2402 1388 2453 scri-

363 2479 448 2550 psi
472 2499 533 2534 ex
561 2481 792 2534 evidenti
813 2493 866 2533 et
894 2481 1184 2536 necessaria
1209 2491 1390 2534 emen-

365 2557 580 2612 datione
619 2559 817 2612 vitiosae
855 2561 1121 2624 lectionis,
1160 2579 1320 2632 quam
1357 2581 1386 2612 e

363 2639 558 2692 scheda
589 2639 1028 2692 veteri-Barthius
1058 2638 1242 2704 dedit,
1265 2666 1289 2684 «ι
1309 2641 1385 2692 fe-

364 2719 532 2786 stina,
554 2716 844 2781 Chlorida,
881 2731 1070 2772 vaton.

439 2799 718 2866 47.L1'bera
751 2802 860 2848 lusu
895 2802 1056 2856 Turba
1076 2796 1238 2865 favet.
1265 2797 1388 2850 Cal-

364 2895 523 2948 purn.
555 2877 636 2942 X,
682 2875 786 2928 55:
827 2876 1064 2928 «Omnia
1105 2865 1279 2926 ludus
1301 2876 1393 2928 ha-

365 2957 485 3016 bet3
512 2967 824 3026 cantusque,
853 2953 1150 3025 chorosque
1173 2953 1392 3009 licentes

368 3035 433 3087 Et
456 3053 701 3087 venerem
717 3036 828 3106 jam
851 3033 973 3086 vina
995 3045 1208 3088 movent
1227 3061 1271 3086 n.

437 3119 521 3178 49.
559 3119 765 3181 Sparsas
806 3133 994 3164 rumore
1023 3135 1117 3180 per
1151 3119 1343 3164 umbras
1365 3135 1382 3162 .-

361 3195 479 3266 lege
503 3211 674 3260 sparso
701 3213 892 3243 rumore
905 3213 1000 3259 per
1025 3195 1160 3243 urbes
1187 3193 1269 3246 vel
1298 3213 1387 3242 au-

362 3291 466 3323 ras.
498 3271 677 3326 Banu.
710 3270 812 3324 Sed
832 3273 1023 3322 umbras
1047 3285 1253 3326 rectum
1275 3284 1352 3324 est
1367 3310 1381 3335 ,

363 3350 489 3423 quia
505 3352 792 3404 obscurum
804 3351 1033 3420 rumoris
1051 3369 1382 3424 progressum

363 3442 530 3484 notat.
568 3430 652 3482 Sic
673 3429 789 3482 val.
822 3429 1044 3482 Flaccus
1065 3470 1079 3493 ‚
1106 3431 1162 3482 11
1181 3473 1196 3498 ,
1241 3434 1340 3484 116
1367 3449 1379 3483 ε

364 3536 390 3555 υ
411 3511 734 3580 Famamque
756 3527 942 3580 vagam
960 3511 1180 3582 vestigat
1203 3511 1260 3562 in
1279 3529 1392 3562 um-

367 3590 460 3640 bra
477 3613 517 3638 a.
539 3587 604 3639 Et
625 3586 1107 3660 apertiusVirgilius
1123 3589 1189 3644 de
1207 3590 1390 3655 Fama,

369 3669 495 3719 AEn.
533 3667 632 3730 IV,
675 3667 813 3730 184:
848 3694 872 3712 ‹-
893 3667 1060 3722 Nocte
1101 3664 1250 3721 volat'
1280 3669 1391 3721 caeli

365 3745 544 3798 medio
575 3757 830 3817 terreque
846 3787 862 3812 ,
886 3765 982 3818 per
1001 3747 1242 3799 umbram
1261 3749 1392 3801 Stri-

369 3825 501 3878 dens
523 3853 562 3878 ι».

439 3907 527 3959 51.
562 3911 729 3975 Largo
763 3921 1000 3973 narratur
1016 3903 1202 3975 fab'ula
1245 3921 1393 3956 motu.

369 3985 452 4035 An
475 3985 824 4055 fortassefatu
845 3985 1126 4058 legendum
1144 4027 1158 4050 ,
1188 3985 1289 4036 hoc
1307 3997 1402 4052 est,

1479 1780 1633 1826 motu,
1647 1777 1709 1822 ut
1720 1763 2061 1836 significetur,
2081 1763 2274 1834 largius
2293 1781 2502 1832 promo·

1479 1844 1593 1897 veri
1638 1844 1831 1896 famam
1854 1884 1870 1908 ,
1918 1842 2201 1914 pluresque
2251 1861 2405 1914 agere
2448 1855 2501 1896 et

1478 1943 1693 1977 movere
1726 1921 1793 1975 ad
1828 1921 2169 1990 narrandum.
2191 1921 2375 1975 Simile
2392 1921 2505 1975 hoc

1477 2002 1553 2054 illi
1581 2001 1873 2073 Virgiliano
1914 2000 1981 2055 de
2006 2001 2195 2066 Fama,
2226 2005 2350 2054 AEn.
2388 2001 2492 2064 IV,

1481 2087 1616 2151 174,
1669 2081 1849 2135 -vires
1886 2083 2110 2153 acquirit
2143 2081 2366 2134 eundo·
2375 2083 2495 2136 ‚Et

1473 2161 1594 2213 val.
1620 2159 1875 2215 Flaccus·
1860 2183 1915 2215 m
1937 2161 2170 2236 ejusdem
2190 2123 2495 2232 descriptio·

1475 2261 1577 2306 ne,
1603 2239 1799 2302 lib.11,
1828 2259 1958 2295 121.
1990 2239 2309 2294 «audentem
2331 2239 2497 2313 primi
2584 2305 2587 2310 Ι

1476 2333 1833 2394 spernuntque
1847 2321 2157 2392 foventque3
2168 2321 2294 2374 Mox
2312 2341 2499 2376 omnes

1475 2401 1605 2472 agit,
1620 2413 1672 2453 et
1683 2401 1839 2453 motis
1856 2401 2024 2472 quatit
2040 2400 2238 2472 oppida
2252 2400 2492 2472 linguis..

1548 2480 1628 2534 52.
1658 2483 1769 2531 Non
1803 2482 1942 2532 videt
1973 2493 2235 2533 erectorem.
2268 2480 2497 2536 Videtur

1474 2560 1579 2612 hoc
1618 2559 1928 2630 expressisse
1972 2579 2033 2614 ex
2076 2559 2169 2611 illo
2200 2560 2459 2615 Martialis
2478 2601 2495 2626 ,

1475 2640 1606 2701 VII,
1628 2638 1679 2704 6,
1699 2640 1759 2691 3:
1784 2640 2002 2694 ιῦοτῑυε
2022 2641 2167 2692 abest
2183 2651 2386 2706 auctor,
2406 2640 2499 2695 sed

1479 2736 1577 2769 vox
1596 2715 1699 2770 hoc
1720 2719 1925 2772 nuntiat
1949 2719 2151 2782 omnis3
2183 2718 2357 2786 Credo
2376 2719 2469 2772 tihi
2484 2762 2501 2786 ‚

1482 2816 1665 2851 verum
1684 2796 1881 2863 dicere,
1894 2799 2078 2860 Fama,
2099 2797 2235 2850 soles
2258 2826 2295 2848 n.
2321 2805 2503 2850 Aucto-

1481 2897 1582 2928 rem
1601 2897 1697 2948 pro
1721 2879 1906 2929 nuntio
1924 2879 2006 2930 vel
2024 2877 2201 2930 iudice
2219 2876 2325 2930 dici
2344 2877 2499 2931 docet

1483 2957 1815 3010 Burmannus
1834 2957 1903 3010 ad
1915 2957 2076 3009 Ovid.
2088 2957 2217 3008 Met.
2230 2958 2361 3020 Vn,
2374 2959 2495 3022 824.

1482 3036 1733 3090 Similiter
1759 3035 2034 3090 Claudiau.
2058 3035 2189 3088 Bell.
2212 3035 2330 3088 Get.
2354 3037 2457 3100 450
2480 3055 2493 3088 :

1474 3135 1498 3159 ιι
1518 3117 1641 3186 Ipso
1668 3117 1831 3167 Roma
1854 3114 1942 3166 die
1964 3155 1979 3180 ,
2001 3133 2098 3166 nec
2117 3115 2292 3169 adhuc
2319 3128 2493 3169 osten·

1473 3192 1615 3246 ditur
1644 3206 1847 3259 auctor,
1876 3193 2153 3246 Pei-sonuit
2174 3196 2377 3249 venisse
2404 3194 2496 3249 du-

1473 3291 1585 3325 cem
1605 3299 1645 3324 n.
1676 3273 1775 3325 En.

1544 3354 1625 3406 53.
1664 3359 1831 3419 Aeque
1861 3355 2058 3405 audisse
2078 3369 2235 3422 putat.
2272 3354 2359 3406 Sic
2386 3357 2495 3410 Sta-

1476 3431 1610 3497 tius,
1645 3431 1813 3484 Theb.
1856 3431 1942 3499 II,
1982 3437 2076 3488 261
2107 3452 2120 3484 ε
2164 3461 2187 3479 κ
2213 3433 2277 3486 In
2317 3455 2495 3508 regem

1479 3511 1722 3564 conversi
1756 3530 1939 3567 omnes
1980 3513 2265 3566 formidine
2290 3517 2462 3585 prima
2482 3556 2497 3580 ,

1479 3591 1605 3644 Mox
1640 3589 1850 3644 audisse
1886 3604 2116 3664 negant,
2159 3603 2377 3645 cunctos
2420 3604 2494 3646 ta·

1479 3689 1602 3722 men
1644 3671 1825 3724 omina
1866 3690 2043 3724 rerum
2084 3672 2205 3724 Dira
2248 3684 2491 3734 movent,

1479 3749 1743 3822 variisque
1790 3761 1989 3802 metum
2039 3749 2366 3804 sermonibus
2408 3771 2498 3804 au-

1482 3838 1603 3898 gent
1628 3853 1673 3879 n.

1560 3906 1645 3969 54.
1688 3913 1813 3959 Dum
1862 3911 1999 3958 Dim
2038 3922 2199 3958 casn-a
2236 3926 2500 3964 movemur.

1489 3987 1605 4038 Hoc
1634 3985 1699 4038 de
1730 3985 1910 4039 castris
1939 3985 2200 4057 eleganter
2225 3989 2353 4060 poni
2373 3990 2506 4042 solet

371 4065 660 4120 multorum
712 4066 994 4120 sermone?
1038 4066 1140 4118 Sed
1192 4077 1398 4137 praestat
1495 4064 1561 4117 de
1602 4065 1915 4137 migratione
1960 4076 2011 4117 et
2062 4067 2350 4120 mutatione
2389 4069 2508 4122 loci.
