2975 4684
634 387 639 392 ·
705 375 842 448 AD
896 374 1292 446 LUCILII
1351 375 1562 450 um.
1614 377 2012 451 AETNAM.
2289 383 2422 482 ¹73

299 495 549 562 Eadem
590 496 1111 586 frequentissima
1156 497 1225 562 in
1274 497 1445 562 silvis
1493 513 1560 563 et
1605 499 1940 566 montibus
1987 500 2232 569 silvosis
2246 551 2266 588 ,
2301 509 2425 571 etsi

300 600 495 664 etiam
532 597 813 664 subinde
844 599 915 664 in
944 621 1147 666 vacua
1175 598 1439 690 planitie
1476 599 1918 666 inveniuntur.
1959 602 2040 666 In
2081 602 2253 668 silvis
2288 608 2425 694 pri-

300 723 487 766 mum
516 701 779 766 inventa
808 721 947 766 esse
976 700 1229 765 metalla
1255 699 1412 765 dioit
1434 700 1694 784 Seneca,
1717 702 1922 790 Epist.
1949 705 2102 786 XC,
2131 705 2366 794 quod
2335 731 2432 774 m-

300 803 525 868 oendt'o
554 802 853 868 savarum
876 803 1113 867 adusta
1135 800 1375 866 tellus
1344 823 1415 866 m
1443 823 1684 866 summo
1711 825 1912 868 wnas
1921 803 2210 894 J‘czcentss
2237 806 2431 902 liqzoe-

277 901 487 1006 saota
504 901 815 990 fidisset.
858 902 1101 970 Eadem
1155 919 1329 968 recte
1380 925 1417 966 a
1466 903 1714 968 Lucilio
1766 902 2075 970 dicuntur
2116 909 2424 997 spatiosa,

292 1001 489 1095 quod
530 1004 821 1088 Plinius,
852 1004 964 1070 lib.
1011 1004 1338 1088 XXXIII,
1366 1025 1506 1093 αφ.
1541 1007 1619 1083 4,
1661 1025 1736 1070 ea
1771 1023 2088 1072 memorat
2127 1010 2433 1076 cuniculis

287 1129 414 1195 pet·
434 1127 693 1214 magna
708 1105 917 1196 spat&
943 1108 1103 1171 ασείι
1126 1107 1361 1171 cavari.
1388 1105 1602 1170 Etiam
1632 1105 1888 1172 latebras
1917 1107 2002 1173 de
2026 1107 2129 1174 his
2154 1109 2429 1194 fodinis,

300 1224 381 1272 ut
411 1207 591 1296 apud
632 1191 939 1304 Senecam
959 1253 979 1290 ,
1008 1207 1161 1273 Nat.
1190 1205 1437 1292 Quaest.
1440 1207 1522 1290 V,
1559 1204 1638 1272 15
1653 1205 1889 1295 ,ficere
1902 1255 1922 1292 ,
1967 1211 2082 1298 qui
2091 1213 2445 1298 pecuum,

301 1311 370 1372 in
410 1309 733 1374 alateum}
770 1331 967 1399 usque
1010 1307 1263 1373 htebris
1308 1321 1718 1397 sequerentur.
1767 1309 2200 1376 Consideratis
2233 1311 2432 1402 igitur

302 1410 404 1475 his
440 1411 713 1476 vocibus
752 1425 825 1476 et
860 1410 1065 1476 verbo
1072 1408 1361 1496 jodasse
1390 1408 1571 1498 quod
1613 1410 1910 1475 omnium
1943 1411 2256 1478 librorum
2293 1431 2390 1479 est
2407 1461 2428 1500 ,

302 1511 669 1578 necessario
698 1511 1061 1593 subjectum
1095 1510 1362 1600 aliquod
1389 1527 1698 1600 poscente
1715 1560 1735 1595 ,
1763 1513 1850 1579 ita
1877 1513 2184 1604 legendos
2209 1537 2432 1582 versus

302 1633 443 1678 esse
474 1613 795 1679 arbitror:
1721 1645 1724 1650 ·

589 1765 780 1820 Cernis
801 1779 855 1820 et
878 1766 936 1820 in
962 1763 1109 1820 silvis
1132 1767 1363 1839 spatiosa
1386 1766 1585 1822 cubilia
1609 1765 1738 1822 ferri
1752 1807 1770 1836 ,

587 1852 862 1924 Anu-aque
878 1849 1119 1905 demissis
1138 1851 1326 1904 Bessos
1350 1849 1548 1906 fodisse
1573 1851 1816 1905 latebrisz

588 1935 924 2008 Inoomperta
944 1935 1028 1989 via
1049 1945 1127 1990 est
1144 1935 1294 2000 erin
1323 1943 1534 1990 tantum
1551 1934 1742 2008 effugit
1757 1935 1918 1990 ultra.

304 2104 641 2172 Sententia
672 2103 813 2169 haec
851 2120 985 2169 est:
1012 2102 1239 2169 Cernis
1275 2103 1471 2168 etiam
1490 2149 1509 2184 ,
1539 2103 1641 2168 vel
1671 2103 2084 2193 reperiuntur
2115 2105 2332 2171 adhuc
2359 2106 2428 2172 in

306 2203 700 2296 quibusdam
728 2205 899 2270 silvis
924 2203 1135 2270 aditus
1161 2225 1548 2294 magnorum
1575 2226 1889 2292 specuum
1905 2253 1925 2288 ,
1941 2205 2012 2270 in
2039 2206 2276 2296 quibus
2303 2209 2434 2275 fos-

306 2329 485 2374 sores
512 2307 845 2390 metallici,
862 2327 1057 2371 venas
1080 2305 1223 2370 aeris
1246 2322 1445 2395 atque
1466 2302 1622 2369 ferri
1647 2323 2108 2395 persequentes
2127 2356 2147 2390 ,
2171 2309 2439 2374 cunicu-

306 2411 403 2474 los
429 2432 553 2498 per
574 2425 809 2474 terram
833 2425 967 2474 tam
994 2407 1241 2496 amplos
1268 2422 1335 2472 et
1358 2407 1674 2496 spatiosos
1695 2425 1969 2497 egerunt
1983 2456 2004 2491 ,
2021 2425 2125 2494 ut,
2148 2412 2263 2499 qui
2285 2411 2434 2476 finis

306 2533 659 2594 venarum,
677 2527 744 2576 et
768 2533 904 2599 quo
926 2525 1268 2574 excurrant
1282 2508 1397 2573 viae
1418 2531 1794 2596 operarum,
1809 2510 1917 2574 vix
1933 2512 2200 2601 reperiri
2217 2529 2432 2600 queat.

311 2614 654 2697 Quantum
681 2613 857 2678 enim
885 2609 1235 2678 scrutando
1260 2626 1588 2699 repertum
1617 2625 1684 2675 et
1706 2626 1996 2700 egestum
2022 2628 2147 2695 est,
2177 2629 2432 2679 tantum

309 2737 651 2804 superesse
680 2714 925 2798 adhuc,
950 2729 1205 2780 tantum
1236 2713 1526 2804 effugere
1555 2712 1902 2778 sollertiam
1938 2715 2106 2779 ultra
2137 2732 2434 2781 scrutan-

312 2819 479 2882 tium
504 2816 783 2883 videtur.
814 2815 1012 2901 Quod
1046 2836 1198 2880 sane
1231 2813 1634 2879 documento
1667 2835 1804 2879 esse
1834 2830 2081 2902 potest,
2115 2830 2434 2903 quantum

312 2937 516 2986 restet
558 2917 961 3009 profundum
1009 2917 1081 2981 in
1138 2933 1320 2982 terrae
1360 2913 1747 2997 visceribus,
1769 2907 1964 2978 nobis
1995 2915 2434 3006 incognitum,

315 3041 437 3085 nec
466 3019 943 3109 pel-scrutabile.
978 3019 1191 3084 Bessos
1229 3017 1311 3082 ab
1344 3031 1608 3082 auctore
1645 3016 1887 3104 positos
1918 3031 2082 3103 puto
2112 3039 2236 3104 pro
2265 3040 2434 3105 quo-

313 3120 477 3185 libet
513 3121 756 3187 metalli
786 3121 1060 3206 fossore,
1110 3119 1261 3207 quia
1300 3117 1498 3200 hujus
1537 3117 1768 3207 populi
1801 3117 2122 3206 proecipua
2154 3119 2432 3184 sollertia

316 3223 383 3286 in
418 3223 736 3287 cuniculis
763 3219 1026 3312 agendis
1052 3237 1119 3286 et
1145 3218 1415 3284 metallis
1442 3217 1766 3284 fodiendis
1795 3217 2112 3285 laudatur.
2139 3220 2440 3286 Claudia-

318 3344 467 3407 nus,
497 3322 581 3388 de
617 3323 883 3389 Consul.
916 3321 1150 3404 Mami,
1172 3345 1235 3387 v.
1264 3324 1383 3401 40:

598 3485 875 3560 Quidquid
900 3487 1021 3541 lnee
1037 3487 1225 3560 procul
1243 3503 1404 3540 venas
1424 3483 1618 3538 rimata
1637 3501 1886 3557 sequaoes

600 3569 791 3625 Abdita
819 3569 1065 3644 pallentis
1085 3569 1224 3624 fodit
1247 3567 1480 3623 sollertia
1506 3565 1669 3621 Bessi.

321 3723 405 3788 Et
425 3722 772 3813 vegetius,
798 3719 881 3786 de
909 3721 1005 3786 Re
1036 3719 1227 3786 Milit.
1272 3717 1383 3784 lib.
1428 3716 2284 3806 11‚oep.11,cunicularios
2317 3739 2444 3784 no-

320 3824 523 3890 minat
538 3871 558 3907 ,
577 3845 691 3913 qut
680 3823 811 3886 ad
826 3843 1061 3886 morsm
1084 3821 1410 3888 Bessorum
1436 3819 1552 3884 sub
1577 3819 1756 3883 ternis
1779 3819 2140 3884 cuniculum
2163 3819 2438 3902 ducunt,

321 3943 385 3992 et
422 3929 601 3993 muri
1012 3946 1060 3987 a
1094 3919 1478 4011 peffodiunt.
1541 3919 1748 3984 Bessis
1792 3916 2086 3982 admissis
2130 3919 2332 3984 altero
2373 3923 2442 3984 in
2563 3927 2571 3940 '

322 4051 535 4110 versu,
554 4047 838 4115 quorum
859 4045 1124 4106 nomen,
1144 4023 1443 4112 ignotum
1471 4019 1765 4102 librariis,
1790 4017 1975 4084 facile
2003 4019 2332 4111 depravari
2359 4024 2444 4088 ab

324 4129 399 4194 iis
423 4129 497 4194 in
516 4125 791 4218 podibus
818 4141 933 4190 aut
952 4126 1203 4215 pendas
1231 4121 1475 4210 potuit,
1501 4120 1674 4186 illico
1705 4119 1815 4184 lux
1845 4119 2092 4187 accedit
2115 4122 2238 4188 toti
2263 4124 2445 4208 loco,
