2975 4684
1254 357 1335 428 Ε
1346 361 1407 428 Τ
1422 358 1487 428 N
1506 359 1558 427 A
1569 409 1586 424 .

453 481 745 576 Spiritus
778 463 1027 548 inflatis
1064 503 1335 550 momen
1356 535 1378 570 ‚
1402 479 1882 575 languentibus
1917 505 2050 552 aer.

2421 524 2502 552 21³0

450 592 607 660 Non
640 615 934 685 propera
970 606 1072 659 est
1108 591 1249 686 igni
1294 615 1419 686 par
1454 606 1524 659 et
1557 589 1876 661 violentia
1911 615 2216 688 semper:

450 702 805 798 Ingenium
832 700 1027 772 velox
1056 701 1185 789 illi,
1214 717 1575 796 motusque
1607 702 1959 797 perennis3

451 815 709 883 Verum
746 835 919 908 opus
950 811 1201 882 auxilio
1234 828 1343 882 est
1358 867 1379 901 ‚
1406 828 1497 882 ut„
1517 809 1726 907 pellat
1757 837 2086 910 corpora:
2116 813 2340 886 nullus·

449 927 749 1017 Impetus
793 937 897 992 est
932 923 1105 1018 ipsi3
1144 948 1280 1019 qua
1306 923 1586 1018 spiritus
1628 924 1950 1019 imperat,
1977 924 2191 995 audit.
2418 954 2494 996 ιιι

448 1037 649 1106 Nunc
674 1033 991 1130 princeps
1012 1049 1435 1130 magnusque
1450 1089 1471 1124 ‚
1495 1033 1622 1104 suh
1649 1033 1780 1104 hoc
1799 1033 2004 1124 duce,
2029 1035 2275 1106 militat
2301 1039 2495 1133 ignis.

546 1147 753 1216 Nunc
774 1146 1097 1241 quoniam
1114 1147 1183 1215 in
1206 1161 1528 1242 promptu
1543 1160 1644 1216 est
1661 1147 1884 1241 operis
1901 1161 2172 1230 natura,
2206 1147 2464 1246 solique
2476 1205 2496 1236 ‚

422 1349 543 1386 πο.
598 1335 777 1404 ῙιςχῖιειΝ
814 1331 951 1405 Bag.
988 1333 1149 1386 Basil.
1191 1335 1377 1406 injlatis

346 1413 561 1486 reliqum
584 1411 813 1477 hahent,
838 1413 1003 1488 idque
1026 1427 1247 1468 rectum.
1275 1413 1375 1466 Po-

347 1491 506 1546 situm
524 1511 656 1546 vero
674 1491 909 1547 existimo
926 1513 1026 1568 pro
1052 1497 1268 1566 efflatis,
1291 1493 1376 1548 vel

346 1569 473 1625 flatu
504 1571 761 1626 excitatis.
792 1571 1025 1647 Scaliger
1051 1575 1166 1627 sine
1190 1590 1375 1626 caussa

346 1663 517 1706 mutat
537 1655 749 1722 Spiritus
778 1655 923 1724 inflat
942 1659 1089 1709 enien.
1101 1687 1173 1696 —-
1186 1655 1377 1706 Nomen

346 1753 561 1800 omnes,
585 1735 679 1790 sed
706 1737 940 1810 Scaliger
965 1736 1163 1808 optime
1193 1753 1373 1788 emen-

344 1813 489 1868 davit
543 1836 766 1878 momen,
809 1815 1082 1890 quomodo
1116 1827 1336 1868 vocatur
1358 1855 1374 1882 ,

343 1893 491 1968 quod
528 1907 735 1948 motum
769 1895 849 1948 rei
883 1895 1086 1968 alioqui
1121 1893 1376 1966 quietura

343 1985 523 2038 creat3
554 1987 609 2028 et
630 1973 951 2030 vocabulum
979 1985 1056 2027 est
1075 1993 1104 2027 e
1126 1973 1375 2027 Lucretio

344 2053 599 2124 petitum,
616 2066 677 2106 ut
698 2053 803 2108 alia
820 2056 1005 2110 multa.
1022 2086 1093 2094 —
1109 2051 1260 2106 Idem
1280 2072 1377 2106 vo-

343 2133 596 2186 cabulum
632 2134 867 2187 Arnobio
903 2133 1105 2204 aliquot
1140 2131 1270 2185 locis
1294 2149 1374 2185 re-

343 2211 511 2268 stituit
553 2211 817 2266 Meursius
832 2251 847 2276 ,
892 2211 947 2266 in
989 2211 1119 2266 Crit.
1170 2211 1370 2265 Arnob.

344 2289 401 2342 11
418 2329 435 2355 ,
463 2309 552 2344 ιο.
572 2291 679 2346 En.

418 2371 756 2424 211.Versus
784 2369 871 2424 hic
900 2371 953 2424 in
978 2370 1222 2424 omnihus
1260 2389 1376 2425 cor-

346 2463 533 2522 ruptus
578 2463 762 2504 exstat.
810 2455 945 2503 Nam
983 2471 1145 2519 prope
1188 2465 1374 2502 natura

340 2551 461 2598 pars
495 2546 570 2582 est
586 2572 603 2594 ,
644 2532 782 2604 Πᾶς.
818 2547 1013 2582 natura·
1040 2551 1145 2600 par
1179 2546 1251 2582 est
1266 2530 1373 2582 Ve-

343 2622 453 2664 net.
492 2609 749 2684 Lugdun.
787 2626 970 2662 natura
998 2631 1101 2679 par
1144 2623 1217 2661 est
1266 2613 1376 2662 vio-

346 2685 499 2734 lentia
553 2701 757 2752 semper.
799 2681 988 2756 Scalig.
1040 2681 1192 2736 Basil.
1239 2682 1371 2734 Luc.

344 2779 481 2832 quos
509 2763 748 2835 sequitur
771 2761 1040 2815 Gorallus.
1070 2761 1172 2815 sed
1204 2761 1374 2815 codex

342 2842 581 2896 Florent.
619 2845 946 2910 nequicquam
971 2861 1119 2910 pars,
1140 2859 1372 2914 quocum

342 2923 456 2975 fere
490 2921 725 2976 concinit
754 2919 975 2973 Helmst.
997 2941 1159 2989 prope
1190 2935 1375 2972 natura

343 3005 619 3072 quidquam
638 3021 744 3071 par
779 3017 851 3052 est
884 3003 1138 3052 volventia
1170 3016 1371 3068 semper.

342 3083 615 3148 Quoniam
640 3081 747 3136 hoc
768 3099 923 3146 versn
949 3079 1017 3133 de
1042 3080 1164 3151 igne
1199 3097 1373 3132 sermo

344 3173 453 3226 est,
489 3180 595 3215 vox
622 3165 746 3230 ignis
763 3200 777 3221 ,
821 3161 939 3232 quoe'
978 3177 1073 3232 per
1104 3169 1373 3230 corrupte-

342 3242 449 3296 lam
471 3241 669 3326 exciglit
682 3259 752 3294 ex
768 3239 882 3294 aliis
899 3277 914 3302 ,
932 3239 989 3291 in
1006 3238 1191 3310 msptis
1210 3237 1368 3292 codd.

338 3323 505 3377 latere
542 3323 600 3377 in
631 3321 849 3374 vocibus
879 3320 1139 3392 corruptis
1166 3321 1373 3386 nequid·
1417 3362 1427 3376 ,

340 3423 492 3474 quam
518 3415 573 3456 et
600 3405 872 3470 quidquam
888 3398 1132 3461 videtum
1155 3409 1335 3451 contra
1354 3437 1371 3464 ,

342 3503 449 3538 vox
476 3502 641 3552 prope
674 3479 940 3556 superflua
974 3491 1026 3532 et
1062 3477 1236 3532 aliena
1277 3487 1368 3529 est.

340 3563 592 3618 Gorallus
625 3559 839 3635 quidem
870 3559 940 3612 ob
966 3577 1083 3612 eam
1111 3557 1368 3610 rationem

342 3655 597 3716 sequente
615 3659 775 3694 versu
795 3643 899 3710 igni
920 3637 1095 3712 posuit
1114 3675 1129 3700 ,
1156 3655 1254 3707 pro
1270 3637 1366 3696 illi,

342 3722 437 3777 sed
474 3723 579 3775 hoc
608 3725 684 3773 illi
708 3736 891 3774 omnes
919 3718 1097 3790 scripti
1118 3728 1168 3768 et
1197 3717 1371 3768 excusi

341 3813 644 3858 constanter
703 3811 931 3852 servant.
977 3799 1161 3869 'Igitur
1215 3813 1369 3848 mona·

340 3881 633 3936 strantibus
676 3875 904 3952 vestigiis
937 3875 1092 3930 codd.
1134 3875 1279 3927 Flor.
1322 3882 1371 3925 et

342 3959 564 4014 Helmst.
608 3959 684 4012 sic
726 3955 1063 4010 scribendum
1103 3950 1364 4027 judicavi:

344 4067 367 4086 α
388 4041 507 4094 Nou
548 4057 780 4112 propera
807 4047 883 4089 est
908 4037 1019 4107 igni
1052 4054 1149 4106 par
1178 4044 1228 4086 et
1256 4031 1368 4085 vio·

342 4119 501 4176 lentia
531 4137 775 4191 semper:
806 4109 1089 4187 Ingenium
1125 4115 1277 4166 velox
1311 4108 1370 4164 il·

1462 1331 1500 1383 li
1517 1367 1534 1395 ,
1548 1341 1650 1383 etc.
1674 1319 1720 1384 ὲ.
1742 1331 1818 1383 Ut
1835 1335 1952 1383 Non
1967 1333 2208 1406 legamus
2221 1353 2322 1410 pro
2334 1341 2494 1402 Nam,

1461 1409 1690 1464 suadent
1713 1415 2094 1484 consequentia
2109 1451 2126 1477 ,
2155 1427 2208 1468 ot
2234 1416 2382 1488 quod
2415 1437 2498 1471 se.

1463 1489 1680 1562 quitur:
1716 1497 1878 1544 nullus
1922 1495 2125 1562 impetus
2165 1511 2240 1546 est
2275 1499 2382 1565 ipsi.
2429 1497 2498 1552 Et

1464 1573 1669 1638 impetus
1703 1571 1776 1624 ibi
1793 1611 1808 1638 ‚
1841 1571 1990 1644 qnod
2017 1571 2123 1626 hoe
2155 1574 2276 1628 loco
2299 1581 2496 1632 violen-

1467 1652 1540 1701 tia
1568 1649 1782 1704 dicitnr.
1833 1705 1842 1714 ‚

1541 1731 1662 1784 213.
1693 1735 1909 1799 Corpore
1937 1731 2122 1804 legunt
2153 1753 2336 1788 omnes
2356 1773 2371 1800 ,
2401 1735 2497 1791 sed

1462 1827 1674 1876 corpora
1693 1821 1836 1863 recte
1861 1811 2090 1864 restituit
2116 1813 2256 1866 Scal.
2281 1815 2426 1887 quod
2445 1829 2497 1870 et

1463 1899 1646 1959 aperte
1677 1887 1890 1960 pmfert
1923 1889 2045 1942 cod.
2081 1891 2314 1946 Florem.
2351 1895 2494 1950 Pro-

1462 1977 1605 2021 terea
1645 1965 1864 2022 Helmst.
1891 1973 2065 2021 verrem
2104 1991 2225 2039 optas
2251 1977 2494 2027 auxilinm

1463 2062 1568 2098 est.-
1587 2059 1639 2100 et
1661 2047 1800 2100 Ven.
1821 2065 1948 2101 cum
1975 2049 2148 2121 Lugd.
2168 2057 2344 2103 Verum
2373 2075 2493 2122 opus

1462 2130 1656 2179 audii«)
1699 2131 1979 2195 interpellat
2009 2149 2242 2198 corpore,
2291 2133 2494 2189 vitiose.

1537 2214 1658 2271 214.
1689 2211 1852 2258 Audit
1895 2219 2040 2260 recte
2084 2227 2299 2276 omnes,
2337 2211 2397 2266 h.
2445 2230 2493 2268 e.

1460 2295 1612 2357 paret
1633 2297 1684 2339 et
1707 2287 2036 2359 obsequitur.
2063 2289 2217 2342 Solus
2239 2289 2379 2344 Flor.
2398 2293 2496 2348 hu-

1460 2365 1551 2417 bet
1593 2369 1762 2420 audet.
1801 2367 2033 2420 Persistit
2075 2368 2131 2420 in
2183 2372 2494 2442 metaphora

1460 2445 1711 2510 militari,
1731 2445 1856 2520 quia
1884 2457 2008 2499 ante
2035 2450 2272 2518 imperat,
2297 2463 2348 2504 et
2375 2467 2495 2524 post

1461 2527 1670 2586 militat,
1685 2523 1832 2578 dicit.
1853 2524 2102 2579 Similiter
2120 2528 2274 2598 Virg.
2297 2531 2491 2606 Georg.

1460 2603 1492 2654 1
1510 2641 1524 2665 ,
1555 2604 1650 2656 ult.
1679 2629 1702 2651 ι
1733 2603 1926 2657 Fertur
1959 2605 2110 2678 equis
2140 2609 2324 2682 auriga
2343 2649 2361 2678 ,
2395 2631 2490 2666 ne-

1460 2701 1568 2754 que
1584 2681 1732 2735 audit
1749 2701 1936 2737 currus
1949 2684 2184 2740 habenas
2200 2713 2245 2741 a.

1539 2762 1656 2816 215.
1679 2761 1784 2814 Pro
1821 2767 1966 2815 Nunc
1995 2764 2116 2818 cod.
2153 2767 2294 2821 Flor-
2323 2773 2486 2834 Hine,

1462 2840 1612 2913 quod
1675 2842 1811 2894 forte
1871 2844 2274 2913 praeferendum.
2340 2849 2493 2904 Idem

1462 2933 1648 2993 postea
1677 2941 1982 2989 magnusque
2006 2926 2096 2989 qni
2126 2929 2214 2975 sub
2249 2929 2391 2979 duee.
2420 2959 2490 2970 --

1460 3005 1726 3069 Princeps,
1751 2999 1788 3052 ia
1810 3019 1854 3052 e.
1888 3000 2124 3052 omnium
2142 3039 2157 3064 ,
2177 3005 2270 3074 qui
2293 3005 2348 3057 in
2375 3009 2488 3060 uni-

1456 3097 1614 3132 verso
1641 3077 1754 3131 fieri
1771 3089 2020 3150 possunt,
2041 3077 2242 3152 ignium
2261 3085 2376 3138 sine
2391 3085 2493 3142 du..

1462 3159 1554 3212 bio
1583 3158 1900 3235 praecipuus.
1928 3157 2102 3211 Nolim
2125 3171 2302 3216 tamen
2327 3185 2486 3238 nega-

1460 3257 1522 3291 re
1540 3279 1554 3303 ,
1581 3235 1726 3310 quod
1749 3235 1996 3290 Gora-uns
2032 3239 2274 3293 observat
2295 3285 2310 3309 ,
2331 3246 2489 3300 simul

1454 3316 1651 3389 respici
1685 3314 1754 3368 ad
1791 3314 2028 3368 militiam
2065 3319 2358 3374 Romanam
2379 3362 2395 3389 ‚
2431 3327 2500 3396 in,

1461 3413 1571 3468 qua
1576 3397 1826 3464 principes
1843 3395 2158 3449 dicebantur
2172 3399 2198 3463 ,’
2215 3401 2306 3472 qui
2330 3404 2488 3474 primi

1462 3493 1526 3527 ac
1549 3474 1804 3548 praecipui
1821 3487 1978 3528 aetate
1994 3487 2051 3527 et
2063 3477 2266 3530 viribus
2285 3495 2456 3535 essent
2470 3523 2486 3548 ,

1458 3572 1628 3627 quum
1644 3557 1830 3606 hastati
1845 3565 2014 3606 essent
2025 3557 2488 3627 juniorem—vid.

1458 3634 1712 3688 adnotata
1733 3647 1912 3686 nostra
1929 3633 2000 3687 εδ
2023 3653 2078 3686 ν.
2113 3638 2212 3704 195
2235 3656 2354 3710 sup.
2379 3641 2483 3696 En.

1535 3715 1650 3766 216.
1695 3717 1818 3764 Huic
1859 3716 2118 3782 quoniam.
2140 3751 2188 3765 ..
2223 3723 2376 3784 operi,
2417 3721 2486 3774 le-

1460 3805 1592 3866 gunt
1617 3791 1754 3846 Ven.
1793 3792 1966 3863 Lugd.
1999 3791 2136 3864 Hag.
2170 3795 2325 3848 Basil.
2351 3799 2482 3854 Luc.

1454 3873 1605 3944 quod
1659 3871 1894 3943 Scaliger
1940 3874 2242 3943 approbans
2291 3876 2484 3932 falsum

1457 3950 1636 4005 intulit
1652 3969 1882 4003 sensum.
1899 3949 2116 4004 Rectius
2129 3951 2246 4005 cod.
2261 3953 2482 4012 Helmst.

1458 4044 1528 4085 et·
1545 4029 1739 4102 scalig.
1781 4026 2078 4101 Pithoeique
2121 4031 2281 4084 editio
2321 4041 2483 4094 Nune.

1456 4110 1664 4164 Deinde
1707 4111 1952 4177 quoniam
1987 4111 2038 4158 in
2063 4127 2294 4180 promptu
2322 4131 2398 4167 ese
2415 4119 2486 4171 si-
