2975 4684
527 396 919 484 QUIBUS
973 392 1264 464 AETNA
1316 395 1738 466 CARMEN
1789 397 2352 468 TRIBUTUM.
2422 398 2507 469 13

365 542 692 615 vetustum
711 574 730 606 ,
787 525 948 612 quin
999 524 1442 590 Christianum
1501 543 1835 590 auctorem
1889 547 2028 591 esse
2046 577 2064 610 ,
2110 531 2505 617 argumentis

368 656 503 698 non
529 630 828 696 futilibus
855 630 979 696 sibi
1009 651 1390 720 persuasum
1417 653 1557 695 esse
1583 632 1689 696 ait.
1712 631 1923 696 Verba
1954 632 2091 719 ipsa
2120 635 2292 699 inter
2322 637 2505 700 testi-

367 739 590 802 monia
638 736 720 802 de
755 734 955 801 AEtna
999 733 1360 800 retulimus.
1411 737 1497 800 Et
1537 735 1977 800 similitudinis
2024 737 2289 826 quidem
2336 741 2509 806 inter

367 843 711 908 Manilium
744 859 810 906 et
841 858 1176 906 auctorem
1197 840 1411 906 AEtnae
1446 863 1579 905 non
1622 841 1897 906 obscura
1926 843 2194 934 vestigia
2226 845 2297 908 in
2332 860 2509 910 utro-

370 972 502 1038 que
525 964 823 1037 poemate
849 963 1138 1028 exstant,
1175 947 1640 1034 observataque
1669 963 1819 1035 post
1843 949 2177 1013 Barthium
2202 974 2239 1014 a
2254 950 2508 1016 Theod.

370 1055 668 1136 GorallO,
693 1076 812 1118 seu
837 1054 937 1117 Jo.
965 1053 1246 1134 Cleficn,
1281 1053 1350 1116 in
1382 1051 1604 1117 adnot.
1634 1052 1716 1116 ad
1742 1051 1955 1118 AEtnae
1981 1075 2147 1119 vers.
2174 1053 2300 1142 295
2318 1105 2337 1139 ,
2376 1073 2441 1120 et
2470 1079 2508 1120 a

371 1162 573 1225 Conr.
595 1163 756 1224 Arn.
781 1157 1117 1224 Schmidio
1134 1207 1151 1234 ‚
1179 1181 1240 1222 v.
1276 1159 1356 1227 cl.
1373 1207 1392 1238 ,
1427 1159 1495 1222 in
1523 1159 1699 1247 praef.
1716 1157 1799 1222 ad
1818 1159 2273 1225 Germanicam
2294 1161 2511 1226 AEtnae

369 1266 734 1330 versionem
762 1281 936 1330 sunt.
958 1267 1039 1330 In
1066 1264 1306 1353 quibus
1335 1265 1613 1330 maxime
1637 1265 1883 1331 eminet
1905 1266 2262 1332 similitudo
2288 1290 2507 1331 rerum

371 1388 439 1435 et
474 1371 982 1451 sententiarum,
1030 1369 1272 1457 quibus
1305 1368 1645 1434 exordium
1672 1369 1923 1452 AEtnae,
1958 1386 2025 1435 et
2058 1371 2206 1436 libri
2236 1373 2333 1437 ΠΙ
2364 1373 2508 1438 Ma·-

370 1476 596 1540 niliani
641 1475 1078 1563 compositum
1119 1490 1232 1540 est.
1279 1477 1356 1540 In
1407 1491 1691 1564 utroque
1729 1477 1906 1541 enim
1942 1476 2173 1542 fabulae
2214 1495 2282 1544 et
2314 1501 2511 1569 argu·

373 1597 592 1645 menta
623 1595 1046 1661 enarrantur,
1082 1579 1152 1643 in
1191 1580 1432 1668 quibus
1473 1579 1581 1644 alii
1615 1597 1824 1668 poetae
1858 1581 2345 1648 elaboraverint.
2382 1583 2512 1648 Sed

371 1687 513 1751 haec
539 1687 682 1751 talia
719 1708 855 1750 non
899 1703 1026 1750 tam
1055 1685 1398 1758 Manilium
1419 1685 1635 1750 AEtnae
1666 1701 2032 1770 auctorem,
2071 1711 2268 1777 quam
2300 1690 2512 1755 imita·

375 1809 583 1858 torem
612 1792 892 1874 Manilii,
920 1814 1131 1882 eoque
1156 1793 1585 1881 posteriorem
1616 1809 1799 1857 aetate
1830 1793 2152 1877 fatentur,
2186 1795 2509 1883 siquidem

372 1899 667 1964 eamdem
711 1899 1008 1990 prooemii
1047 1901 1148 1963 vel
1196 1899 1501 1987 principii
1538 1901 1935 1982 carminum,
1980 1923 2177 1988 quam
2232 1901 2513 1967 dixim'us

373 2005 892 2071 convenientiam
917 2053 934 2087 ,
982 2005 1048 2067 in
1103 2005 1429 2094 plerisque
1482 2005 1619 2068 aliis
1671 2006 1879 2093 poetis
1927 2006 2268 2071 observare
2319 2007 2471 2072 licet
2492 2057 2512 2089 ,

374 2112 491 2200 qui
523 2111 886 2176 doctrinam
920 2127 1257 2199 artemque
1302 2111 1581 2199 aliquam
1627 2112 1912 2175 carmine
1959 2111 2279 2200 complexi
2318 2131 2513 2196 sunt3

374 2217 746 2305 horumque
797 2216 962 2281 adeo
1009 2217 1384 2280 institutum
1429 2215 1631 2282 fuisse
1672 2215 1963 2299 videtur,
2014 2234 2091 2281 ut
2146 2219 2515 2306 superiores

375 2340 597 2410 poetas
617 2372 635 2405 ,
669 2324 736 2386 in
767 2323 962 2386 simili
985 2339 1372 2412 argumento
1397 2338 1684 2386 versatos
1704 2371 1723 2404 ,
1752 2337 1817 2386 et
1838 2324 2126 2412 legerent
2152 2325 2477 2412 praecipue
2494 2373 2515 2405 ,

376 2445 444 2492 et
473 2429 835 2493 imitatione
873 2429 1232 2517 exprimere
1269 2427 1611 2492 studerent
1638 2427 1756 2516 (1).
1800 2429 1906 2493 Sic
1932 2413 2274 2494 Manilium
2312 2431 2379 2493 in
2413 2454 2516 2492 re-

376 2534 716 2598 censendis
749 2534 940 2600 variis
967 2535 1200 2604 fabulis
1226 2550 1292 2599 et
1315 2535 1717 2624 argumentis
1742 2551 2083 2623 poetarum
2114 2558 2250 2599 non
2280 2533 2517 2603 dubito

374 2640 719 2729 Virgilium
751 2641 940 2706 initio
977 2642 1125 2705 libri
1157 2642 1253 2706 111
1283 2643 1521 2731 Georg.
1551 2642 1945 2729 respexisse:

669 2809 1001 2826 ..........
1011 2773 1144 2839 Quis
1171 2785 1263 2826 aut
1283 2771 1582 2846 Eurysthea
1608 2771 1801 2825 durum
1818 2814 1833 2840 ,

659 2863 764 2914 Aut
791 2859 1034 2914 illaudati
1055 2861 1224 2914 nescit
1241 2859 1500 2914 Busiridis
1520 2859 1673 2914 aras?
1702 2871 1804 2914 etc.

378 2988 716 3053 Manilium
746 3005 974 3053 auctor
1001 2988 1216 3053 AEtnae
1245 2989 1314 3051 in
1342 2988 1480 3075 pari
1510 2985 1757 3051 exordii
1788 2987 2263 3074 compositione
2282 3035 2299 3069 ,
2333 2988 2515 3054 hunc

375 3113 596 3160 autem
635 3096 1064 3160 Nemesianus
1099 3094 1167 3158 in
1203 3093 1578 3183 Cynegetici
1618 3093 1890 3156 introitu
1931 3094 2023 3158 sic
2064 3094 2352 3158 imitatus
2384 3112 2513 3177 est,

379 3217 454 3266 ut
494 3201 655 3265 nibil
703 3203 787 3266 sit
829 3175 1120 3266 similius.
1171 3199 1372 3283 Quod
1417 3199 1499 3264 ad
1538 3200 1800 3262 alteram
1846 3199 2089 3262 Barthii
2134 3199 2515 3287 opinionem

377 3311 612 3375 attinet
632 3359 650 3388 ,
695 3333 824 3398 qua
868 3331 1129 3374 carmen
1172 3307 1254 3372 de
1293 3307 1495 3373 AEtna
1536 3307 1904 3371 Christiano
1936 3307 2189 3372 auctori
2218 3306 2517 3372 addicere

375 3417 615 3496 voluit,
650 3437 791 3479 eam
823 3437 952 3503 qua
980 3414 1118 3478 veri
1149 3413 1362 3501 specie
1395 3435 1628 3476 ornare
1664 3412 1985 3501 potuerit,
2036 3411 2341 3500 equidem
2377 3435 2513 3476 non

333 3067 357 3100 0

397 3605 404 3613 ’
447 3619 526 3688 (1)
559 3617 718 3672 Unde
738 3617 866 3671 mihi
889 3615 1100 3670 videtur
1126 3617 1352 3688 scriptor
1369 3617 1541 3668 AEtuae
1569 3613 1877 3668 Lucretium
1902 3613 1971 3668 de
1989 3615 2183 3668 Rerum
2202 3613 2403 3668 Natura
2419 3651 2437 3678 ,
2464 3626 2517 3667 et

372 3707 547 3761 Gratii
568 3705 928 3779 cynegeticon
951 3704 1192 3778 inprimis
1226 3703 1564 3776 proposuisse
1589 3702 1689 3755 sibi
1704 3743 1721 3768 ‚
1752 3712 1802 3755 et
1830 3702 2024 3755 multas
2050 3719 2237 3756 eorum
2258 3701 2519 3754 dictiones

374 3795 684 3848 adscivisse.
725 3794 999 3867 sigillatim
1039 3793 1314 3847 observavi
1349 3791 1594 3846 Gratium
1634 3809 1939 3844 communes
1980 3809 2104 3842 eum
2152 3808 2219 3844 eo
2259 3788 2516 3861 quasdam

375 3883 779 3955 significationes
800 3882 1182 3936 vocabulorum
1200 3881 1428 3944 hahere,
1456 3892 1517 3932 ut
1536 3883 1783 3950 pignoris,
1806 3897 1909 3952 pro
1937 3889 2251 3950 arg-umento
2268 3879 2353 3932 vel
2378 3877 2517 3932 indi-

375 3972 494 4036 cio,
519 3992 570 4026 v.
598 3972 694 4026 135
718 3983 771 4024 et
793 3973 926 4036 516,
944 3971 1068 4024 coll.
1093 3971 1242 4024 Grat.
1273 3969 1372 4022 232
1396 4007 1414 4034 ,
1443 3971 1543 4023 263
1563 4007 1580 4033 ,
1614 3969 1716 4022 300
1738 3989 1755 4034 ς
1798 3967 1945 4022 vocis
1964 3982 2115 4029 noea,
2140 3986 2241 4038 pro
2262 3967 2519 4039 qualitate

375 4073 433 4114 et
466 4060 820 4132 proprietate,
851 4079 902 4112 v.
946 4061 1048 4114 520
1093 4072 1144 4112 et
1181 4059 1284 4112 528
1307 4095 1325 4122 ,
1361 4059 1480 4112 coll.
1516 4058 1663 4112 Grat.
1699 4077 1754 4111 v.
1800 4057 1897 4124 289
1934 4067 1987 4107 et
2022 4061 2166 4125 4973
2207 4055 2330 4108 item
2368 4056 2517 4110 verbi

373 4151 695 4214 respondere,
726 4168 779 4201 v.
808 4165 906 4202 220
924 4186 939 4212 ,
982 4159 1033 4200 et
1057 4147 1207 4200 Grat.
1233 4167 1280 4198 v.
1302 4149 1387 4200 60.
2029 4157 2033 4160 ’
