2975 4684
901 344 1310 412 PRAEFAT.
1357 343 1493 414 AD
1542 345 2002 414 EPITHAL.
2376 339 2515 442 375

385 471 452 536 in
491 471 590 536 his
630 472 1039 537 connubium
1070 472 1242 538 Pelei
1287 487 1354 538 et
1388 473 1683 538 Thetidis
1719 489 1851 556 est,
1892 473 1961 536 in
1995 495 2163 560 quos
2192 471 2519 561 Epithala-

386 579 592 646 mium
627 579 954 667 scripsisse
985 577 1382 661 Hesiodum,
1416 595 1691 646 testatur
1712 579 1953 644 [sacius
1975 577 2229 644 Tactus
2262 579 2328 641 in
2360 578 2519 647 Pro·

381 685 620 774 legom.
669 681 752 750 ad
786 685 1198 774 Lycophron.
1243 702 1310 750 et
1357 685 1482 750 alio
1522 687 1669 752 loco
1691 734 1709 768 ,
1756 707 1901 774 pag.
1956 683 2039 750 38
2062 732 2083 766 ,
2142 683 2295 750 edit.
2331 685 2515 750 Basil.

381 791 824 880 Agamestoris
846 791 1153 858 Pharsalii
1183 791 1254 856 in
1269 791 1529 860 easdem
1552 793 1809 880 nuptias
1838 812 2097 858 carmen
2124 788 2364 856 laudat.
2394 790 2521 856 Ne-

381 919 516 984 que
531 895 810 964 dubium
839 913 960 980 est,
994 898 1324 965 Catullum
1349 899 1417 962 in
1437 897 1783 977 scribendo
1803 896 2233 985 Epithalamio
2259 895 2435 963 Pelei
2457 912 2523 962 et

381 1001 678 1068 Thetidis
707 1003 868 1068 istos
897 1019 1124 1090 poetas
1151 1019 1509 1092 sequutum
1528 1025 1671 1070 esse
1692 1051 1711 1085 ,
1750 1000 1875 1067 nisi
1906 1002 2253 1090 superavit.
2292 999 2521 1066 Cadmi

381 1121 450 1174 ct
478 1108 846 1174 Harmoniae
877 1108 1136 1196 nuptias
1173 1131 1210 1172 a
1255 1109 1463 1197 poetis
1502 1109 1742 1174 Graecis
1791 1109 2073 1176 multum
2122 1105 2521 1188 decantatas,

381 1211 562 1278 facile
583 1213 868 1302 probant
878 1212 1280 1302 Theognidis
1299 1236 1466 1280 vers.
1498 1215 1599 1296 16,
1627 1229 1693 1278 et
1710 1211 2037 1294 Aristidis,
2064 1211 2245 1278 Orat.
2266 1212 2516 1276 Platon.

377 1341 509 1386 sec.
563 1335 724 1386 tom.
765 1321 864 1404 ΙΙ,
904 1341 973 1407 p.
1037 1319 1196 1406 296,
1235 1319 1468 1404 verba,
1506 1318 1747 1407 quibus
1798 1318 2163 1406 Apollinem
2198 1334 2265 1382 et
2297 1317 2517 1382 Musas

378 1423 610 1494 dicunt
637 1425 710 1493 iu
739 1425 820 1492 iis
857 1425 1102 1514 nuptiis
1145 1447 1406 1492 carmen
1445 1426 1795 1506 cecinisse3
1832 1439 1975 1490 tum
2010 1423 2275 1490 Pindari
2304 1423 2545 1504 locus,'

378 1553 416 1598 a
444 1531 732 1598 Luciano
763 1532 832 1600 in
856 1531 1320 1598 Demosthenis
1353 1532 1687 1614 encomio,
1714 1533 1887 1624 Opp.
1914 1546 2075 1596 tom.
2112 1531 2240 1612 111,
2268 1552 2333 1620 p.
2368 1525 2519 1610 505,

375 1638 666 1728 prolatus
685 1687 706 1720 ,
737 1661 873 1726 quo
903 1647 1064 1720 γάμον
1087 1650 1378 1702 λευκωλένου
1401 1637 1651 1720 sapwic<
1687 1637 1861 1704 inter
1904 1636 2321 1702 celeberrima
2342 1634 2518 1699 The·

373 1741 610 1809 barum
661 1743 826 1810 facta
881 1765 918 1806 a
978 1765 1049 1808 se
1105 1740 1488 1807 celebranda
1543 1743 1757 1808 refert.
1797 1740 1945 1806 Vid.
2006 1741 2218 1808 Carm.
2252 1740 2515 1804 Pindar.

375 1847 605 1938 fiagm.
624 1846 1026 1930 Schneideri,
1048 1845 1231 1936 p.45.
1251 1848 1514 1914 Helenae
1530 1847 2033 1936 Epithalamium
2061 1847 2299 1914 cecinit
2310 1844 2521 1910 Theo·

373 1955 610 2038 oritus,
637 1955 820 2045 Idyll.
851 1955 1104 2037 XVIII,
1143 1953 1326 2044 quod
1357 1970 1424 2018 et
1449 1955 1895 2020 Stesichorum
1928 1971 2117 2020 antea
2144 1953 2475 2041 scripsisse
2494 1999 2513 2032 ‚

373 2061 748 2132 scholiastes
781 2061 864 2128 ad
896 2085 1049 2128 eum
1079 2062 1301 2129 locum
1337 2078 1587 2128 monet.
1618 2062 1707 2126 Iis
1748 2059 2017 2152 adjungi
2061 2075 2281 2150 potest
2316 2059 2513 2124 Colu-

377 2169 536 2236 thus
558 2169 642 2238 de
659 2171 876 2259 Raptu
903 2169 1163 2238 Helenae
1187 2189 1407 2256 agens.
1429 2166 1695 2232 Achillis
1712 2183 1777 2234 et
1790 2165 2141 2234 Deidamiae
2176 2165 2509 2254 Epithala-

377 2276 618 2358 mium,
659 2276 954 2364 quamvis
992 2288 1368 2340 truncatum
1387 2319 1406 2356 ,
1435 2287 1533 2338 est
1570 2272 1637 2336 in
1668 2271 1914 2361 Idylliis
1940 2273 2159 2338 Bionis
2176 2272 2513 2360 Smyrnaei.

375 2381 516 2450 Nec
550 2381 910 2450 omittenda
959 2397 1058 2448 est
1111 2378 1338 2446 Musaei
1371 2377 1454 2444 de
1487 2379 1766 2444 Leandri
1801 2396 1867 2444 et
1920 2381 2133 2444 Herus
2179 2377 2512 2443 amoribus

377 2490 684 2556 narratio.
713 2487 1081 2578 Sapphonis
1111 2486 1304 2554 etiam
1329 2484 1487 2550 odas
1521 2484 1835 2575 quasdam
1848 2485 2275 2574 Epithalamii
2294 2484 2518 2550 inscri-

373 2594 672 2684 ptionem
703 2595 1008 2664 habuisse
1043 2608 1318 2660 testatur
1354 2593 1709 2680 Dionysius
1742 2593 1949 2658 Halic.
1978 2604 2025 2658 iv
2049 2605 2225 2672 τέχνῃ.
2258 2616 2397 2682 cap.
2438 2600 2513 2678 4,

375 2709 490 2782 περὶ
515 2707 724 2782 μεθόδου
751 2712 1102 2783 ‘modalium
1133 2699 1217 2762 Et
1246 2697 1528 2788 Scaliger
1556 2699 1625 2762 in
1663 2698 1836 2764 notis
1868 2697 1949 2764 ad
1975 2699 2203 2764 Catulli
2230 2699 2509 2786 Epithal.

375 2799 562 2866 Juliae
596 2815 661 2864 et
695 2798 922 2864 Manlii
963 2823 1040 2866 ex
1075 2804 1302 2868 Servio
1333 2804 1632 2870 nondum
1663 2826 1901 2870 excuso
1935 2805 2073 2870 haec
2105 2827 2185 2868 ex
2214 2805 2512 2894 Sappho-

377 2905 479 2970 nis
513 2916 850 2987 ἱπιθαλαμίοις
868 2906 1062 2972 verba
1090 2909 1270 2992 citat,
1301 2921 1455 2990 Χεῖρα
1475 2914 1537 2972 δὲ
1558 2921 1753 2990 νύμφα,
1773 2922 1913 2992 χαῖρε
1934 2919 2065 2988 τίμια
2085 2915 2298 2990 γαμὸρί·
2331 2911 2513 2998 quod

377 3033 638 3079 oermen
689 3011 981 3094 ejusdem
1029 3014 1220 3080 metri
1267 3037 1436 3098 esse,
1487 3039 1565 3080 ac
1598 3015 1868 3095 Catulli,
1904 3015 2013 3080 ait.
2082 3015 2167 3080 Et
2200 3015 2511 3102 epithala-

375 3117 586 3185 mium
615 3119 850 3184 Catulli
885 3118 968 3185 de
1000 3121 1294 3210 Hespero
1329 3143 1406 3186 ex
1441 3121 1791 3210 Sapphone
1819 3119 2149 3186 redditum
2180 3143 2319 3186 esse
2344 3121 2516 3188 affir-

373 3239 510 3290 mat
539 3225 810 3290 Vossius
859 3223 942 3290 ad
995 3227 1352 3308 Catullum,
1393 3250 1458 3315 p.
1520 3227 1663 3314 189.
1697 3226 2063 3318 sapphonis
2108 3237 2327 3308 {cuipam
2370 3233 2515 3310 ᾇειμοι

373 3329 530 3394 dtat
561 3330 888 3396 Himerius
919 3331 1220 3420 Sophista
1253 3357 1292 3401 a
1313 3331 1763 3398 Wernsdorfio
1780 3379 1803 3414 ,
1834 3355 1981 3398 meo
2010 3331 2237 3415 fratre,
2265 3332 2511 3416 editus,

375 3434 606 3528 Oratio
638 3437 832 3520 XIII,
865 3459 940 3524 9,
972 3461 1038 3527 p.
1075 3439 1225 3506 600.
1249 3439 1633 3507 Latinorum
1664 3439 1803 3520 ejus
1830 3439 2087 3529 generis
2114 3439 2513 3520 carminum,

373 3541 734 3630 praesertim
769 3547 1232 3632 superstitum,
1281 3545 1416 3610 fere
1441 3546 1650 3626 major
1691 3567 2027 3612 numerus.
2076 3545 2309 3612 Licinii
2335 3544 2519 3610 Calvi

371 3646 880 3735 Epithalamium
910 3649 1064 3716 citat
1095 3649 1495 3732 Priscianus,
1529 3650 1641 3716 lib.
1672 3652 1751 3732 V,
1784 3673 1853 3740 p.
1886 3649 2017 3720 658
2052 3647 2317 3737 Putscly
2347 3665 2415 3714 et
2432 3671 2511 3714 ex

375 3769 456 3814 eo
503 3747 642 3816 haec
699 3749 896 3816 verba
952 3750 1191 3816 refert:
1219 3751 1583 3844 Hesperium
1630 3767 1778 3815 ante
1792 3751 2002 3842 jubar
2041 3754 2355 3842 quatiens.
2407 3749 2508 3816 Ab

372 3961 525 3996 suam
569 3943 934 4015 inscripserat,
968 3955 1098 3996 teste
1134 3945 1420 4009 Athenaeo,
1459 3943 1558 3997 lib.
1580 3945 1681 3998 vl.
1724 3945 1768 3996 E
1811 3943 2013 3998 Latinis
2050 3955 2152 3998 tres
2192 3941 2512 3996 dramaticon

371 4044 556 4106 poetas
583 4035 794 4101 Nuptias
835 4031 1076 4086 docuisse
1111 4031 1353 4098 invenio,
1402 4031 1697 4086 Pacuvium
1716 4074 1731 4098 ,
1774 4031 2127 4104 Pomponium
2144 4071 2159 4092 ,
2206 4031 2509 4086 Laberium.

373 4121 498 4176 Hac
521 4121 888 4176 casaubonus.
907 4120 1168 4178 Wernsd.
1189 4122 1246 4176 in
1275 4120 1563 4176 Addendis.
1602 4123 1705 4175 En.
