2975 4684
452 331 590 404 διο

882 339 1521 411 TESTIMONIA
1573 345 2137 416 AUCTORUM

723 466 956 519 Pervixi:
989 485 1164 538 neque
1189 470 1328 522 enim
1357 471 1567 525 fortuna
1591 474 1873 545 malignior
1896 493 2127 546 unquam

793 555 993 627 Eripiet
1009 557 1166 610 nobis
1182 597 1198 624 ,
1214 557 1359 630 quod
1384 560 1529 631 prior
1550 561 1683 614 hora
1706 561 1875 615 dedit.

721 643 836 697 Illic
862 644 1075 698 alternis
1097 644 1364 718 depugnat
1381 660 1573 718 pontus
1596 661 1649 702 et
1673 668 1796 703 aer:

791 731 890 788 Hic
914 732 1032 786 rivo
1057 733 1203 788 tenui
1230 736 1406 807 pervia
1434 736 1571 790 ridet
1596 738 1810 794 humus.

720 819 833 873 Illic
853 819 1050 874 divisas
1069 823 1362 894 complorat
1379 823 1561 878 navita
1582 843 1783 898 puppes
1803 845 1818 878 :

783 909 883 962 Hic
902 923 1081 982 pastor
1101 910 1214 963 miti
1241 911 1437 983 perluit
1459 931 1615 965 amne
1638 932 1815 986 pecus.

716 995 832 1051 Illic
858 997 1114 1052 immanes
1139 1017 1280 1052 mors
1305 1001 1476 1053 obsita
1500 1001 1655 1053 solvit
1678 1003 1881 1056 hiatus:

787 1083 886 1139 Hic
909 1085 1102 1158 gaudet
1127 1105 1284 1139 curva
1313 1087 1449 1140 falce
1474 1090 1639 1143 recisa
1667 1091 1841 1143 Ceres.

718 1173 833 1228 Illic
855 1173 992 1228 inter
1009 1193 1172 1246 aquas
1193 1176 1299 1227 urit
1323 1174 1435 1228 sitis
1457 1175 1607 1229 arida
1614 1179 1800 1246 fauces
1816 1201 1836 1239 ,-
2523 1203 2567 1240 ,ς

785 1263 884 1316 Hic
910 1263 1031 1317 data
1057 1267 1271 1336 perjuro
1294 1263 1440 1318 basia
1469 1265 1637 1319 multa
1668 1267 1795 1319 viro.

717 1351 938 1422 Naviget
953 1391 969 1416 ,
993 1365 1048 1404 et
1074 1349 1265 1406 fluctus
1291 1352 1446 1406 lasset
1469 1352 1750 1406 mendicus
1771 1355 1967 1427 Ulyxes
1988 1371 2002 1405 :

781 1440 846 1491 In
870 1441 1022 1494 terris
1040 1440 1180 1492 vivet
1199 1439 1431 1494 candida
1451 1439 1728 1513 Penelope.

431 1644 637 1686 tantum
679 1633 828 1685 sinus
871 1646 925 1686 et
969 1634 1122 1686 statio
1165 1635 1304 1688 male
1344 1631 1454 1687 fida

431 1711 623 1766 carinis
635 1739 676 1762 a.
699 1712 962 1766 Caeterum
983 1713 1244 1785 principio
1264 1731 1400 1766 vers.
1421 1713 1452 1765 5

431 1793 547 1864 lego
569 1809 692 1845 cum
716 1791 930 1846 Heinsio
947 1795 1168 1860 Hicfons
1181 1831 1197 1855 ‚
1214 1795 1292 1844 hic
1311 1796 1450 1845 lacus

431 1886 519 1924 est.
547 1871 751 1944 Nempe
778 1885 932 1944 poeta
972 1873 1259 1944 significat,
1288 1891 1348 1925 ex
1377 1871 1450 1924 al-

429 1963 538 2004 tera
566 1965 720 2024 parte
742 1953 880 2007 villa
916 1971 1020 2006 suae
1061 1955 1260 2006 fontem
1295 1963 1345 2004 et
1373 1953 1446 2004 la-

415 2049 555 2094 ,cum
589 2049 732 2096 esse,
769 2051 830 2085 ex
858 2033 1016 2085 altera
1054 2031 1242 2104 partim
1271 2030 1446 2085 sinum

427 2111 590 2163 maris
612 2112 848 2182 conspici
864 2111 1153 2165 undantem
1175 2109 1448 2177 fluetibus,

427 2189 620 2259 partim
645 2191 923 2244 stationem
951 2190 1173 2243 navibus
1201 2201 1388 2242 tutam.

498 2287 547 2338 7.
588 2271 803 2330 Per-vixi,
834 2269 892 2322 h.
925 2289 970 2323 e.
996 2268 1066 2322 ad
1095 2269 1198 2322 hoc
1239 2280 1446 2339 tempus

425 2347 590 2400 vitam
615 2347 752 2401 bene
770 2347 934 2418 exegi.
955 2347 1210 2401 Geminus
1228 2347 1312 2400 his
1335 2365 1446 2400 ver-

426 2425 568 2478 sibus
595 2427 743 2480 locus
774 2425 979 2478 Horatii
1007 2439 1110 2491 est,
1129 2426 1307 2479 Carm.
1333 2425 1445 2491 ΙΙΙ,

429 2523 494 2572 ²9
512 2545 527 2570 ,
557 2513 618 2569 41
641 2522 656 2556 ε
691 2531 712 2552 ι
739 2505 836 2557 Ille
861 2516 1047 2575 potens
1070 2506 1153 2556 sui
1171 2505 1446 2576 Loetusque

425 2582 610 2654 deget,
642 2583 728 2636 cui
769 2582 890 2635 licet
929 2583 986 2634 in
1035 2581 1176 2635 diem
1215 2582 1445 2648 Dixisse,

425 2661 600 2714 Vixi..
615 2698 626 2712 .
643 2701 656 2714 .
673 2680 805 2715 .non
827 2673 1004 2714 tamen
1027 2661 1230 2714 irritum
1257 2661 1438 2726 Quod-

424 2759 655 2813 cumque
671 2753 816 2793 retro
833 2753 911 2794 est
931 2740 1122 2793 efficiet
1135 2777 1150 2804 ‚
1168 2751 1268 2793 etc.
1293 2765 1318 2786 »ο

504 2837 528 2872 1
543 2839 584 2872 1.
608 2823 718 2872 Illic
741 2823 948 2880 divisas,
987 2819 1025 2871 i.
1047 2839 1095 2872 e.
1123 2819 1339 2884 fractas,
1356 2820 1440 2872 vel

425 2899 715 2971 dissipatas.
751 2899 997 2952 Heinsius
1024 2898 1235 2951 volebat
1259 2901 1441 2967 disper·-

424 2999 506 3030 sas
523 3019 537 3039 ,
567 2979 651 3033 vel
677 2984 959 3048 depressas,
982 2979 1066 3031 vel
1085 2981 1249 3031 elisas.

498 3058 577 3111 13.
619 3065 752 3110 Mors
790 3062 960 3111 obsita.
996 3059 1081 3112 Sic
1118 3057 1350 3128 Scaliger
1383 3057 1439 3109 iu

423 3138 656 3209 margine
693 3137 1006 3192 schedarum
1045 3135 1439 3201 emendaverat,

422 3229 472 3268 et
501 3217 556 3269 in
583 3215 812 3270 editione
833 3233 928 3268 sua
949 3217 1216 3288 expressit.
1255 3214 1356 3269 Sed
1379 3216 1436 3266 in

421 3295 694 3348 eod.Voss.
713 3308 764 3347 et
782 3294 991 3348 schedis
1007 3294 1254 3365 scaligeri
1271 3298 1433 3347 oblita.

420 3373 666 3427 Heinsius
691 3385 742 3426 et
767 3373 979 3444 Opitius
1005 3375 1338 3444 conjecerant
1354 3377 1435 3424 ob·

421 3455 522 3514 via,
553 3451 696 3524 quod
724 3465 775 3505 et
807 3452 1111 3503 Bur-manno
1135 3453 1432 3524 praeplacet.

420 3531 832 3604 Oudendorpius
871 3541 1046 3581 tamen
1080 3531 1288 3583 volebat
1328 3536 1434 3583 Illic

421 3616 626 3664 immani
645 3631 772 3663 mors
793 3612 994 3661 horr-ida
1013 3613 1148 3660 soevie
1162 3612 1314 3663 hiatu.
1326 3611 1440 3682 Ego

424 3709 490 3744 ex
530 3694 675 3744 oblita
717 3689 980 3744 conficere
1019 3688 1202 3740 malim
1241 3694 1433 3752 abdita,

422 3789 538 3843 quae
573 3771 773 3824 scilicet
813 3787 881 3821 ex
919 3769 1107 3840 abysso
1147 3770 1308 3822 maris
1347 3789 1439 3840 per

419 3849 621 3902 hiatum
673 3847 936 3902 undarum
989 3846 1204 3916 emergit
1229 3887 1244 3912 ,
1290 3851 1438 3919 quasi

419 3929 594 3980 bellua
621 3928 838 3980 marina.

1618 1639 1701 1687 16.
1731 1636 1794 1687 In
1832 1634 2055 1706 vulgatis
2096 1647 2175 1687 est
2206 1639 2297 1688 Hie
2333 1640 2425 1688 dae
2448 1657 2566 1705 per·

1530 1716 1684 1782 surm
1716 1713 1863 1786 quod
1900 1713 2122 1767 multum
2161 1716 2367 1768 vexavit
2402 1716 2565 1770 inter-

1541 1805 1747 1862 pretes:
1770 1809 1893 1845 nam
1912 1797 1967 1848 τὸ
1990 1797 2081 1844 dae
2094 1811 2205 1866 quo
2222 1795 2565 1848 referendum

1540 1869 1605 1922 sit
1619 1911 1634 1936 ,
1654 1890 1761 1924 non
1780 1883 1995 1944 apparet
2008 1912 2024 1937 ,
2044 1883 2097 1924 et
2110 1913 2126 1938 ,
2150 1873 2195 1924 si
2220 1875 2393 1944 puella
2410 1915 2426 1940 ,
2444 1891 2564 1946 qua·

1538 1967 1645 2002 uon
1693 1950 2034 2023 exprimitur,
2076 1951 2523 2023 subintelligenda
2546 1991 2563 2016 ,

1536 2045 1595 2080 ea
1630 2047 1755 2083 sane
1781 2029 1919 2083 dura
1950 2029 2149 2102 ellipsis
2182 2041 2273 2083 est.
2316 2032 2379 2083 In
2406 2032 2560 2084 Voss.

1536 2107 1717 2162 codice
1761 2108 2031 2180 legebatur
2078 2113 2149 2160 da
2196 2113 2341 2160 Pe'uro
2386 2115 2560 2164 bassa.

1536 2187 1741 2240 Tollius
1777 2188 1987 2240 volebat
2025 2192 2189 2250 nulla,
2226 2189 2338 2241 scil.
2379 2191 2563 2261 puella

1534 2267 1673 2319 basis
1694 2265 1787 2320 dat
1808 2284 1917 2319 nou
1936 2267 2053 2320 viro
2070 2269 2305 2338 perjuro,
2320 2269 2413 2322 sed
2432 2269 2560 2322 fido.

1534 2344 1949 2416 Oudendorpius
1988 2346 2303 2416 conjiciebat
2340 2352 2431 2400 Hie
2468 2353 2565 2400 dat

1536 2429 1775 2492 Penelope
1801 2427 1941 2474 basia
1964 2429 2117 2476 multa
2140 2428 2271 2477 viro.
2296 2425 2561 2480 Burman-

1533 2521 1671 2556 nus:
1713 2507 1805 2554 Hic
1856 2508 1947 2554 dat
1988 2523 2159 2554 secum
2210 2507 2352 2556 basia
2393 2510 2559 2558 amica

1532 2587 1665 2635 viro.
1679 2583 1812 2636 Mihi
1836 2583 2011 2654 placet
2030 2601 2061 2635 e
2079 2584 2341 2656 scriptura
2358 2585 2559 2640 codicis

1532 2661 1684 2715 Voss.
1708 2663 1879 2734 legere
1900 2681 1913 2713 :
1936 2664 2027 2713 Hic
2047 2667 2169 2714 data
2188 2667 2391 2733 per-jum
2414 2669 2561 2716 basia

1530 2747 1682 2794 multa
1708 2745 1819 2794 viro
1838 2780 1854 2801 ‚
1898 2741 1969 2792 ita
1998 2755 2061 2793 ut
2084 2744 2391 2814 suppleatur
2410 2761 2564 2796 urunt
2672 2761 2681 2766 ·

1531 2839 1561 2872 e
1584 2821 1911 2893 przecedente
1929 2839 2102 2874 versu.
2142 2821 2217 2872 Ut
2243 2823 2558 2893 navigantes

1532 2901 1641 2953 sitis
1680 2899 1787 2953 urit
1817 2901 1958 2954 inter
1984 2917 2175 2973 aquas,
2210 2900 2291 2953 sic
2330 2901 2387 2952 in
2414 2914 2559 2956 tetra

1530 2979 1715 3032 crebra
1752 2978 1933 3032 oscula
1966 2979 2263 3050 puellarum
2301 2992 2464 3032 urunt
2502 2993 2557 3033 et

1530 3057 1827 3111 accendunt
1843 3070 1947 3109 tam
1966 3057 2252 3110 liberaliter
2270 3057 2393 3112 dats
2412 3059 2555 3124 vim,

1526 3138 1769 3208 quamvis
1808 3137 2026 3207 perjuro
2064 3146 2115 3188 et
2162 3135 2391 3190 fallenti:
2432 3138 2545 3190 for·

1526 3227 1661 3267 tasse
1687 3227 1739 3267 et
1772 3226 1977 3285 praestet
2010 3233 2105 3285 pro
2138 3219 2341 3284 perjuro
2376 3217 2553 3287 legere

1515 3313 1742 3363 per-cam.
1760 3294 1847 3347 sic
1864 3293 2111 3346 Horatius
2124 3335 2139 3358 ,
2162 3295 2343 3348 Car-m.
2362 3298 2416 3361 1,
2438 3294 2501 3347 13
2528 3312 2541 3346 :

1530 3399 1551 3420 ι
1569 3373 1727 3439 Uror,
1746 3389 1837 3424 seu
1851 3371 1949 3424 tihi
1971 3371 2227 3426 candidos
2240 3373 2551 3446 Turpamut

1525 3453 1797 3516 humeros,
1817 3463 1917 3504 etc.
1944 3476 1966 3496 ι

1602 3533 1686 3584 18.
1728 3533 1955 3582 candida
1978 3535 2230 3598 Penelope.
2261 3530 2549 3602 Epitheton

1528 3613 1747 3662 candida
1768 3607 1973 3660 videtur
1992 3609 2275 3680 sumpsisse
2296 3627 2359 3661 ex
2381 3609 2542 3664 ovid.

1527 3692 1710 3740 Amor.
1732 3689 1785 3740 ΙΙ
1801 3727 1815 3753 ,
1839 3689 1901 3739 18
1917 3727 1931 3754 ,
1954 3705 2049 3756 29:
2072 3713 2096 3733 α
2117 3687 2355 3740 Candida
2378 3689 2546 3742 Pene-

1527 3771 1647 3840 lope
1680 3768 1889 3838 signum
1922 3762 2169 3836 cognovit
2203 3767 2387 3839 Ulyxis
2402 3794 2447 3820 u.
2476 3769 2545 3820 Et

1528 3858 1711 3902 auctor
1737 3845 2007 3917 Epitomes
2025 3845 2211 3898 crebro
2232 3845 2398 3899 utitur
2414 3847 2545 3900 Ovi-

1528 3925 1699 3978 dianis
1722 3923 1895 3976 verbis
1923 3935 1974 3975 et
2002 3921 2294 3994 phrasibus.
