2975 4684
801 338 1392 430 EORUMQUE
1453 339 2109 414 FRAGMENTA.
2380 338 2529 436 489

395 468 576 534 tione
601 467 768 534 facta
787 518 806 551 ,
837 469 1128 534 furorem
1161 487 1502 558 poetarum
1530 471 1649 536 aevi
1668 472 1769 536 sui
1790 519 1809 552 ,
1841 471 2175 559 ipsiusque
2208 469 2489 534 Neronis
2506 515 2527 550 ,

395 574 466 638 in
489 575 724 642 fabulis
751 577 1110 642 Homericis
1141 575 1555 642 decantandis
1572 625 1591 661 ,
1626 586 1853 643 notare
1880 576 2107 641 voluit.

489 779 667 845 XIV.
701 781 780 844 In
808 781 948 871 ipsa
974 783 1183 864 Trojae
1208 785 1410 850 halosi
1429 835 1446 868 ,
1476 810 1510 849 a
1545 786 1851 851 Petronio
1880 783 2249 866 decantata,
2280 781 2533 847 Gonsa·

399 881 526 949 lius
549 885 631 950 de
655 886 845 952 Salas
879 904 1066 976 putat
1109 891 1361 980 insigne
1401 891 1671 956 Nemnis
1698 892 1999 980 Imperat.
2036 911 2267 978 poema
2289 936 2309 970 ,
2352 884 2533 975 quod

399 991 619 1082 ipsum
645 993 855 1084 Trojoe
879 994 1112 1060 halosis
1136 996 1386 1062 dictum
1409 1013 1508 1062 est
1524 1045 1543 1080 ,
1568 999 1895 1086 simulque
1922 1018 2205 1062 amaram
2233 992 2537 1060 carminis

402 1101 810 1164 occasionem
845 1125 923 1167 ex
952 1101 1257 1168 incendio
1291 1105 1515 1169 Romae
1546 1104 2012 1170 immanissimo
2050 1101 2334 1190 Principi
2362 1099 2541 1163 obla-

401 1219 572 1288 tam,
592 1207 888 1272 insectari
915 1208 1295 1275 Petronium
1324 1212 1623 1277 voluisse.
1648 1211 1753 1276 Sic
1776 1212 1951 1274 enim
1972 1225 2217 1274 veteres
2246 1204 2543 1272 historici

405 1310 696 1378 tradunt.
722 1313 1071 1378 Suetonius
1092 1364 1110 1397 ,
1137 1337 1276 1404 cap.
1304 1315 1387 1380 38
1406 1366 1425 1399 ,
1451 1316 1575 1381 ubi·
1602 1316 1779 1381 urbis
1802 1314 2178 1381 incendium
2201 1311 2541 1378 describit:

409 1445 438 1472 ιι
469 1417 613 1481 Hoc
657 1417 1032 1484 incendium
1061 1443 1097 1484 e
1142 1421 1308 1485 turri
1347 1423 1807 1491 Maecenatiana
1843 1437 2295 1512 prospectans,
2328 1419 2544 1483 laetus-

410 1545 540 1610 que
573 1521 845 1588 flammae
861 1575 878 1600 ‚
913 1540 988 1588 ut
1012 1525 1221 1590 aiebat
1239 1575 1258 1608 ,
1281 1525 1767 1616 pulchritudine
1783 1575 1801 1610 ,
1826 1538 2004 1591 ἅλωσιν
2030 1526 2165 1608 Ilii,
2190 1525 2257 1589 in
2294 1525 2405 1589 illo
2424 1545 2547 1588 suo

408 1629 671 1692 scenico
693 1629 923 1693 habitu
941 1679 960 1712 ,
986 1629 1346 1696 decantavit
1364 1630 1458 1720 (1)
1475 1663 1523 1696 υ.
1546 1633 1808 1698 Tacitus
1823 1681 1841 1716 ,
1864 1632 2095 1700 Annal.
2116 1631 2229 1698 lib.
2257 1631 2405 1711 XV,
2426 1627 2511 1715 39
2528 1675 2546 1710 ,
2604 1688 2616 1694 -

411 1765 440 1790 ι
467 1734 837 1799 Pervaserat
867 1758 1114 1819 rumor,
1141 1738 1284 1825 ipso
1307 1753 1603 1825 tempore
1626 1736 1949 1828 flagrantis
1973 1736 2153 1802 urbis
2172 1737 2367 1800 inisse
2394 1756 2547 1798 eum

405 1838 828 1905 domesticam
857 1863 1115 1906 scenam
1132 1890 1148 1923 ,
1184 1859 1251 1906 et
1278 1843 1587 1908 cecinisse
1612 1843 1969 1924 Trojanum
2004 1840 2325 1908 excidium
2344 1890 2363 1923 ,
2384 1863 2550 1931 prae·

407 1947 614 2010 sentia
637 1947 798 2011 mala
827 1949 1094 2012 vetustis
1123 1947 1412 2013 cladibus
1445 1947 1919 2014 adsimilantem
1935 1981 1979 2014 ι.
2004 1947 2167 2013 Addi
2186 1963 2401 2038 potest
2422 1945 2551 2010 Dio

413 2052 585 2124 Cass.
627 2054 740 2142 qui
786 2051 1010 2119 eadem
1053 2071 1374 2120 memorat
1412 2055 1525 2120 lib.
1576 2056 1796 2138 LXII,
1823 2079 1965 2145 pag.
2003 2077 2152 2144 709·
2194 2051 2552 2134 Iuvenalis,

409 2157 701 2224 Sat.Vlll
721 2209 740 2242 ,
775 2183 926 2241 221,
955 2179 1175 2249 aperte
1193 2161 1547 2253 significat,
1570 2162 1901 2227 Neronem
1931 2161 2161 2252 Troica
2189 2160 2551 2249 scripsisse,

413 2288 560 2354 quae
593 2267 786 2330 etiam
819 2269 975 2332 citat
1003 2267 1264 2333 Servius
1295 2268 1378 2334 ad
1413 2269 1655 2358 Georg.
1691 2270 1825 2351 ΙΙΙ,
1857 2267 1975 2352 36,
2016 2285 2081 2333 et
2111 2265 2265 2332 AEn.
2292 2266 2373 2348 V,
2400 2265 2548 2353 370.

415 2371 802 2438 Scholiastes
826 2375 858 2437 J
863 2375 1152 2439 uvenalis
1179 2375 1462 2441 Troados
1484 2376 1671 2440 libros
1704 2376 1999 2440 nominat
2015 2423 2033 2455 ,
2056 2391 2123 2438 et
2141 2372 2343 2438 Persii
2365 2371 2557 2436 scho-

417 2477 628 2543 liastes
662 2479 743 2544 ad
771 2481 802 2543 I
819 2529 838 2562 ,
876 2504 993 2545 122
1029 2482 1319 2547 Tmicon.
1351 2483 1654 2572 Amplum
1687 2459 1815 2548 hoc
1848 2504 2015 2570 opus
2050 2481 2246 2545 fuisse
2276 2477 2554 2542 videtur.

419 2585 648 2668 Unde,
685 2587 896 2674 Trcjoe
944 2587 1211 2670 balmis,
1245 2611 1441 2676 quam
1489 2587 1799 2680 flagrante
1834 2588 1999 2652 urbe
2043 2586 2313 2652 canebat
2344 2585 2523 2649 Nero
2540 2631 2559 2664 ,

417 2711 568 2778 pars
603 2691 770 2756 illius
803 2695 1050 2781 operis,
1083 2717 1168 2758 an
1205 2710 1571 2782 separatum
1603 2717 1862 2758 carmen
1898 2693 2126 2770 fuerit,
2163 2707 2341 2756 certo
2367 2686 2559 2754 adfir-

423 2798 587 2862 mari
625 2801 872 2887 nequit.
914 2801 1010 2864 Ex
1044 2800 1214 2866 libro
1249 2803 1279 2866 I
1309 2801 1623 2883 Neronis,
1651 2801 2049 2879 Troicorum,
2092 2815 2167 2862 ut
2198 2810 2381 2887 putat
2418 2795 2561 2858 Ou—

425 2901 830 2992 dendorpius
850 2953 868 2987 ,
897 2905 1096 2970 hosce
1120 2929 1345 2971 versus
1375 2906 1682 2996 producit
1710 2905 2017 2994 antiquus
2044 2903 2413 2969 scholiastes
2434 2901 2569 2964 Lu-

431 3010 574 3074 cani
610 3009 692 3074 ad
724 3011 948 3078 Phars.
983 3011 1094 3076 lib.
1125 3013 1260 3095 111,
1292 3035 1352 3078 v.
1385 3013 1505 3077 261
1538 3036 1554 3077 ς

714 3196 928 3269 Quique
947 3208 1270 3270 pererratam
1293 3193 1585 3252 subductus
1603 3194 1819 3250 Persida
1836 3193 2011 3267 Tigris

715 3285 923 3338 Deserit
941 3325 957 3352 ,
987 3299 1038 3339 et
1067 3286 1226 3358 longo
1253 3296 1513 3338 terrarum
1542 3297 1741 3338 tractus
1767 3282 1915 3337 hiatu

717 3372 914 3427 Reddit
937 3376 1180 3447 quasitas
1196 3375 1310 3447 jam
1333 3393 1442 3429 non
1463 3373 1819 3447 quarentibus
1840 3370 2025 3426 undas.

539 3571 682 3638 XV.
715 3570 840 3635 Per
872 3569 1044 3634 idem
1069 3585 1326 3660 tempus
1353 3572 1639 3634 Annaeus
1662 3569 1954 3634 Lucanus
1984 3589 2085 3632 res
2116 3563 2423 3645 Troianas
2452 3585 2583 3626 car·

443 3678 618 3743 mine
647 3675 968 3766 exposuit.
997 3677 1168 3743 Nam
1199 3675 1447 3742 Iliacon
1475 3676 1719 3741 librum
1746 3675 1829 3740 ab
1854 3697 1936 3740 eo
1968 3673 2281 3762 scriptum
2314 3693 2451 3736 non
2482 3691 2585 3733 so-

520 3951 598 4019 (1)
636 3949 884 4016 Orosius,
927 3949 1128 4004 Hister.
1175 3951 1272 4003 lib.
1303 3949 1411 4002 vu
1431 3987 1446 4013 ‚
1486 3967 1608 4022 cap.
1648 3965 1703 4020 7,
1746 3945 1982 4002 Suetonii
2028 3945 2207 3998 locum
2253 3940 2581 4006 exscribens.

448 4039 605 4090 verba
643 4041 760 4112 ejus
793 4052 1025 4094 extrema
1059 4041 1135 4095 sic
1176 4051 1378 4104 mutat,
1413 4042 1607 4108 tragico
1644 4039 1808 4089 habitu
1843 4037 2053 4087 Iliadem
2088 4035 2414 4093 decantabat,
2460 4047 2585 4083 sane

453 4123 711 4198 imperite.
