2975 4684
677 338 1142 409 EPITOME
1199 338 1629 409 ILIADOS
1694 332 2121 411 HOMERI.

2332 338 2471 440 593

520 462 694 531 XIX
728 474 798 529 et
825 462 980 529 XX.
1015 459 1291 531 Talibus
1314 474 1600 529 ornatus
1631 460 1825 531 donis
1856 461 2241 533 Thetideius
2274 464 2471 537 heros

421 576 502 641 In
539 570 791 639 medias
823 570 996 639 acies
1037 570 1314 639 immani
1347 570 1617 639 turbine
1654 570 1885 640 fertur.

423 682 554 752 Cui
590 682 764 749 vires
806 680 1058 774 praebet
1096 696 1278 749 casta
1312 706 1466 749 cum
1504 677 1773 750 Pallade
1802 686 2017 769 June,

424 795 740 885 Dantque
767 791 1027 861 animos
1052 792 1323 885 juveni:
1353 790 1537 859 videt
1560 791 1743 860 hunc
1770 792 2166 887 Cythereius
2182 794 2379 864 heros
2397 827 2475 866 900

424 902 873 995 Occurritque
907 902 1090 987 vit-0,
1123 900 1240 971 sed
1279 926 1414 969 non
1453 926 1609 971 cum
1650 902 1903 971 viribus
1936 902 2171 997 aequiS‚

423 1012 710 1083 AEacidae
749 1036 874 1081 nec
906 1036 1182 1106 compar
1211 1027 1388 1099 erat;
1419 1027 1644 1081 tamen
1688 1013 1789 1080 ira
1828 1012 2049 1107 coegit

423 1123 747 1195 Conferre
791 1122 1054 1193 invictis
1092 1124 1410 1216 juvenem
1449 1148 1603 1193 cum
1645 1124 1899 1193 viribus
1937 1147 2144 1193 arma.

423 1234 648 1323 Quem
687 1232 815 1301 nisi
850 1248 1174 1301 servasset
1211 1256 1607 1329 magnarum
1656 1248 1879 1303 rector
1920 1260 2283 1330 aquarum,

421 1348 520 1415 Ut
556 1342 881 1438 profugus
924 1345 1133 1412 Latiis
1169 1345 1440 1438 Trojam
1486 1359 1826 1439 repararet
1862 1346 1932 1412 in
1974 1346 2183 1431 ιιι-νίς»,

326 1550 536 1603 videtur
560 1548 954 1603 hemistichium
979 1548 1218 1621 Virgilii,
1234 1552 1352 1601 AEn.

325 1632 444 1697 111,
470 1632 540 1694 64
563 1648 578 1683 τ
605 1628 896 1683 «Οοηιίεἰε
933 1640 1127 1681 moestoe
1157 1629 1293 1681 vittis
1311 1655 1352 1682 a.

324 1710 462 1761 -Et
480 1706 547 1761 de
569 1708 746 1761 Parcis
763 1708 1002 1761 Catullus
1016 1747 1032 1773 ,
1048 1707 1102 1759 in
1121 1707 1352 1780 Epithal.

325 1789 433 1843 Pel.
459 1810 513 1863 p.
552 1790 649 1842 186
677 1790 830 1841 Voss.
863 1788 968 1840 «At
999 1806 1164 1841 rosea
1199 1788 1354 1842 niveo

323 1869 626 1922 residebant
645 1866 839 1919 vertice
857 1869 1002 1920 vittae
1023 1892 1069 1919 n.
1099 1867 1197 1919 En.

397 1952 518 2017 898.
542 1952 760 2000 Immani
779 1950 980 1999 turbine.
999 1946 1222 1999 Helmst.
1241 1966 1351 1997 cum

324 2048 514 2099 magno
545 2030 748 2081 mrbine.
781 2028 886 2081 nic
911 2044 1095 2079 versus
1131 2026 1189 2078 in
1211 2026 1287 2079 G.
1321 2045 1349 2078 2

324 2128 601 2181 perperam
631 2107 910 2181 subjicitur
933 2105 1105 2159 versui
1131 2122 1253 2175 901.

397 2190 521 2257 899.
547 2193 664 2239 Cum
688 2201 832 2238 casea
854 2190 1060 2237 Panade
1079 2184 1148 2237 G.
1179 2204 1202 2237 1
1228 2198 1280 2235 et
1304 2202 1350 2236 2.

323 2273 545 2321 Praebent
566 2268 632 2321 G.
659 2286 710 2319 2.

395 2366 517 2416 900.
543 2352 680 2398 Dant
699 2348 892 2397 animos
912 2344 979 2397 G.
1005 2363 1052 2396 1.
1073 2348 1218 2395 Hunc
1237 2363 1354 2393 con·

323 2442 402 2480 era
425 2430 705 2493 &themius
730 2424 800 2478 Η.

395 2526 516 2577 901.
543 2510 643 2557 Sed
675 2507 804 2557 enim
834 2523 934 2555 non
963 2505 1146 2555 vin'bus
1181 2520 1354 2569 oequus

325 2588 394 2640 H.
417 2587 504 2641 Sic
521 2584 664 2657 apud
682 2586 954 2637 Maronem
969 2621 984 2647 ,
997 2585 1122 2634 AEn.
1142 2581 1211 2646 V,
1229 2581 1354 2649 809,

323 2666 607 2738 Neptunus
631 2662 788 2729 dicit,
807 2688 830 2707 α
845 2658 1042 2714 Pelidae
1066 2659 1189 2713 forti
1212 2660 1353 2712 Con-

323 2764 559 2817 gressum
579 2748 826 2807 AEneam‚
853 2758 953 2795 nec
973 2740 1078 2801 Dis,
1101 2758 1198 2792 nec
1221 2738 1350 2791 viri-

325 2827 422 2879 bus
447 2826 614 2897 aequis
627 2850 669 2876 a.

395 2924 464 2975 9⁰
471 2923 516 2957 2.
531 2905 814 2973 Perperam
829 2898 918 2951 hic
931 2897 1352 2971 quatuorMspti,

323 2986 452 3037 item
472 2982 556 3035 ed.
577 2993 724 3033 vetus
742 2980 888 3050 Lips.
908 2975 1158 3029 exhibent
1175 2995 1349 3043 corpus

324 3078 448 3116 erac.
487 3062 708 3114 Helmst.
735 3069 942 3109 tantum
972 3074 1071 3126 pro
1103 3052 1350 3106 emenda-

323 3146 467 3197 tione
487 3140 572 3195 vel
597 3140 696 3192 alia
721 3136 946 3189 lectione
967 3154 1137 3202 oeqtms
1157 3145 1209 3185 et
1228 3132 1292 3185 G.
1319 3148 1346 3185 2

323 3242 525 3293 compar
549 3216 964 3292 suprascriptum
991 3214 1149 3265 habet
1165 3251 1181 3276 ‚
1201 3211 1352 3285 quod

323 3302 445 3357 edd.
473 3300 660 3355 Torini
690 3311 743 3352 et
768 3294 1040 3369 Spondani
1067 3306 1210 3347 recte
1236 3312 1350 3347 ser-

323 3393 531 3435 varunt.
559 3376 874 3451 Spondanus
899 3388 1074 3429 tamen
1103 3386 1351 3444 transpo-

325 3462 428 3515 suit
449 3478 604 3515 voces
625 3462 854 3511 AEacidae
880 3477 972 3509 nec
998 3470 1110 3507 erae
1133 3472 1351 3522 compar,

325 3544 542 3596 fortasse
567 3541 696 3614 quia
722 3540 778 3592 in
805 3558 1008 3606 compar
1030 3550 1140 3587 erat
1164 3552 1353 3607 pecca-

325 3636 438 3677 tum
467 3634 648 3676 contra
679 3632 908 3673 metrum
935 3636 966 3669 a
995 3614 1220 3668 librariis
1243 3632 1352 3665 cre-

323 3703 500 3757 debat.
520 3699 622 3755 Sed
646 3700 890 3754 observat
913 3693 981 3749 ad
1005 3696 1149 3747 hunc
1171 3694 1352 3745 locum

324 3782 568 3837 Barthius
587 3819 605 3844 ‚
643 3776 777 3831 Adv.
800 3797 859 3849 p.
883 3778 1018 3844 2809
1035 3815 1050 3840 ,
1081 3785 1350 3827 auctorem

323 3861 643 3934 corripuisse
662 3858 918 3931 syllabam
941 3854 994 3906 in
1016 3872 1233 3921 compar,
1255 3870 1352 3923 pro

326 3961 473 3997 more
492 3938 751 4011 sequioris
770 3934 1040 3989 latinitatis
1055 3975 1066 3993 ,
1080 3930 1352 4003 quomodo

326 4020 642 4075 Prudentius
691 4017 742 4069 in
793 4018 1029 4068 Romano
1048 4050 1063 4075 ,
1104 4038 1125 4057 ι
1150 4012 1354 4063 meatus

325 4120 465 4155 unus
509 4100 681 4170 impar
729 4094 796 4149 ad
853 4093 1038 4147 laudes
1075 4091 1170 4144 Dei
1202 4116 1240 4141 ιν.
1290 4090 1356 4141 Et

576 4192 711 4257 ΙΙΙ.

2397 1366 2473 1418 905

1445 1550 1677 1603 Avianus
1698 1549 1907 1603 duobus
1926 1550 2057 1603 locis
2078 1550 2313 1603 similiter
2338 1550 2477 1605 hanc

1443 1630 1701 1700 corripuit
1718 1670 1733 1695 ,
1752 1630 1859 1683 fab.
1884 1632 1994 1697 xl,
2020 1630 2074 1697 5,
2104 1658 2129 1677 ‹-
2151 1630 2337 1702 Diapar
2365 1643 2479 1684 erat

1445 1708 1621 1780 fragili
1642 1722 1694 1762 et
1717 1708 1895 1762 solida
1918 1708 2203 1763 concordia
2227 1722 2399 1764 motus
2422 1730 2479 1777 ις

1445 1798 1497 1841 et
1525 1788 1631 1841 sab.
1660 1788 1885 1855 XVIII,
1909 1808 2003 1843 ro:
2030 1790 2361 1843 «Tantorum
2389 1810 2477 1843 so-

1445 1870 1529 1921 lus
1551 1868 1751 1921 viribus
1774 1868 1945 1940 impar
1968 1882 2077 1922 erat
2094 1896 2137 1923 a.

1514 1956 1633 2017 904.
1670 1953 1849 1999 Rector-
1872 1968 2133 2015 aquarum,
2164 1947 2441 2020 Neptunus
2460 1988 2475 2013 ,

1443 2046 1472 2079 a
1499 2046 1609 2099 quo
1630 2039 1923 2093 servatum,
1940 2040 1993 2081 et
2014 2046 2209 2099 pugno
2234 2041 2475 2099 ereptum

1441 2124 1554 2159 esse
1567 2111 1791 2160 AEneam
1807 2146 1821 2171 ‚
1851 2126 1973 2172 cum
1998 2106 2203 2161 Achille
2226 2126 2475 2178 congres-

1442 2204 1588 2247 sum,
1619 2186 1781 2239 refert
1813 2186 1973 2239 Hom.
2013 2187 2119 2239 XX
2139 2225 2155 2251 ,
2186 2188 2287 2240 325
2328 2206 2474 2259 seqq.

1441 2276 1495 2317 et
1538 2263 1653 2336 ipse
1698 2266 1973 2336 Neptunus
2022 2266 2279 2337 gloriatur
2326 2266 2473 2337 apud

1445 2343 1600 2415 virg.
1628 2348 1749 2397 AEn.
1772 2346 1847 2407 V,
1871 2346 1973 2407 804
2002 2364 2150 2417 seqq.

1514 2422 1633 2491 905.
1666 2430 1731 2475 Ue
1745 2425 1988 2493 profugus
2020 2428 2145 2476 Ioete's
2170 2427 2365 2493 Trojam
2394 2445 2474 2476 re-

1432 2518 1644 2571 pararet
1682 2505 1732 2555 in
1777 2507 1949 2555 armis.
1993 2503 2077 2557 Sic
2116 2504 2299 2576 legunt
2339 2504 2471 2558 editi

1441 2600 1628 2634 omnes
1642 2620 1658 2647 ‚
1676 2592 1728 2634 et
1750 2581 1991 2653 plerique
2012 2582 2211 2655 scripti.
2230 2582 2331 2637 Sed
2353 2584 2475 2637 Bar·

1441 2660 1585 2713 thius
1598 2664 1709 2733 jam
1728 2660 1764 2713 l.
1783 2678 1831 2715 c.
1850 2658 2243 2714 emendandum
2266 2664 2473 2735 putavit

1441 2744 1493 2793 in
1535 2744 1691 2802 arvis,
1726 2740 1875 2810 quod
1916 2739 2071 2793 etiam
2113 2741 2339 2812 margini
2378 2740 2475 2794 ad-

1441 2820 1701 2891 scriptum
1739 2819 1795 2871 in
1833 2818 1955 2872 cod.
1992 2819 2211 2873 Helmst.
2249 2822 2471 2891 reperio.

1439 2898 1694 2953 Praeterea
1737 2898 1802 2951 cl.
1830 2895 2092 2949 Bondam.
2117 2914 2169 2967 p.
2198 2898 2329 2967 173,
2378 2918 2476 2970 pro

1440 2980 1565 3029 laetis
1589 2977 1839 3049 praeclare
1866 2978 2093 3048 conjecit
2122 2981 2299 3039 Latiis,
2326 2978 2471 3049 quod

1441 3074 1567 3109 sane
1598 3074 1813 3109 necesse
1839 3067 1916 3107 est
1942 3070 2001 3107 ut
2025 3056 2398 3121 substituatur,
2428 3059 2472 3112 si

1440 3138 1570 3186 arvis
1585 3132 1917 3205 praferendu
1926 3152 1975 3185 m
1990 3144 2067 3187 est
2080 3136 2292 3206 vulgato
2304 3142 2471 3191 amis.

1441 3214 1732 3268 Inclinasse
1752 3214 1858 3266 huc
1883 3212 2107 3285 scriptor
2128 3212 2323 3268 codicis
2348 3216 2473 3270 Hel-

1441 3290 1635 3347 mstad.
1655 3291 1887 3359 videtur,
1911 3292 2009 3362 qui
2038 3310 2197 3365 super
2225 3312 2338 3348 voc.
2363 3299 2471 3347 letis
2532 3354 2537 3366 ,

1439 3374 1647 3425 literam
1673 3392 1707 3423 a
1734 3371 1959 3444 scripsit.
1987 3372 2073 3425 Sic
2094 3385 2148 3425 et
2172 3374 2367 3445 saepius
2395 3374 2470 3427 lo-

1440 3451 1629 3525 quitur
1661 3450 1915 3522 Virgilius
1931 3492 1945 3517 ,
1988 3450 2207 3522 quando
2251 3453 2470 3527 Troiam

1437 3534 1641 3585 illatum
1683 3531 1837 3585 Latio
1887 3531 2016 3585 dicit
2050 3531 2261 3585 AEneid.
2304 3533 2361 3599 1,
2416 3537 2466 3587 6.

1438 3612 1655 3683 Trojam
1684 3610 1737 3664 in
1761 3612 1907 3664 Italia
1947 3611 2321 3665 restituendam
2339 3616 2465 3667 AEn.

1438 3693 1560 3759 111,
1590 3692 1688 3756 504
1712 3731 1726 3756 ,
1754 3692 1915 3745 Ilium
1944 3692 1999 3743 in
2028 3692 2236 3743 Italiam
2268 3693 2470 3764 portari

1439 3776 1561 3825 AEn.
1603 3772 1628 3823 1
1650 3812 1667 3838 ,
1700 3772 1785 3824 68.
1810 3772 1875 3823 Et
1902 3771 2155 3834 Ovidius,
2204 3771 2361 3843 plane
2404 3786 2466 3825 ut

1443 3854 1664 3916 Noster,
1706 3852 1849 3905 Fast.
1899 3852 2008 3915 lv,
2054 3850 2191 3903 251:
2231 3878 2256 3897 ··
2286 3852 2469 3917 Quum

1442 3933 1661 4003 Trojam
1700 3933 1891 3983 AEneas
1934 3930 2096 3983 Italos
2143 3942 2373 4000 portaret
2416 3931 2471 3982 in

1442 4030 1594 4081 agros
1615 4036 1659 4062 n.
1695 4008 1897 4061 -Vide
1922 4008 2205 4062 editionem
2237 4022 2471 4061 nostram

1443 4090 1649 4153 Ovidii,
1670 4088 1893 4153 vol.V1,
1918 4108 1967 4159 p.
1993 4088 2111 4141 251.
2143 4088 2243 4140 En.

2092 4178 2181 4247 38
