2975 4684
493 341 636 429 466
1235 345 1366 412 DE
1427 345 1907 414 AUCTORE
1946 359 1955 368 ’

493 493 566 538 ut
583 490 762 540 aetate
781 474 1230 540 in-barbariem
1253 475 1424 563 lapsa
1447 491 1513 540 et
1534 477 1792 541 Lutatio
1812 476 2081 566 propior
2106 480 2455 546 existimari
2489 506 2639 572 pos-

491 583 600 662 sit3
617 599 682 645 et
701 583 754 644 si
779 581 1066 644 radentis
1087 581 1414 646 latinitatis
1435 583 1670 647 indicia
1685 583 1903 665 habet,
1924 584 2192 649 minime
2218 604 2429 652 tamen
2462 589 2635 654 dete·

491 689 625 754 rior
648 689 837 752 Festo
856 687 1102 751 Avieno
1127 703 1256 767 est,
1287 710 1503 776 neque
1530 690 1768 755 talibus
1789 689 1960 753 vitiis
1976 691 2389 779 inquinatus,
2413 697 2628 782 qualia

491 797 557 858 in
569 793 908 858 Boethiani
931 794 1048 857 aevi
1076 794 1305 880 poetis,
1325 793 1719 860 Maximiano
1741 795 1949 878 Gallo,
1976 812 2091 859 aut
2121 799 2472 864 Cresconio
2494 803 2627 866 Co-

488 902 708 990 rippo,
743 901 1180 965 observamus.
1226 902 1450 990 Ipsum
1489 901 1725 966 Iliados
1770 903 1842 965 in
1884 925 2157 991 parvum
2186 925 2419 992 poema
2462 929 2628 970 con-

487 1005 818 1072 trahendae
837 1006 1182 1070 consilium
1205 1022 1480 1088 aetatem,
1500 1031 1694 1095 quam
1720 1009 1779 1072 ei
1806 1007 2321 1097 adsignavimus,
2348 1012 2627 1100 prodere

483 1114 762 1178 videtur.
791 1113 939 1194 Qua
973 1112 1038 1175 in
1069 1112 1432 1178 barbariem
1461 1113 1814 1179 inclinante
1834 1161 1853 1195 ,
1874 1115 2269 1180 uberrimam
2304 1117 2459 1180 olim
2488 1120 2625 1183 Ro-

485 1241 830 1284 manorum
863 1216 1296 1281 eruditionem
1323 1218 1452 1297 jam
1511 1218 1869 1308 fugientem
1917 1221 2237 1284 sustinere
2282 1237 2348 1285 et
2396 1222 2626 1288 sistere

483 1325 674 1414 pauci
708 1325 864 1406 viri,
901 1323 1254 1403 majoribus
1301 1323 1617 1388 ‹loctrinae
1665 1326 2145 1410 monumentis,
2186 1349 2330 1414 quae
2375 1329 2623 1417 ignavis

481 1431 756 1519 ingeniis
795 1428 1047 1494 dudum
1094 1428 1362 1492 molesta
1395 1445 1614 1510 erant,
1650 1430 1717 1492 in
1762 1429 2229 1519 compendium
2260 1432 2361 1496 vel
2403 1435 2619 1522 epito—

483 1559 630 1601 men
676 1534 1078 1624 redigendis,
1117 1533 1524 1598 conabantur
1552 1557 1579 1606 ε,
1598 1557 1728 1623 qua
1769 1535 2161 1625 Eutropius»,
2191 1540 2486 1604 Aurelius
2498 1541 2619 1603 vi-

483 1660 653 1724 ctor,
683 1643 912 1707 Sextus
969 1641 1180 1706 Rufus
1225 1642 1541 1706 breviaria
1591 1643 1895 1707 Historiae
1940 1645 2284 1726 Romanae,
2308 1647 2619 1736 vegetius

479 1745 824 1838 Epitomen
843 1749 960 1813 Rei
983 1747 1302 1828 militaris,
1333 1749 1579 1811 Marius
1599 1747 1973 1813 Victorinus
1990 1799 2009 1830 ,
2033 1750 2349 1837 sulpitius
2367 1752 2615 1836 Victor,

475 1857 682 1920 Julius
711 1856 1128 1936 Severianus,
1174 1855 1317 1936 alii,
1364 1871 1677 1945 praecepta
1714 1856 1869 1920 artis
1904 1856 2242 1921 rhetorice
2275 1881 2311 1922 e
2352 1859 2617 1938 majori-

479 1963 604 2026 bus
650 1961 1028 2026 Graecorum
1073 1977 1138 2024 et
1181 1961 1630 2023 Romanorum
1665 1959 1845 2023 libris
1894 1963 2269 2026 summatim
2312 1965 2617 2044 collecta;

476 2069 582 2130 alii
611 2067 894 2154 denique
921 2067 1191 2130 aliarum
1217 2087 1437 2128 rerum
1469 2065 1861 2154 compendia
1891 2066 2265 2132 scribebant
2290 2067 2404 2156 (1).
2430 2070 2617 2133 Hanc

477 2191 726 2239 aetatem
761 2199 797 2239 a
837 2172 1269 2238 Constantino
1314 2173 1406 2236 M.
1457 2171 1542 2236 ad
1573 2171 2029 2237 Theodosiana
2062 2197 2271 2262 usque
2318 2191 2615 2264 tempora

477 2278 734 2344 extendi
769 2278 1082 2362 dicimus,
1140 2301 1266 2365 qua
1305 2277 1501 2364 igitur
1546 2277 1908 2342 confectam
1954 2279 2304 2367 Epitomen
2339 2281 2613 2346 Homeri

481 2385 656 2448 haud
691 2384 1014 2447 immerito
1055 2383 1468 2448 collocamuS.
1504 2383 1604 2446 Ne
1638 2381 1721 2446 ad
1756 2383 2063 2448 inferiora
2103 2401 2430 2474 tempora,
2470 2391 2616 2475 qui-

475 2493 600 2554 bus
629 2491 1000 2562 Romanum
1024 2490 1370 2578 imperium
1411 2491 1919 2577 procumbebat,
1966 2513 2109 2556 eam
2150 2491 2612 2575 detrudamus,

482 2597 608 2660 hoc
642 2597 918 2660 maxime
949 2594 1298 2684 prohibere
1328 2593 1619 2676 videtur,
1661 2595 1845 2684 quod
1874 2612 2103 2661 auctor
2120 2619 2311 2662 versu
2338 2621 2467 2686 9⁰7
2500 2624 2613 2689 ge-

477 2704 646 2767 neris
679 2705 1004 2768 Caesarum
1044 2700 1122 2763 ab
1151 2699 1359 2764 AEnea
1393 2699 1661 2765 deducti
1690 2701 2021 2784 meminit,
2062 2702 2245 2790 quod
2290 2723 2441 2768 eum
2474 2727 2611 2768 non

474 2813 796 2874 facturum
831 2809 1026 2872 fuisse
1063 2805 1485 2887 arbitramur,
1526 2809 1581 2871 si
1608 2830 1687 2871 eo
1717 2824 2011 2896 tempore
2042 2809 2431 2898 scripsisset,
2472 2834 2612 2899 quo

475 2917 804 2978 Caesarum
839 2931 1240 2976 successores
1272 2933 1426 2973 cum
1457 2911 1601 2999 ipso
1629 2911 1903 3000 imperio
1934 2911 2427 3000 exspiraverant.

566 3019 921 3090 Gentilium
970 3016 1162 3081 sacris
1201 3013 1529 3079 addictum
1568 3017 1766 3081 fuisse
1796 3034 2129 3082 auctorem
2176 3020 2417 3085 Latinae
2465 3021 2613 3085 Ilia-

473 3126 626 3206 dos,
660 3148 738 3189 ex
789 3125 926 3204 ejus
977 3123 1264 3211 epilog0,
1306 3121 1420 3187 ubi
1472 3121 1803 3209 Calliopen
1823 3171 1841 3204 ,
1894 3122 2253 3205 Palladem,
2286 3125 2609 3190 Phoebum

470 3231 879 3318 adloquitur,
911 3251 1054 3316 quae
1074 3230 1362 3292 Deorum
1402 3227 1667 3290 nomina
1702 3227 2049 3292 Christiani
2086 3210 2295 3317 poetae
2320 3230 2608 3320 refugie-

469 3339 660 3415 bant,
694 3333 945 3422 liquido
971 3349 1265 3422 apparet,
1302 3349 1366 3395 et
1391 3331 1657 3394 Festum
1688 3334 2001 3397 Avienum
2020 3381 2038 3414 ,
2066 3334 2172 3397 cui
2197 3357 2335 3399 eam
2367 3335 2612 3400 adscri-

473 3443 724 3521 bimus,
761 3438 999 3527 pariter
1045 3436 1240 3502 fuisse
1293 3458 1655 3526 paganum,
1694 3455 2200 3502 monumentum
2244 3461 2439 3527 supra
2486 3441 2607 3504 ad-

473 3549 778 3628 ductum,
817 3542 997 3632 quod
1043 3565 1195 3606 eum
1235 3543 1384 3606 Deae
1436 3542 1679 3607 Nortiae
1724 3543 2099 3634 religiosum
2149 3545 2400 3633 prodit,
2450 3549 2606 3611 satis

473 3655 768 3720 declarat.
805 3650 926 3714 Hic
956 3671 1112 3712 vero
1136 3649 1641 3737 Cannegieterus
1676 3649 1717 3714 l.
1753 3671 1808 3713 c.
1840 3651 2133 3737 paullum
2166 3651 2384 3716 turbat
2412 3654 2609 3718 ratio-

536 3911 614 3976 (ι)
635 3907 716 3958 De
737 3901 926 3956 talibus
948 3901 1310 3974 Epitomarum
1337 3911 1389 3952 et
1413 3899 1798 3973 Excerptorum
1819 3899 2163 3973 scriptoribus
2177 3935 2193 3964 ,
2218 3916 2351 3970 quoe
2372 3911 2607 3954 extrema
2708 3907 2733 3932 θ

466 3991 762 4048 Latinitatis
786 4002 909 4044 aetas
933 3987 1152 4062 protulit
1172 4029 1186 4054 ,
1207 3989 1448 4060 pluribus
1471 3988 1581 4060 agit
1603 3989 1893 4042 Salmasius
1920 3988 1975 4040 in
2001 3987 2202 4060 pra-fat.
2228 3984 2297 4042 ad
2325 3987 2387 4040 L.
2406 3987 2605 4059 Ampe-

459 4085 588 4134 lium
604 4120 620 4146 ,
647 4081 740 4152 qui
765 4080 879 4152 ipse
903 4097 965 4132 ex
991 4077 1093 4132 hoc
1119 4096 1312 4148 genere
1338 4077 1653 4148 scriptorum
1680 4088 1772 4128 est.
