2975 4684
464 341 606 426 428

1302 345 1765 414 LICENTII

559 469 702 536 Nec
736 466 873 536 fera
902 481 1258 562 tempestas
1282 467 1694 562 Zephyrum,
1718 464 2155 560 fremitusque
2186 468 2451 552 Bos-ini,

557 577 745 666 Quin
784 591 896 646 tua
934 577 1216 646 sollicito
1251 600 1623 672 premerem
1666 576 1941 670 vestigia
1977 601 2198 671 passu.

559 689 708 754 Hoc
737 711 908 780 opus
938 702 1014 755 ut
1041 687 1278 780 jubeas
1308 701 1569 756 tantum
1587 739 1606 772 ‚
1646 711 1847 755 cruor
1882 686 2115 781 irriget
2144 703 2363 773 artus,

555 795 854 866 Solstitio
895 801 1191 886 Nem-OS,
1229 799 1470 867 bruma
1510 797 1913 867 sectabimur
1952 801 2237 885 Istrum,
2546 815 2599 854 ⁶·

555 910 834 1001 Ignotus
869 911 1192 978 Garamas
1232 894 1637 978 solvet'mihi
1666 905 1931 978 vincula
1967 909 2223 1002 gentiS,

457 1095 843 1160 cassiciacum,
876 1114 985 1168 quo
1014 1115 1070 1150 se
1097 1095 1277 1148 relicta
1300 1093 1482 1148 schola

454 1173 834 1228 Mediolanensi
889 1173 1188 1228 contulerat
1229 1175 1480 1246 Augusti-

453 1273 573 1322 nus,
589 1272 770 1308 secum
791 1255 992 1308 habens
1011 1255 1232 1326 juvenes
1250 1254 1452 1326 aliquot
1463 1296 1481 1323 ,

456 1347 508 1388 et
551 1336 691 1388 inter
727 1335 827 1388 hos
871 1335 1172 1390 Licentium
1211 1347 1262 1388 et
1278 1335 1479 1408 Tryge-

454 1416 584 1468 tium
598 1457 613 1481 ,
639 1416 956 1488 quibuscum
976 1435 1242 1470 sermones
1263 1417 1477 1468 crebros

455 1494 524 1547 de
542 1496 701 1549 rebus
716 1495 964 1568 gravibus
982 1507 1034 1550 et
1055 1495 1199 1549 seriis
1227 1493 1476 1562 instituit,

455 1593 486 1626 e
510 1575 706 1646 quibus
727 1575 838 1627 nati
859 1586 981 1630 sunt
997 1574 1132 1629 varii
1157 1575 1278 1628 libri
1294 1615 1310 1642 ,
1337 1593 1400 1628 eo
1419 1573 1476 1628 in

453 1672 660 1708 secessu
687 1655 898 1728 scripti,
932 1655 1186 1711 adversus
1199 1654 1475 1708 Academi-

452 1753 543 1787 cos
561 1773 576 1798 ‚
601 1733 794 1790 devita
811 1737 990 1802 beata,
1008 1735 1075 1789 de
1086 1734 1308 1789 Ordine.
1326 1733 1477 1787 Hanc

451 1813 628 1868 villam
650 1814 956 1868 Verecundi
987 1815 1124 1868 inter
1160 1825 1366 1868 montes
1400 1813 1474 1867 si-

451 1906 587 1962 tam,
632 1895 923 1969 colligimus
967 1915 1030 1948 ex
1065 1895 1155 1948 'his
1197 1894 1475 1967 Augustini

453 1975 660 2042 verbis,
689 1977 925 2030 Confess.
975 1977 1066 2029 lib.
1102 1975 1210 2039 IX,
1249 1993 1363 2045 cap.
1397 1975 1428 2028 3
1453 2013 1472 2040 ,

451 2053 569 2121 §5²
612 2081 636 2100 u
665 2053 872 2108 Gratias
905 2057 1037 2123 tibi,
1075 2056 1216 2108 Deus
1253 2068 1470 2108 noster:

451 2133 640 2186 reddes
656 2134 978 2190 verecundo
993 2154 1091 2207 pro
1109 2155 1231 2188 rure
1247 2135 1338 2188 illo
1362 2135 1472 2206 ejus

452 2213 778 2282 Cassiciaco,
809 2215 901 2267 ubi
929 2216 997 2268 ab
1032 2227 1162 2269 aestu
1195 2213 1370 2267 saeculi
1392 2231 1474 2266 re·

451 2293 746 2364 quievimus
769 2295 824 2346 iu
847 2307 929 2362 te,
963 2295 1314 2348 amoenitatem
1340 2311 1476 2346 sem·

448 2373 655 2443 piterne
679 2375 894 2428 virentis
923 2373 1153 2446 paradisi
1185 2375 1297 2436 tui;
1338 2393 1472 2446 quo-

449 2453 589 2504 niam
618 2451 866 2508 dimisisti
889 2455 938 2505 ei
959 2464 1171 2524 peccata
1192 2471 1351 2526 super
1371 2465 1471 2506 ter·-

449 2550 595 2598 ram,
638 2533 695 2584 in
732 2543 914 2585 monte
951 2531 1214 2586 incaseato
1239 2573 1256 2598 ,
1293 2545 1471 2586 monte

448 2623 567 2676 tu0,
607 2623 785 2664 monte
829 2612 978 2665 uberi
1000 2637 1054 2663 n.
1096 2643 1166 2652 —-
1205 2611 1469 2666 Ceterum

445 2691 536 2742 hic
573 2710 754 2744 versus
785 2709 848 2744 ex
873 2691 967 2744 illo
983 2691 1192 2763 Virgilii
1214 2730 1230 2757 ,
1260 2692 1468 2747 AEneid.

447 2769 556 2822 v11
575 2813 590 2836 ‚
620 2771 750 2835 563,
778 2771 1034 2824 formatus
1059 2770 1299 2824 videtur:
1329 2798 1351 2820 ι
1378 2773 1473 2826 Est

446 2851 594 2903 locus
620 2851 786 2905 Italiae
813 2849 989 2904 medio
1006 2892 1021 2917 ,
1065 2851 1165 2904 sub
1205 2851 1470 2905 montibus

445 2931 562 2984 altis
581 2957 620 2984 ι».
654 2932 758 2983 En.

518 3013 600 3081 57.
621 3014 950 3079 Fremitusquc
970 3011 1157 3063 Bor-ini.
1183 3009 1372 3064 Nescio
1400 3030 1470 3064 an

443 3089 764 3144 vocabulum
784 3089 887 3143 hoc
909 3091 1174 3145 sincerum
1199 3088 1284 3143 sit.
1319 3089 1469 3142 Anti·

441 3171 654 3240 quiores
683 3169 868 3223 dicunt
902 3174 1050 3223 Bor-ei
1085 3169 1170 3222 vel
1212 3173 1464 3222 Boreales.

440 3247 762 3302 Ovid.Trist.
781 3250 874 3310 IV,
896 3251 949 3316 8,
976 3258 1038 3315 41
1061 3268 1075 3303 τ
1110 3249 1262 3301 «Vita
1285 3250 1470 3320 procul

438 3327 604 3400 patria
621 3326 920 3399 peragenda
933 3329 1032 3380 sub
1045 3347 1140 3381 axe
1153 3328 1470 3382 Boreon.En.

511 3407 593 3460 58.
610 3411 714 3458 Tua
727 3426 998 3476 premerem
1019 3412 1252 3478 vestigia,
1277 3407 1332 3460 id
1359 3421 1438 3462 est
1452 3453 1468 3478 ,

437 3505 684 3559 sequerer
706 3499 758 3539 te
789 3499 838 3540 et
859 3487 1169 3540 comitarer.
1209 3488 1274 3540 In
1306 3507 1468 3561 quam

436 3565 746 3621 sententiam
774 3565 1019 3620 Horatius
1036 3567 1314 3620 Moecenati
1337 3569 1468 3620 scri-

433 3645 725 3719 bit‚Epod.
746 3648 772 3699 1
793 3689 806 3713 ,
833 3665 884 3710 1,
914 3665 1014 3700 11:
1053 3671 1076 3692 ι
1101 3657 1152 3699 et
1178 3659 1229 3699 te
1256 3665 1352 3718 per
1372 3648 1464 3699 Al-

432 3727 583 3798 pium
607 3727 766 3798 juga,
793 3723 1171 3798 Inhospitalem
1192 3737 1244 3778 et
1272 3727 1467 3780 cauca-

435 3824 551 3858 sum
569 3846 585 3871 ,
606 3806 709 3858 vel
747 3805 1047 3860 Occidentis
1085 3825 1250 3878 usque
1286 3805 1352 3859 ad
1389 3808 1467 3859 ul-

435 3885 624 3938 timum
651 3886 856 3951 sinum,
885 3888 1030 3940 Forti
1067 3905 1349 3958 sequemur
1376 3906 1464 3960 pe-

435 3975 580 4018 ctore
599 3990 648 4017 ι.
691 3966 791 4018 En.

509 4036 589 4102 59.
631 4039 782 4086 (ἔπιον
809 4040 984 4106 irriget
1015 4053 1179 4098 anus,
1205 4037 1312 4090 hoc
1339 4049 1414 4090 est
1441 4077 1455 4101 ,

437 4123 636 4166 tantum
667 4133 802 4188 opus
843 4127 918 4168 est
939 4155 952 4179 ,
991 4129 1050 4170 ut
1089 4118 1192 4170 hoc
1233 4118 1420 4194 jubeas
1439 4159 1452 4182 ,

1570 1106 1623 1148 et
1648 1105 1707 1147 ut
1734 1113 1833 1166 ego
1861 1095 2034 1147 vivam
2062 1105 2115 1148 ct
2138 1096 2355 1149 valeam.
2380 1097 2467 1151 Sic
2480 1097 2599 1148 Vir·

1565 1176 1658 1248 gil.
1679 1179 1813 1228 AEn:
1827 1175 1910 1242 11,
1942 1176 2045 1229 638
2067 1192 2083 1227 :
2107 1201 2129 1223 ι
2152 1177 2262 1229 Vos
2290 1195 2323 1230 o
2341 1215 2358 1241 ,
2398 1175 2597 1249 quibus

1564 1254 1771 1326 integer
1788 1255 1884 1308 nvi
1901 1254 2124 1327 sanguis
2141 1294 2158 1319 ,
2182 1258 2283 1320 ait,
2304 1255 2599 1330 solidaque

1565 1353 1663 1387 suo
1688 1346 1827 1388 stant
1854 1337 2047 1390 robore
2070 1336 2213 1390 vires
2228 1377 2245 1404 ,
2264 1337 2377 1392 Vos
2402 1336 2599 1410 agitate

1566 1413 1745 1484 fugam
1764 1439 1807 1466 a.
1826 1445 1897 1455 —-
1918 1413 2113 1468 Contra
2126 1453 2141 1478 ,
2165 1417 2259 1468 ubi
2280 1434 2421 1486 ager
2438 1427 2491 1468 ct
2512 1416 2596 1469 in-

1564 1491 1774 1545 validus
1812 1493 1976 1546 homo
2014 1506 2091 1546 est
2106 1534 2123 1560 ,
2161 1515 2307 1546 emor
2338 1494 2505 1565 gelasi
2544 1507 2599 1548 et

1562 1571 1765 1626 lamere
1798 1571 2025 1638 dicitur,
2062 1586 2125 1626 ut
2152 1573 2467 1628 stannci).
2496 1575 2598 1641 IV,

1563 1669 1667 1723 7²7
1692 1669 1707 1703 :
1738 1679 1761 1699 ι
1783 1653 1961 1724 gelant
1986 1672 2133 1706 venas
2167 1665 2221 1706 et
2256 1653 2408 1707 siccis
2434 1671 2599 1707 cruor

1562 1749 1699 1802 aeger
1732 1731 1965 1785 adhaeret
2000 1734 2308 1788 Visceribus
2334 1758 2375 1785 ι.
2420 1733 2598 1786 Cruor

1562 1811 1703 1862 enim
1730 1812 2015 1882 generatim
2048 1831 2151 1885 pro
2186 1813 2415 1867 humore
2443 1813 2597 1866 vitali

1561 1890 1787 1943 sumitur
1808 1917 1853 1943 a.
1871 1890 1979 1943 En.

1632 1973 1716 2022 60.
1737 1973 1949 2022 solstitio
1972 1975 2164 2022 Neurus
2182 2011 2199 2033 ,
2240 1975 2412 2022 bruma
2438 1987 2595 2023 secta-

1563 2050 1719 2100 bimur
1742 2055 1942 2102 Istrum.
1964 2051 2171 2104 Neurus
2191 2051 2452 2122 populum
2473 2051 2596 2106 Sar-

1560 2129 1729 2180 matiae
1757 2129 2014 2203 Europen
2042 2132 2183 2184 circa
2205 2132 2593 2205 Borysthenem

1560 2219 1797 2262 statuunt
1840 2209 2159 2282 Geographi.
2210 2210 2315 2265 Sed
2376 2211 2597 2266 videtur

1559 2297 1715 2358 poeta
1740 2286 1846 2340 hoc
1884 2288 2009 2344 loco
2040 2307 2149 2342 non
2180 2291 2475 2358 borealem,
2498 2291 2595 2345 ned

1561 2366 1845 2420 australem
1887 2369 2147 2440 populum
2184 2370 2466 2423 nominare
2498 2391 2593 2424 vo-

1561 2446 1715 2500 luisse
1730 2487 1745 2512 ,
1762 2463 1923 2517 quem
1943 2449 2167 2502 solstitio
2183 2490 2199 2516 ,
2216 2449 2319 2501 hoc
2338 2461 2438 2514 est,
2460 2461 2593 2503 austu

1558 2527 1823 2592 maxim0,
1858 2525 2011 2580 adire
2046 2528 2477 2581 molestissimum
2506 2531 2592 2583 sit.

1558 2607 1745 2677 Itaque
1779 2608 1986 2674 nescio,
2028 2627 2097 2660 an
2138 2608 2315 2679 potius
2352 2613 2589 2671 Mauros,

1556 2686 1839 2756 legendum
1866 2689 1950 2755 sit,
1964 2687 2049 2740 vel
2072 2693 2293 2750 Meroen,
2326 2699 2387 2740 ut
2403 2690 2595 2742 exscri-

1555 2766 1722 2837 pserit
1748 2769 1835 2819 vel
1867 2769 2173 2840 expresserit
2210 2769 2399 2822 Noster
2424 2769 2592 2822 Clau-

1556 2843 1777 2898 dianum
1793 2888 1808 2913 ,
1847 2849 1941 2920 qui
1959 2847 2027 2902 de
2053 2849 2211 2902 Cons.
2232 2849 2390 2901 Proh.
2410 2868 2467 2902 v·
2492 2847 2592 2902 135

1554 2924 1719 2996 plane
1756 2939 1817 2979 ut
1855 2929 2084 2981 Noster:
2137 2953 2159 2974 ι
2195 2927 2431 2980 Solstitio
2476 2927 2595 2980 Me-

1554 3021 1685 3056 roen
1705 3042 1721 3069 ,
1760 3006 1948 3059 bruma
1977 3007 2296 3062 tentabimus
2326 3009 2523 3060 Istrum
2546 3034 2590 3059 -.

1555 3113 1628 3124 -··
1672 3084 2001 3140 Schraderus
2040 3087 2097 3139 in
2136 3086 2591 3140 Observationum

1554 3162 1695 3216 libro
1713 3197 1729 3230 ,
1762 3183 1876 3237 cap.
1901 3166 1931 3219 3
1949 3205 1965 3230 ,
1999 3183 2054 3236 p.
2078 3167 2163 3232 31,
2192 3165 2343 3219 hunc
2361 3184 2499 3219 vers.
2518 3169 2593 3219 60

1560 3244 1743 3314 arripit
1770 3256 1820 3297 et
1846 3245 2064 3316 pariter,
2080 3257 2140 3298 ut
2150 3243 2591 3315 Wernsdorfius,

1560 3321 1841 3395 legendum
1876 3343 1989 3378 esse
2033 3331 2238 3377 Mauros
2273 3326 2551 3379 contendit
2572 3365 2589 3392 ,

1559 3414 1650 3454 aut
1698 3403 1873 3473 potius
1912 3410 2140 3466 Meroen,
2185 3423 2247 3457 ex
2288 3405 2588 3460 imitatione

1558 3481 1855 3536 Claudiani.
1872 3482 1976 3537 En.

1626 3565 1712 3615 61.
1752 3567 1999 3616 Garamas
2032 3569 2187 3618 solvet
2212 3565 2333 3616 mihi
2366 3568 2579 3618 νίησιιὶα

1549 3646 1729 3710 gentis.
1776 3643 1962 3716 Margo
2021 3643 2289 3697 Reiuharti
2342 3643 2549 3700 indicat
2567 3686 2585 3710 ,

1558 3723 1694 3776 alios
1732 3723 1931 3777 habere
1972 3728 2166 3794 gerris,
2209 3723 2357 3798 quod
2393 3743 2543 3797 aeque
2566 3767 2583 3792 ,

1555 3803 1720 3857 immo
1756 3804 1923 3857 multo
1960 3805 2125 3876 magis
2162 3805 2447 3858 obscurum
2487 3817 2581 3859 est.

1554 3883 1722 3956 Ergo,
1743 3883 1843 3937 nisi
1861 3884 1974 3938 aliis
1994 3883 2138 3937 aliud
2154 3886 2381 3956 placeat,
2407 3886 2586 3957 legen·

1552 3961 1683 4015 dum
1710 3963 2001 4016 existimem
2040 3969 2196 4018 solvet
2218 3965 2337 4017 snitu·
2370 3967 2581 4019 vincula

1538 4046 1757 4110 plancis,
1798 4043 1837 4096 i.
1861 4063 1908 4096 c.
1938 4043 2198 4096 Garamas
2231 4061 2316 4096 me
2344 4043 2579 4116 hospitio

1546 4119 1800 4194 excipiet,
1836 4133 1895 4178 ut
1924 4121 2139 4192 phrasin
2175 4121 2479 4212 adnibucrit
2511 4141 2577 4182 cx
