2975 4684
549 354 694 447 6ιᾶ
1277 358 1811 428 EXCURSUS
1876 358 1948 427 ΙΙ

552 481 1015 560 festinantibus,
1035 480 1119 544 ad
1155 491 1332 545 arma
1361 480 1613 545 cunctis
1642 500 1717 543 ac
1745 500 2035 543 seorsum
2062 477 2185 541 sibi
2220 477 2491 567 singulis
2516 500 2679 540 con-

553 581 934 647 sulentibus.
975 583 1076 647 Ita
1104 580 1382 645 Achilles
1423 600 1743 668 praeverso
1774 576 1857 643 de
1892 600 1960 643 se
1990 579 2257 660 nuntio,
2300 579 2417 643 ubi
2444 600 2679 643 omnes

550 684 620 746 in
651 682 843 747 armis
867 698 1076 765 sunt,
1129 702 1345 769 neque
1381 697 1613 745 conata
1649 679 2003 769 procedere
2037 695 2321 767 queunt,
2354 681 2679 749 {intentato

552 783 814 873 negotio
835 782 918 848 ad
940 782 1216 848 tentoria
1239 781 1602 871 regreditur
1620 812 1665 845 v».
1696 781 1889 846 Hunc
1911 802 1991 843 ex
2012 780 2241 869 Dictye
2258 782 2427 844 Cret.
2454 780 2676 844 locum

551 884 738 973 quasi
771 882 851 947 de
883 881 1213 971 superfluo
1234 881 1490 963 addidi,
1524 883 1578 946 si
1606 883 1771 947 forte
1786 884 2043 971 vulgata
2071 882 2263 946 lectio
2294 882 2679 946 Homeristae

553 986 760 1051 nostri
784 1008 901 1074 per
930 1006 1072 1049 eam
1103 983 1416 1048 rationem
1461 984 1676 1048 fulciri
1710 998 1777 1048 et
1810 982 2118 1048 declarari
2154 999 2391 1071 posset.
2442 984 2680 1070 Neque

557 1104 771 1152 tamen
794 1085 1230 1164 conjecturam
1253 1132 1272 1167 ,
1291 1107 1485 1171 quam
1520 1107 1599 1149 ex
1616 1106 1697 1148 eo
1723 1085 1867 1149 loco
1892 1081 2064 1148 duco
2080 1132 2097 1160 ‚
2130 1084 2325 1147 talem
2359 1105 2501 1147 esse
2524 1105 2679 1171 per·-

553 1186 752 1253 tendo
769 1234 788 1268 ,
821 1202 896 1251 ut
911 1200 1252 1275 propterea
1271 1185 1614 1249 lectionem
1631 1232 1650 1266 ,
1679 1208 1871 1273 quam
1894 1200 2042 1249 ante
2071 1184 2477 1251 emendatam
2504 1183 2680 1263 dedi,

553 1286 973 1355 deserendam
1001 1302 1248 1374 putem.

378 1532 384 1539 ‘
461 1544 466 1547 ·
515 1532 522 1539 '
553 1516 2690 1569 wdnqummwmmmwmmmmwmmm

721 1722 830 1942 J
951 1786 1989 1911 EXCURSUS
2100 1768 2244 1904 Π

754 2054 878 2123 AD
939 2002 1166 2120 EmT.
1217 2050 1494 2125 ILIAD.
1546 2050 1950 2133 noMEm,
2001 2072 2092 2115 vs.
2146 2044 2483 2143 867-870.

847 2421 964 2473 Illic
993 2419 1298 2491 Ignipotens
1323 2418 1513 2471 mnndi
1537 2418 1808 2473 coluerat
1832 2437 1981 2473 axem
1996 2460 2013 2487 ,

842 2501 1130 2573 Sideraque
1157 2513 1208 2553 et
1239 2499 1484 2572 [liquidas
1510 2500 1779 2557 redimitas
1805 2501 2045 2575 undique
2064 2501 2357 2575 Nympha...

851 2586 1067 2639 Fecerat
1091 2596 1146 2637 et
1163 2584 1296 2639 mira
1318 2583 1548 2655 liquidas
1575 2584 1825 2640 Nereidas
1848 2598 1993 2653 ane,

849 2669 1128 2725 Oceanum
1146 2668 1184 2740 ,]
1218 2681 1418 2735 terras,
1435 2681 1488 2721 et
1514 2682 1727 2723 euntem
1747 2671 1913 2723 Nerea
1942 2670 2157 2724 circum.

653 2833 1189 2895 Dascmrnonssn
1213 2826 1479 2891 Achillei
1509 2828 1749 2916 clypei,
1790 2850 1986 2916 quam
2012 2828 2115 2891 his
2140 2827 2435 2892 versibus
2462 2826 2695 2916 incipit

570 2933 779 2997 latinae
823 2928 1038 2996 Iliadis
1084 2944 1310 2995 auctor
1327 2977 1346 3009 ,
1392 2930 1691 3017 praeclare
1736 2946 1962 2995 monet
2017 2930 2382 2994 consultiss.
2432 2928 2693 2993 Bouda-

571 3034 740 3097 mius
761 3034 952 3117 ,Var.
979 3034 1152 3097 Lect.
1181 3030 1281 3113 11,
1309 3034 1386 3114 4,
1405 3053 1469 3120 p.
1499 3028 1644 3115 145,
1662 3054 2020 3120 expressam
2040 3030 2213 3096 exiis
2244 3053 2417 3108 esse,
2436 3052 2580 3119 quae
2608 3032 2694 3096 dc

573 3134 735 3199 Solis
765 3136 940 3224 regia
973 3133 1134 3198 dixit
1150 3131 1449 3214 Ovidius,
1482 3132 1670 3196 initio
1702 3132 1853 3196 libri
1880 3132 1944 3195 II
1971 3132 2231 3197 Metam.
2256 3133 2489 3220 Neque
2510 3132 2695 3197 hunc

574 3233 772 3299 modo
819 3235 1038 3299 locum
1055 3281 1074 3315 ,
1124 3232 1240 3298 sed
1283 3249 1349 3297 et
1391 3233 1550 3297 alios
1596 3232 1809 3297 Ovidii
1830 3280 1851 3315 ‚
1892 3232 2129 3321 quibus
2174 3233 2381 3322 clypei
2424 3233 2694 3299 Achillis

575 3336 821 3398 mentio
853 3332 956 3415 fit,
1001 3351 1077 3398 ut
1119 3334 1381 3400 Metam.
1416 3334 1613 3418 XIII,
1657 3357 1779 3399 110
1812 3351 1877 3399 et
1919 3356 2031 3422 191
2086 3356 2265 3423 seqq.
2301 3336 2523 3399 animo
2573 3358 2694 3400 au-

574 3436 768 3501 ctoris
797 3436 1002 3499 nostri
1035 3435 1406 3500 obversatos
1433 3456 1571 3499 esse
1597 3434 1813 3499 cred0.
1844 3437 2007 3519 Quae
2038 3435 2401 3499 observatio
2428 3457 2564 3498 non
2589 3460 2699 3524 pa-

577 3562 721 3603 rum
760 3537 1008 3619 juvabit
1041 3559 1162 3601 nos
1178 3585 1196 3618 ,
1231 3536 1312 3600 ad
1358 3553 1641 3625 quatuor
1680 3560 1903 3603 versus
1934 3538 2299 3627 propositos
2330 3537 2695 3601 accuratius

576 3639 1066 3720 examinandos,
1123 3662 1290 3725 quos
1337 3638 1671 3722 Bai-thius,
1714 3639 1978 3704 Advers.
2025 3640 2205 3720 LIX,
2252 3636 2327 3703 15
2350 3687 2367 3719 ‚
2404 3662 2466 3725 p.
2522 3638 2695 3702 2808

574 3759 732 3806 extr.
781 3740 966 3806 valde
1019 3740 1402 3823 mendosos,
1447 3742 1517 3803 in
1566 3741 1775 3830 iisque
1806 3752 2083 3821 ταυτολογα
2134 3741 2355 3805 omnia
2400 3755 2487 3804 et·
2520 3741 2693 3804 fatua

573 3842 894 3932 agnoscit,
933 3858 1128 3929 atque
1154 3841 1307 3906 hinc
1333 3842 1436 3904 vel
1467 3840 1714 3906 medios
1748 3842 1912 3906 duos
1936 3842 2279 3931 Sideraque
2282 3892 2389 3908 .....
2422 3859 2487 3906 et
2517 3844 2701 3909 Fece-

577 3957 709 4025 rat,
733 3944 831 4008 vel
863 3943 1390 4033 saltem'alterum
1410 3942 1669 4008 demere
1704 3945 1873 4027 vult,
1914 3960 1976 4007 et
2011 3945 2103 4007 sic
2134 3944 2382 4032 legere:

853 4100 1132 4174 Sideraque
1156 4116 1210 4163 et
1229 4105 1362 4164 mim
1392 4104 1618 4181 liquidas
1642 4106 1892 4165 Nereidas
1928 4118 2057 4159 arte.
