2975 4684
761 362 1031 430 TEST.
1083 361 1372 430 AUCT.
1429 363 1563 430 AC
1622 304 2053 433 JUDICIA.
2384 365 2470 436 61

339 506 444 556 tus
451 515 479 570 ;
503 512 648 579 quae
677 490 920 555 scilicet
944 491 1150 580 pietas
1178 491 1248 554 in
1285 491 1472 556 hoste
1501 491 1839 579 probatur,
1867 477 1944 556 ut
1972 493 2186 582 inquit
2213 494 2485 561 Ovidius

341 596 438 658 111
470 593 552 659 de
585 595 931 662 Tristibus.

340 787 451 853 IV.
485 789 778 853 Etmmm
805 812 1060 854 vnnstm
1097 789 1308 854 AEtnffi
1347 789 1743 855 Vmcnn'rms
1789 792 2301 858 Bannovmnnsis
2334 795 2488 859 Sm-

433 917 576 960 cm..
635 917 878 972 uolut..
932 919 1060 962 mn.
1119 897 1285 979 XX,
1332 919 1470 962 cn».
1532 919 1651 978 20,
1695 919 1812 960 sun
1864 896 2183 963 anonu
2236 921 2487 965 noim-uz

435 1023 742 1066 Ammon.

437 1179 640 1264 Quod
663 1181 862 1270 igitur
887 1181 1233 1246 Petronius
1261 1203 1382 1270 pro
1409 1197 1675 1246 auctore
1697 1179 1912 1246 AEtnae
1943 1202 1978 1244 a
2012 1182 2346 1246 nonnullis
2376 1182 2492 1248 ho-

345 1287 633 1352 minibus
665 1287 782 1352 aevi
815 1287 1012 1352 medii
1044 1289 1419 1369 haberetur,
1449 1287 1586 1368 ejus
1620 1287 1945 1376 opinionis
1972 1311 2263 1352 caussam
2289 1289 2490 1354 fuisse

345 1393 629 1458 arbitror
681 1393 936 1458 codices
987 1395 1291 1482 antiquos
1347 1393 1672 1476 Petronii,
1734 1393 1848 1481 qui
1894 1391 2157 1457 AEtnam
2217 1417 2449 1482 poema
2470 1443 2489 1478 ,

347 1516 678 1589 tamquam
723 1499 1012 1579 ejusdem
1058 1501 1173 1564 aevi
1193 1549 1210 1582 ,
1237 1501 1279 1564 i.
1314 1523 1370 1565 e.
1404 1499 1762 1563 Neroniani
1807 1500 2115 1588 scriptum
2134 1547 2151 1581 ,
2182 1500 2491 1564 Petronio

347 1604 730 1685 adjunctum
771 1605 1120 1671 habebant.
1165 1605 1356 1670 Unde
1400 1627 1601 1693 porro
1648 1605 1807 1693 capi.
1833 1605 2100 1693 aliquod
2140 1629 2491 1696 argumen-

349 1727 492 1774 tum
516 1759 534 1794 ,
561 1711 664 1775 vel
703 1711 1060 1800 probabilis
1092 1713 1465 1794 conjectura
1482 1759 1501 1793 ,
1528 1735 1649 1800 pro
1693 1711 1940 1803 Lucilio
1985 1712 2251 1776 Iuniore
2278 1713 2495 1778 AEtnae

269 1870 282 1879 .
349 1833 614 1882 auctore
645 1833 880 1906 potest.

350 2016 431 2080 V.
499 2016 820 2080 Dour-rum
887 2017 1298 2080 Qtnnmnus
1367 2037 1434 2080 m
1514 2037 1832 2080 rnmcnuo
1900 2037 2356 2083 communiat
2419 2043 2491 2085 m

1274 2117 1558 2186 AEriun.

417 2309 586 2378 'Hoc
597 2313 1020 2402 virgilianum
1047 2333 1186 2376 esse
1218 2335 1386 2400 opus
1420 2313 1717 2400 plerique
1751 2337 1829 2378 ex
1854 2313 2231 2379 auctoribus
2256 2332 2496 2381 testan-

353 2436 484 2500 tur,
517 2434 584 2482 et
625 2420 866 2483 Seneca
907 2418 976 2482 in
1023 2419 1227 2506 Epist.
1277 2417 1473 2502 aden,
1508 2436 1583 2483 ut
1624 2419 1953 2484 Nasonem
1999 2441 2134 2482 non
2182 2421 2269 2485 ob
2306 2423 2494 2486 aliam

352 2548 645 2590 (nussam
700 2547 867 2614 opus
921 2523 1004 2588 de
1047 2525 1248 2590 AEtna
1303 2523 1621 2590 dimisisse
1674 2523 1991 2606 affirmet,
2051 2526 2173 2590 nisi
2230 2544 2497 2617 propter

355 2632 736 2722 Virgilium,
769 2653 966 2721 quem
997 2631 1130 2712 jam
1169 2631 1496 2720 scripsisse
1543 2649 1948 2720 compertum
1994 2631 2291 2698 habebat.
2330 2636 2496 2700 Cor-

357 2737 572 2802 nelius
586 2739 858 2802 Severus
885 2737 1080 2803 etiam
1105 2737 1194 2802 ob
1217 2735 1509 2800 eamdem
1540 2737 1793 2801 causam
1826 2737 2171 2802 deterritus
2197 2738 2496 2806 traditur.

355 2845 626 2908 Summa
661 2860 876 2908 tamen
914 2843 1128 2932 operis
1163 2859 1294 2926 est,
1345 2858 1420 2907 ut
1449 2865 1709 2907 causam
1742 2841 1978 2907 AEtnaei
2010 2844 2294 2909 incendii
2328 2847 2495 2911 refe·

354 2967 456 3014 rat
477 2998 495 3031 ,
535 2971 671 3013 non
724 2949 980 3038 qualem
1013 2948 1401 3040 vulgatiores
1451 2963 1658 3037 poetae
1710 2965 2040 3026 asserunt,
2094 2949 2209 3014 sed
2263 2973 2409 3038 quae
2462 2975 2497 3015 a

355 3054 632 3120 summis
667 3054 1074 3143 philosophis
1111 3071 1306 3142 atque
1342 3055 1551 3143 poetis
1584 3055 1869 3143 exposita
1904 3053 2008 3120 sit.

358 3263 470 3328 VI.
503 3265 744 3329 Bamus
776 3266 1120 3329 Ascnusms
1140 3312 1158 3346 ,
1185 3287 1252 3329 m
1286 3284 1563 3328 scnouo
1597 3285 1683 3328 An
1727 3283 1981 3328 vnnstm
2030 3283 2151 3350 29:
2184 3265 2499 3356 Princtpio

1053 3353 1074 3380 x
1177 3392 1256 3433 ne
1283 3392 1510 3459 quem,
1537 3385 1660 3434 etc.

450 3569 594 3632 Hoc
632 3589 844 3631 unum
871 3567 1146 3632 verbum
1178 3566 1339 3640 mihi
1371 3565 1567 3631 fidem
1602 3567 1861 3650 fecerit,
1892 3567 2321 3657 Virgilianum
2364 3594 2499 3636 non

357 3697 500 3738 esse
536 3672 666 3736 hoc
703 3695 962 3737 carmen
990 3696 1006 3737 :
1052 3673 1294 3761 quippe
1341 3673 1455 3760 qui
1493 3671 1567 3735 in
1603 3673 1838 3762 Georg.
1868 3673 1931 3737 ΙΙ
1964 3672 2119 3737 dicit
2142 3722 2161 3756 ,
2207 3675 2316 3738 Me
2347 3700 2503 3742 vero

345 3781 630 3868 primum
651 3779 862 3842 dulces
888 3792 1037 3842 ante
1062 3781 1278 3842 omnia
1299 3779 1378 3842 M
1379 3801 1539 3858 ιιι-(ε,
1563 3777 1853 3866 Quarum
1875 3777 2221 3866 sacrafero
2235 3827 2257 3859 ,
2286 3797 2407 3846 etc.
2436 3799 2503 3848 et

355 3887 478 3974 qui
519 3884 602 3948 ad
641 3887 859 3950 Musas
884 3886 951 3948 in
977 3885 1130 3950 AEn.
1154 3886 1280 3949 Vll
1308 3884 1501 3968 dicit,
1534 3887 1617 3950 Ει
1652 3887 2011 3948 meministis
2050 3887 2249 3966 em‘m,
2280 3889 2497 3972 Divoe,

355 4003 422 4056 et
447 4013 794 4055 memorare
813 3994 1073 4080 potestis
1087 4015 1114 4070 ‚·
1143 4013 1278 4054 non
1321 3990 1430 4055 hic
1467 4007 1599 4055 tam
1623 4011 1841 4056 severe
1868 3990 1939 4053 in
1967 4005 2188 4078 poetas
2214 3979 2505 4060 animad-

357 4097 648 4162 verterit.
682 4097 1004 4186 Loquitur
1035 4113 1248 4162 tamen
1267 4145 1286 4180 ,
1323 4097 1619 4186 quisquis
1651 4102 1760 4186 est:
1783 4112 2049 4178 auctor,
2092 4096 2175 4162 de
2206 4097 2501 4166 futilibus
