2975 4684
463 369 638 474 ¹440
1329 367 1778 439 LICENTII

591 493 851 557 Interea
889 491 1157 567 venien-t
1189 515 1623 584 quaecumque
1657 489 1879 559 futura
1922 490 2286 580 bonorum,

593 601 854 692 Scripta
896 599 1217 670 salutiferi
1254 602 1573 670 sermonis
1594 654 1615 684 ,
1654 615 1719 669 et
1757 599 1867 672 illa
1903 602 2203 694 priorum

593 708 1086 803 AEquiparanda
1119 709 1318 796 favis,
1355 723 1669 804 reputans
1705 735 1850 804 quae
1886 725 2151 805 pectore
2180 712 2249 780 in
2288 712 2423 781 alto

593 822 1012 913 Conceptum
1056 821 1125 888 in
1168 820 1381 889 lucem
1412 821 1725 889 vomuisti
1765 834 2143 890 nectareum
2180 821 2344 908 mel,

591 934 988 1000 Praesentem
1027 932 1170 1026 ipsa
1210 931 1371 999 mihi
1413 945 1478 1000 te
1520 930 1831 1018 reddent,
1874 933 1928 1001 si
1968 933 2132 1001 mihi
2168 957 2421 1002 morem

587 1041 916 1122 Gesseris,
951 1055 1017 1108 et
1059 1039 1292 1127 libros,
1334 1041 1576 1135 quibus
1610 1041 1937 1112 intellecta
1975 1035 2303 1113 recumbit
2546 1061 2625 1098 ¹⁵0

593 1149 884 1235 Musica,
921 1148 1311 1238 tradideris3
1345 1175 1499 1220 nam
1534 1150 1756 1221 ferveo
1792 1166 1973 1222 totus
2006 1154 2077 1222 in
2112 1151 2277 1224 illos,

575 1336 688 1396 146.
727 1337 914 1402 Scripta
955 1335 1194 1404 salutiferi
1231 1338 1468 1388 sennonis
1489 1375 1506 1396 ,

499 1412 728 1484 epistole
746 1452 762 1478 ‚
781 1430 887 1484 qua
917 1411 1138 1466 salutem
1177 1414 1405 1468 invicem
1441 1413 1517 1466 di·

497 1503 624 1544 cunt
645 1491 823 1545 amici.
837 1493 1146 1560 Saluuferum
1163 1493 1372 1544 libellum
1389 1491 1517 1547 dicit

498 1568 791 1634 Faustinus,
809 1570 972 1642 Epist.
991 1572 1018 1622 1
1037 1569 1105 1624 ad
1123 1573 1319 1625 Auson.
1344 1598 1366 1620 ι
1383 1573 1517 1625 Ante

496 1646 763 1702 salutifero
798 1650 920 1704 felix
937 1669 1096 1724 quam
1131 1650 1312 1705 charta
1343 1651 1519 1705 libello

500 1727 648 1780 Dona
677 1740 870 1801 negata
899 1727 992 1782 diu
1007 1769 1022 1795 ,
1059 1729 1400 1800 multiplicata
1428 1729 1518 1783 da-

496 1819 578 1860 ret
601 1831 645 1861 n.
667 1809 934 1863 Ausonius
950 1834 974 1855 α
989 1808 1286 1863 salutiferas
1300 1827 1487 1866 voces·

497 1887 703 1940 Mosen.
727 1887 848 1957 295.

572 1975 688 2036 147.
711 1971 924 2020 Priorum
956 1973 1337 2038 AEqm'paranda
1351 1971 1514 2038 savis.

498 2046 812 2100 Reinhartus
826 2048 951 2119 legit
957 2052 1153 2117 piorum
1167 2087 1184 2111 ,
1209 2048 1442 2103 Pithoeus
1465 2060 1519 2103 et

497 2123 762 2179 Benedict.
799 2129 1014 2194 priorum
1029 2165 1045 2189 ,
1088 2126 1234 2199 quod
1276 2128 1470 2181 rectius
1501 2147 1515 2182 ε

493 2209 682 2273 priores
727 2219 851 2260 sunt
893 2208 1096 2280 antiqui
1129 2209 1410 2279 scriptores
1423 2249 1439 2276 ‚
1468 2218 1522 2262 et

495 2286 765 2339 Licentins
779 2287 923 2350 vult,
942 2287 1293 2359 Augustinum
1312 2306 1376 2341 ea
1394 2289 1522 2342 scri-

494 2365 684 2438 psisse,
701 2382 818 2436 quae
834 2365 1086 2418 Veterum
1121 2365 1386 2437 sapientia
1415 2368 1523 2420 elo-

495 2444 828 2516 quentinque
861 2445 968 2497 sint
991 2444 1386 2516 equiparanda.
1403 2446 1521 2499 Hoc

493 2541 648 2576 sensu
665 2523 806 2576 enim
811 2525 988 2594 favos,
1001 2527 1115 2583 mel,
1135 2537 1308 2576 neom
1323 2526 1520 2590 centies

497 2601 642 2674 apud
659 2603 876 2654 Veteres
894 2601 1030 2668 dici,
1057 2603 1257 2655 nemini
1275 2604 1513 2675 ignotum

494 2692 602 2747 est,
628 2692 682 2733 et
701 2679 940 2753 pluribus
971 2681 1100 2734 locis
1127 2683 1402 2752 probavit,
1439 2683 1516 2754 ip-

494 2777 612 2812 sum
649 2760 794 2812 hunc
828 2759 1052 2814 Licentii
1088 2778 1297 2815 versum
1341 2762 1516 2835 profe-

496 2857 618 2892 rens
631 2879 646 2905 ,
668 2838 945 2907 Bas-thius,
965 2838 1187 2892 Advers.
1206 2839 1409 2904 XXIV,
1426 2858 1513 2912 17,

489 2931 542 2974 et
555 2921 685 2973 LIII
697 2959 714 2986 ,
740 2919 787 2973 5.
803 2919 913 2992 Ipsi
929 2918 1156 2974 vidimus
1173 2920 1245 2974 ad
1261 2919 1513 2994 Calpurn.

493 2999 595 3063 IV,
625 2999 745 3065 151,
770 3011 823 3053 et
839 2999 994 3054 Saleii
1020 2999 1166 3054 Bassi
1183 3019 1232 3054 v.
1247 3001 1337 3070 78.

571 3078 690 3142 148.
711 3081 947 3134 Vomm'sa'
962 3094 1240 3132 nectareum
1263 3085 1375 3134 mel.
1392 3079 1513 3134 Sor-

494 3154 680 3208 didum
703 3168 754 3208 et
775 3156 1083 3222 indecorum
1114 3159 1335 3214 verbum
1371 3159 1425 3211 in
1452 3177 1512 3213 re

495 3235 720 3290 maxime
775 3235 969 3291 decora
1019 3236 1251 3294 adhibet.
1304 3239 1510 3304 Quam-

492 3330 652 3383 quam
673 3315 811 3366 enim
833 3314 972 3368 idem
992 3315 1060 3368 de
1080 3317 1267 3388 apibus
1293 3327 1512 3390 usurpat

490 3391 816 3446 Trimalchio
852 3393 996 3465 apud
1018 3395 1230 3450 Petron.
1267 3415 1385 3468 cap.
1405 3397 1505 3461 56,

494 3471 734 3540 quando,
764 3499 790 3519 α
805 3491 955 3544 apes,
975 3473 1146 3546 inquit
1162 3516 1179 3541 ,
1201 3475 1408 3529 divinas
1421 3477 1510 3528 be-

491 3549 614 3604 stias
635 3564 765 3621 puto
783 3591 798 3615 ,
833 3571 950 3624 que
987 3554 1090 3620 mel
1128 3567 1415 3617 vomunt-3
1447 3553 1505 3608 id

489 3639 664 3683 tamen
707 3630 920 3704 proprie
959 3632 1162 3686 dictum
1203 3633 1504 3687 excusatio-

489 3730 615 3766 nem
631 3711 824 3777 habet,
855 3723 906 3765 et
925 3711 1116 3784 siquid
1141 3712 1369 3767 deterius
1395 3724 1503 3776 est,

485 3792 554 3845 sd
587 3790 769 3845 sordes
804 3791 1059 3846 sermonis
1092 3793 1321 3864 plebeii,
1343 3811 1503 3864 quem

1602 1335 1831 1390 vidimus
1850 1377 1865 1402 ,
1884 1350 1936 1392 et
1948 1356 2148 1390 vomere
2164 1334 2296 1392 adeo
2314 1334 2381 1388 de
2396 1354 2457 1388 re
2474 1351 2623 1388 sacra

1602 1413 1816 1468 adhibet
1851 1414 2198 1482 Prudentius,
2236 1415 2431 1486 Apoth.
2470 1411 2575 1481 595
2602 1429 2621 1463 ε

1604 1519 1627 1542 ι
1644 1495 1773 1550 Date
1786 1535 1803 1561 ,
1840 1493 2057 1566 pandite
2094 1495 2287 1548 librum
2302 1531 2323 1558 ‚
2364 1492 2627 1547 Evomuit

1605 1575 1833 1646 spirante
1850 1575 1961 1626 Deo
1975 1593 2137 1646 quem
2156 1585 2365 1628 sanctus
2380 1572 2568 1625 Esaias
2578 1597 2623 1622 -.

1606 1653 1893 1706 -Veteres
1907 1653 2131 1706 verbum
2150 1671 2365 1705 evomere
2384 1669 2497 1706 non
2520 1651 2627 1704 nisi

1606 1730 1673 1784 de
1702 1731 1939 1785 oratione
1975 1731 2227 1785 indecora
2264 1745 2315 1784 et
2352 1729 2625 1784 inhonesti

1605 1811 1900 1882 argumenti
1914 1809 2297 1872 adhibuerunt,
2324 1822 2387 1864 ut
2402 1809 2625 1874 Plinius,

1602 1889 1734 1944 Hist.
1752 1891 1871 1943 Nat.
1886 1891 2038 1953 XIV,
2074 1910 2171 1954 aa,
2208 1888 2277 1942 de
2297 1889 2434 1942 libro
2456 1887 2627 1941 Emi

1604 1970 1843 2033 Antonii,
1860 1989 2018 2043 quem
2038 1970 2137 2023 iste
2162 1969 2230 2022 de
2252 1969 2507 2023 ebrietate
2526 1987 2625 2023 sua

1604 2047 1909 2122 scripserat.
1947 2047 2211 2120 «Exiguo,
2252 2048 2459 2120 inquit,
2494 2061 2625 2100 tem·

1604 2146 1735 2199 pore
1755 2139 1877 2182 ante
1902 2125 2141 2199 pralium
2156 2128 2433 2181 Actiacum
2464 2126 2521 2180 id
2536 2145 2629 2179 vo-

1607 2209 1787 2262 lumen
1810 2207 2045 2260 evomuit
2062 2233 2105 2259 n.
2126 2207 2229 2260 En.

1682 2305 1705 2340 1
1717 2287 1798 2340 50.
1814 2289 1993 2354 Quibus
2008 2289 2255 2339 intellecta
2271 2287 2505 2338 recumbit
2516 2289 2625 2336 Πει-

1606 2369 1739 2427 siea,
1768 2364 1823 2418 h.
1853 2384 1902 2418 e.
1929 2365 2121 2436 quibus
2142 2363 2358 2418 Musica
2379 2363 2623 2418 doctrina

1606 2445 1926 2507 continetur,
1972 2445 2041 2496 ita
2076 2444 2171 2498 aba
2206 2455 2259 2497 te
2300 2443 2494 2496 tradita
2510 2482 2529 2506 ,
2560 2453 2621 2495 ut

1606 2535 1665 2577 tu
1708 2535 1849 2578 recte
1896 2524 2207 2578 intellexisse
2250 2535 2303 2576 et
2342 2521 2623 2578 tradidisse

1606 2602 2006 2659 videaris.—Sic
2052 2604 2110 2656 in
2154 2603 2365 2675 Apuleii
2402 2602 2621 2656 Metam.

1603 2683 1689 2737 ιιι).
1705 2685 1732 2736 1
1745 2683 1896 2738 initio
1908 2725 1926 2747 ,
1950 2686 2387 2754 zionkfiticiorfm
2404 2687 2621 2736 conam

1600 2761 2622 2836 Oudendorpiusinterpretsturmpositae

1600 2863 1665 2896 ac
1686 2857 1905 2918 ser-qm.
1928 2844 2180 2896 En.—1ta
2198 2861 2325 2896 vero
2346 2842 2619 2912 corrigen-

1602 2920 1726 2975 dam
1765 2921 2009 2975 duximus
2039 2922 2285 2976 vitiosam
2322 2931 2375 2976 et
2416 2921 2619 2974 nullius

1598 3019 1783 3055 sensus
1800 3002 2097 3067 lectionem,
2110 3019 2271 3072 quam
2290 3017 2473 3053 omnes
2490 2997 2617 3053 edd.

1598 3079 1801 3134 hahent
1816 3120 1832 3146 ,
1855 3083 2023 3148 quibus
2046 3084 2099 3132 ὺι
2128 3093 2177 3132 te
2203 3085 2337 3132 lenta
2363 3081 2615 3131 recumbit.

1596 3159 1701 3212 Eos
1745 3159 1909 3212 libros
1948 3159 2017 3212 ab
2061 3158 2355 3230 Augustino
2398 3155 2615 3230 petendi

1598 3257 1833 3292 caussam
1852 3238 2073 3291 fortasse
2087 3238 2273 3290 habuit
2292 3254 2405 3290 eam
2416 3275 2433 3302 ‚
2452 3253 2615 3308 quam

1598 3317 1653 3370 in
1712 3317 1976 3390 principio
2030 3317 2278 3370 carminis
2328 3313 2611 3382 indicavit,

1598 3395 1745 3469 quod
1770 3435 1787 3460 ,
1830 3403 1948 3468 qun
1988 3398 2163 3450 Varro
2212 3396 2281 3450 de
2336 3395 2613 3449 harmonia

1596 3475 1877 3530 colestium
1896 3495 2182 3554 corporum
2194 3476 2419 3543 dixerat,
2434 3477 2615 3536 miuus

1593 3555 1885 3627 intelligens
1901 3593 1918 3620 ,
1960 3557 2076 3628 ejus
2115 3555 2191 3609 rei
2233 3554 2613 3630 perspiciendo

1592 3635 1887 3688 subsidium
1932 3635 1987 3687 in
2030 3633 2178 3689 libris
2216 3636 2493 3708 Augustini
2538 3635 2613 3689 de

1590 3713 1793 3768 Musica
1822 3733 1878 3767 se
1906 3726 2237 3786 mpenurum
2254 3714 2606 3769 existimabat.

1590 3791 1693 3846 Sed
1744 3811 1927 3846 eorum
1980 3792 2237 3848 librorum
2292 3794 2395 3847 alia
2452 3793 2607 3847 ratio.

481 3871 694 3934 affectat
717 3871 833 3936 ille,
867 3869 1217 3925 referendum.
1237 3871 1341 3926 Sed
1362 3873 1493 3926 infe-
1586 3871 1806 3926 Exstant
1826 3871 1987 3926 hodie
2002 3874 2281 3945 Augustini
2304 3874 2374 3928 de
2398 3873 2608 3928 Musica

479 3952 589 4002 rior
605 3949 832 4004 latinitas
860 3951 1126 4005 nonnullis
1145 3951 1201 4004 id
1222 3971 1387 4024 genus
1405 3971 1495 4006 vo·
1582 3950 1702 4004 libri
1724 3951 2087 4024 V1,quorum
2112 3952 2167 4005 in
2196 3951 2433 4024 quinque
2458 3952 2609 4024 prio-

477 4028 678 4081 cabulis
699 4048 908 4084 sensum
938 4029 1260 4103 putidiorem
1281 4049 1378 4084 usu
1399 4031 1492 4085 de·
1579 4030 1731 4084 ribus
1748 4030 1887 4084 circa
1908 4049 2157 4085 numeros
2178 4031 2251 4085 ad
2272 4049 2451 4086 moras
2472 4043 2607 4085 tem·

483 4105 651 4159 traxit.
675 4108 910 4162 Verbum
931 4131 988 4160 m
971 4125 1098 4162 accat
1071 4131 1124 4162 re
1151 4129 1303 4181 supra
1325 4129 1395 4163 vs.
1423 4113 1490 4166 28
1578 4129 1769 4181 porum
1792 4111 2107 4182 pertinentes
2126 4149 2145 4176 ‚
2166 4129 2301 4182 quos
2320 4109 2605 4184 rhythmos
