<?xml version="1.0" encoding="UTF-8"?>
<!DOCTYPE html PUBLIC "-//W3C//DTD XHTML 1.0 Transitional//EN"
    "http://www.w3.org/TR/xhtml1/DTD/xhtml1-transitional.dtd">
<html xmlns="http://www.w3.org/1999/xhtml" xml:lang="en" lang="en">
 <head>
  <title>
</title>
<meta http-equiv="Content-Type" content="text/html;charset=utf-8" />
  <meta name='ocr-system' content='tesseract 3.04.00' />
  <meta name='ocr-capabilities' content='ocr_page ocr_carea ocr_par ocr_line ocrx_word'/>
</head>
<body>
  <div class='ocr_page' id='page_1' title='image "./poetaelatinimin00unkngoog_0497.png"; bbox 0 0 2975 4684; ppageno 0'>
   <div class='ocr_carea' id='block_1_1' title="bbox 491 382 2109 477">
    <p class='ocr_par' dir='ltr' id='par_1_1' title="bbox 491 382 2109 477">
     <span class='ocr_line' id='line_1_1' title="bbox 491 382 2109 477; baseline 0.002 -22"><span class='ocrx_word' id='word_1_1' title='bbox 491 382 636 469; x_wconf 72' lang='grc'>488</span> <span class='ocrx_word' id='word_1_2' title='bbox 1029 390 1649 461; x_wconf 80' lang='lat' dir='ltr'><strong>HOMERISTAE</strong></span> <span class='ocrx_word' id='word_1_3' title='bbox 1710 390 2109 477; x_wconf 85' lang='lat' dir='ltr'><strong>LATINI,</strong></span> 
     </span>
    </p>
   </div>
   <div class='ocr_carea' id='block_1_2' title="bbox 497 516 2653 2093">
    <p class='ocr_par' dir='ltr' id='par_1_2' title="bbox 497 516 2653 2093">
     <span class='ocr_line' id='line_1_2' title="bbox 583 516 2627 607; baseline 0.001 -26"><span class='ocrx_word' id='word_1_4' title='bbox 583 516 698 581; x_wconf 82' lang='lat' dir='ltr'>xl.</span> <span class='ocrx_word' id='word_1_5' title='bbox 757 516 814 579; x_wconf 86' lang='lat' dir='ltr'>E</span> <span class='ocrx_word' id='word_1_6' title='bbox 863 518 1195 605; x_wconf 76' lang='lat' dir='ltr'>superiore</span> <span class='ocrx_word' id='word_1_7' title='bbox 1242 519 1456 584; x_wconf 84' lang='lat' dir='ltr'>Ovidii</span> <span class='ocrx_word' id='word_1_8' title='bbox 1508 519 1785 586; x_wconf 87' lang='lat' dir='ltr'>disticho</span> <span class='ocrx_word' id='word_1_9' title='bbox 1816 520 2091 585; x_wconf 88' lang='lat' dir='ltr'>ductum</span> <span class='ocrx_word' id='word_1_10' title='bbox 2134 517 2336 584; x_wconf 82' lang='lat' dir='ltr'>videri</span> <span class='ocrx_word' id='word_1_11' title='bbox 2376 532 2627 607; x_wconf 86' lang='lat' dir='ltr'>potest,</span> 
     </span>
     <span class='ocr_line' id='line_1_3' title="bbox 497 620 2630 712; baseline 0 -25"><span class='ocrx_word' id='word_1_12' title='bbox 497 620 684 711; x_wconf 87' lang='lat' dir='ltr'>quod</span> <span class='ocrx_word' id='word_1_13' title='bbox 697 620 1170 712; x_wconf 83' lang='lat' dir='ltr'>Glandorpius</span> <span class='ocrx_word' id='word_1_14' title='bbox 1155 648 1222 689; x_wconf 86' lang='lat' dir='ltr'>m</span> <span class='ocrx_word' id='word_1_15' title='bbox 1240 626 1579 691; x_wconf 82' lang='lat' dir='ltr'>Onomast.</span> <span class='ocrx_word' id='word_1_16' title='bbox 1602 650 1681 691; x_wconf 83' lang='lat' dir='ltr'>ex</span> <span class='ocrx_word' id='word_1_17' title='bbox 1699 628 1980 708; x_wconf 82' lang='lat' dir='ltr'>Acrone,</span> <span class='ocrx_word' id='word_1_18' title='bbox 2000 624 2339 708; x_wconf 83' lang='lat' dir='ltr'>scholiaste</span> <span class='ocrx_word' id='word_1_19' title='bbox 2360 625 2630 705; x_wconf 81' lang='lat' dir='ltr'><strong>Horatii,</strong></span> 
     </span>
     <span class='ocr_line' id='line_1_4' title="bbox 499 728 2627 821; baseline 0 -28"><span class='ocrx_word' id='word_1_20' title='bbox 499 728 729 809; x_wconf 80' lang='lat' dir='ltr'><strong>refert,</strong></span> <span class='ocrx_word' id='word_1_21' title='bbox 763 730 1112 795; x_wconf 77' lang='lat' dir='ltr'>Antonium</span> <span class='ocrx_word' id='word_1_22' title='bbox 1155 728 1392 821; x_wconf 63' lang='lat' dir='ltr'>lesum</span> <span class='ocrx_word' id='word_1_23' title='bbox 1437 733 1699 797; x_wconf 81' lang='lat' dir='ltr'>vertisse</span> <span class='ocrx_word' id='word_1_24' title='bbox 1734 734 2091 798; x_wconf 82' lang='lat' dir='ltr'>Homerum</span> <span class='ocrx_word' id='word_1_25' title='bbox 2144 748 2209 796; x_wconf 91' lang='lat' dir='ltr'>et</span> <span class='ocrx_word' id='word_1_26' title='bbox 2254 728 2627 797; x_wconf 79' lang='lat' dir='ltr'><strong>Pindarum.</strong></span> 
     </span>
     <span class='ocr_line' id='line_1_5' title="bbox 499 832 2634 903; baseline 0 -5"><span class='ocrx_word' id='word_1_27' title='bbox 499 833 625 899; x_wconf 80' lang='lat' dir='ltr'>vix</span> <span class='ocrx_word' id='word_1_28' title='bbox 668 850 884 899; x_wconf 88' lang='lat' dir='ltr'>autem</span> <span class='ocrx_word' id='word_1_29' title='bbox 930 836 1128 901; x_wconf 89' lang='lat' dir='ltr'>alium</span> <span class='ocrx_word' id='word_1_30' title='bbox 1172 838 1533 903; x_wconf 82' lang='lat' dir='ltr'>Antonium</span> <span class='ocrx_word' id='word_1_31' title='bbox 1576 840 1816 902; x_wconf 84' lang='lat' dir='ltr'>Rufum</span> <span class='ocrx_word' id='word_1_32' title='bbox 1852 860 1887 902; x_wconf 90' lang='lat' dir='ltr'>a</span> <span class='ocrx_word' id='word_1_33' title='bbox 1912 836 2253 903; x_wconf 72' lang='lat' dir='ltr'><strong>Veteribus</strong></span> <span class='ocrx_word' id='word_1_34' title='bbox 2292 832 2634 901; x_wconf 89' lang='lat' dir='ltr'>memorari</span> 
     </span>
     <span class='ocr_line' id='line_1_6' title="bbox 501 938 2631 1030; baseline -0.002 -24"><span class='ocrx_word' id='word_1_35' title='bbox 501 938 727 1022; x_wconf 91' lang='lat' dir='ltr'>cred0,</span> <span class='ocrx_word' id='word_1_36' title='bbox 767 964 961 1030; x_wconf 81' lang='lat' dir='ltr'>quam</span> <span class='ocrx_word' id='word_1_37' title='bbox 987 944 1530 1025; x_wconf 88' lang='lat' dir='ltr'>Grammaticum,</span> <span class='ocrx_word' id='word_1_38' title='bbox 1564 945 1833 1009; x_wconf 85' lang='lat' dir='ltr'>citatum</span> <span class='ocrx_word' id='word_1_39' title='bbox 1876 967 1915 1007; x_wconf 86' lang='lat' dir='ltr'>a</span> <span class='ocrx_word' id='word_1_40' title='bbox 1948 944 2385 1026; x_wconf 87' lang='lat' dir='ltr'>Quintiliano,</span> <span class='ocrx_word' id='word_1_41' title='bbox 2422 941 2631 1006; x_wconf 85' lang='lat' dir='ltr'>lnstit.</span> 
     </span>
     <span class='ocr_line' id='line_1_7' title="bbox 500 1045 2631 1145; baseline -0.001 -34"><span class='ocrx_word' id='word_1_42' title='bbox 500 1046 615 1111; x_wconf 90' lang='lat' dir='ltr'>lib.</span> <span class='ocrx_word' id='word_1_43' title='bbox 631 1048 720 1145; x_wconf 70' lang='lat'>,¹²</span> <span class='ocrx_word' id='word_1_44' title='bbox 767 1068 906 1137; x_wconf 88' lang='lat' dir='ltr'>cap.</span> <span class='ocrx_word' id='word_1_45' title='bbox 941 1048 1014 1129; x_wconf 86' lang='lat'>5,</span> <span class='ocrx_word' id='word_1_46' title='bbox 1063 1048 1148 1127; x_wconf 74' lang='grc'>43</span> <span class='ocrx_word' id='word_1_47' title='bbox 1171 1096 1189 1129; x_wconf 91' lang='grc'><strong>,</strong></span> <span class='ocrx_word' id='word_1_48' title='bbox 1225 1064 1292 1113; x_wconf 92' lang='lat' dir='ltr'>et</span> <span class='ocrx_word' id='word_1_49' title='bbox 1320 1047 1509 1113; x_wconf 89' lang='lat' dir='ltr'>Velio</span> <span class='ocrx_word' id='word_1_50' title='bbox 1546 1052 1771 1141; x_wconf 85' lang='lat' dir='ltr'>Longo</span> <span class='ocrx_word' id='word_1_51' title='bbox 1816 1048 1899 1113; x_wconf 91' lang='lat' dir='ltr'>de</span> <span class='ocrx_word' id='word_1_52' title='bbox 1932 1049 2243 1137; x_wconf 82' lang='lat' dir='ltr'>Orthogr.</span> <span class='ocrx_word' id='word_1_53' title='bbox 2278 1070 2424 1137; x_wconf 88' lang='lat' dir='ltr'>pag.</span> <span class='ocrx_word' id='word_1_54' title='bbox 2466 1045 2631 1133; x_wconf 81' lang='lat'><strong>2237</strong></span> 
     </span>
     <span class='ocr_line' id='line_1_8' title="bbox 502 1154 2635 1245; baseline -0.001 -26"><span class='ocrx_word' id='word_1_55' title='bbox 502 1154 770 1219; x_wconf 86' lang='lat' dir='ltr'>Putsch.</span> <span class='ocrx_word' id='word_1_56' title='bbox 815 1155 946 1237; x_wconf 90' lang='lat' dir='ltr'>Qui</span> <span class='ocrx_word' id='word_1_57' title='bbox 997 1156 1268 1221; x_wconf 82' lang='lat' dir='ltr'>fortasse</span> <span class='ocrx_word' id='word_1_58' title='bbox 1302 1154 1472 1225; x_wconf 85' lang='lat' dir='ltr'>idem</span> <span class='ocrx_word' id='word_1_59' title='bbox 1510 1172 1643 1239; x_wconf 84' lang='lat' dir='ltr'>est,</span> <span class='ocrx_word' id='word_1_60' title='bbox 1690 1180 1885 1245; x_wconf 85' lang='lat' dir='ltr'>quem</span> <span class='ocrx_word' id='word_1_61' title='bbox 1930 1158 2423 1221; x_wconf 79' lang='lat' dir='ltr'>commentator</span> <span class='ocrx_word' id='word_1_62' title='bbox 2468 1156 2635 1219; x_wconf 90' lang='lat' dir='ltr'>Cru-</span> 
     </span>
     <span class='ocr_line' id='line_1_9' title="bbox 508 1258 2643 1351; baseline -0.001 -25"><span class='ocrx_word' id='word_1_63' title='bbox 508 1263 788 1351; x_wconf 84' lang='lat' dir='ltr'>quianus</span> <span class='ocrx_word' id='word_1_64' title='bbox 823 1261 1072 1327; x_wconf 84' lang='lat' dir='ltr'>Horatii</span> <span class='ocrx_word' id='word_1_65' title='bbox 1099 1262 1180 1327; x_wconf 90' lang='lat' dir='ltr'>ad</span> <span class='ocrx_word' id='word_1_66' title='bbox 1205 1268 1343 1328; x_wconf 83' lang='lat' dir='ltr'>Art.</span> <span class='ocrx_word' id='word_1_67' title='bbox 1380 1264 1563 1329; x_wconf 90' lang='lat' dir='ltr'>Poet.</span> <span class='ocrx_word' id='word_1_68' title='bbox 1590 1288 1651 1329; x_wconf 68' lang='lat' dir='ltr'>r.</span> <span class='ocrx_word' id='word_1_69' title='bbox 1682 1262 1809 1328; x_wconf 84' lang='lat'>288</span> <span class='ocrx_word' id='word_1_70' title='bbox 1840 1264 2010 1326; x_wconf 88' lang='lat' dir='ltr'>inter</span> <span class='ocrx_word' id='word_1_71' title='bbox 2036 1284 2150 1326; x_wconf 90' lang='lat' dir='ltr'>eos</span> <span class='ocrx_word' id='word_1_72' title='bbox 2180 1262 2495 1343; x_wconf 86' lang='lat' dir='ltr'>nominat,</span> <span class='ocrx_word' id='word_1_73' title='bbox 2526 1258 2643 1347; x_wconf 86' lang='lat' dir='ltr'>qui</span> 
     </span>
     <span class='ocr_line' id='line_1_10' title="bbox 507 1368 2642 1460; baseline -0.001 -27"><span class='ocrx_word' id='word_1_74' title='bbox 507 1384 908 1459; x_wconf 72' lang='lat' dir='ltr'>praetextatas</span> <span class='ocrx_word' id='word_1_75' title='bbox 965 1386 1031 1434; x_wconf 87' lang='lat' dir='ltr'>et</span> <span class='ocrx_word' id='word_1_76' title='bbox 1077 1386 1322 1459; x_wconf 86' lang='lat' dir='ltr'>togatas</span> <span class='ocrx_word' id='word_1_77' title='bbox 1365 1372 1758 1460; x_wconf 77' lang='lat' dir='ltr'>scripserint.</span> <span class='ocrx_word' id='word_1_78' title='bbox 1828 1368 2019 1434; x_wconf 86' lang='lat' dir='ltr'>Unde</span> <span class='ocrx_word' id='word_1_79' title='bbox 2068 1369 2333 1457; x_wconf 90' lang='lat' dir='ltr'>quidem</span> <span class='ocrx_word' id='word_1_80' title='bbox 2388 1382 2642 1457; x_wconf 87' lang='lat' dir='ltr'>poetam</span> 
     </span>
     <span class='ocr_line' id='line_1_11' title="bbox 509 1474 2645 1565; baseline -0.001 -26"><span class='ocrx_word' id='word_1_81' title='bbox 509 1476 962 1563; x_wconf 78' lang='lat' dir='ltr'>cognoscimus</span> <span class='ocrx_word' id='word_1_82' title='bbox 981 1525 1000 1558; x_wconf 95' lang='lat'>,</span> <span class='ocrx_word' id='word_1_83' title='bbox 1033 1476 1146 1563; x_wconf 88' lang='lat' dir='ltr'>qui</span> <span class='ocrx_word' id='word_1_84' title='bbox 1186 1493 1252 1541; x_wconf 90' lang='lat' dir='ltr'>et</span> <span class='ocrx_word' id='word_1_85' title='bbox 1286 1477 1503 1565; x_wconf 86' lang='lat' dir='ltr'>aliqua</span> <span class='ocrx_word' id='word_1_86' title='bbox 1538 1474 1618 1541; x_wconf 91' lang='lat' dir='ltr'>de</span> <span class='ocrx_word' id='word_1_87' title='bbox 1660 1476 1949 1541; x_wconf 81' lang='lat' dir='ltr'>Homero</span> <span class='ocrx_word' id='word_1_88' title='bbox 1994 1491 2059 1540; x_wconf 89' lang='lat' dir='ltr'>et</span> <span class='ocrx_word' id='word_1_89' title='bbox 2086 1474 2368 1538; x_wconf 83' lang='lat' dir='ltr'>Pindaro</span> <span class='ocrx_word' id='word_1_90' title='bbox 2396 1488 2645 1537; x_wconf 81' lang='lat' dir='ltr'>vertere</span> 
     </span>
     <span class='ocr_line' id='line_1_12' title="bbox 511 1576 2649 1668; baseline -0.002 -25"><span class='ocrx_word' id='word_1_91' title='bbox 511 1579 816 1668; x_wconf 86' lang='lat' dir='ltr'>potuerit.</span> <span class='ocrx_word' id='word_1_92' title='bbox 862 1578 988 1644; x_wconf 88' lang='lat' dir='ltr'>Sed</span> <span class='ocrx_word' id='word_1_93' title='bbox 1020 1596 1234 1644; x_wconf 85' lang='lat' dir='ltr'>tamen</span> <span class='ocrx_word' id='word_1_94' title='bbox 1271 1584 1484 1647; x_wconf 80' lang='lat' dir='ltr'>Acron</span> <span class='ocrx_word' id='word_1_95' title='bbox 1506 1630 1525 1666; x_wconf 87' lang='lat'>,</span> <span class='ocrx_word' id='word_1_96' title='bbox 1570 1597 1758 1645; x_wconf 79' lang='lat' dir='ltr'>vetus</span> <span class='ocrx_word' id='word_1_97' title='bbox 1796 1580 2165 1646; x_wconf 81' lang='lat' dir='ltr'>scholiastes</span> <span class='ocrx_word' id='word_1_98' title='bbox 2200 1579 2485 1661; x_wconf 87' lang='lat' dir='ltr'>Horatii,</span> <span class='ocrx_word' id='word_1_99' title='bbox 2534 1576 2649 1641; x_wconf 89' lang='lat' dir='ltr'>ubi</span> 
     </span>
     <span class='ocr_line' id='line_1_13' title="bbox 511 1668 2648 1775; baseline -0 -28"><span class='ocrx_word' id='word_1_100' title='bbox 511 1682 686 1749; x_wconf 86' lang='lat' dir='ltr'>idem</span> <span class='ocrx_word' id='word_1_101' title='bbox 720 1684 985 1769; x_wconf 84' lang='lat' dir='ltr'>dixerit,</span> <span class='ocrx_word' id='word_1_102' title='bbox 1011 1708 1132 1775; x_wconf 87' lang='lat' dir='ltr'>ego</span> <span class='ocrx_word' id='word_1_103' title='bbox 1157 1685 1422 1775; x_wconf 85' lang='lat' dir='ltr'>quidem</span> <span class='ocrx_word' id='word_1_104' title='bbox 1448 1686 1747 1750; x_wconf 87' lang='lat' dir='ltr'>nondum</span> <span class='ocrx_word' id='word_1_105' title='bbox 1770 1687 2009 1751; x_wconf 81' lang='lat' dir='ltr'>inveni.</span> <span class='ocrx_word' id='word_1_106' title='bbox 2036 1685 2227 1750; x_wconf 89' lang='lat' dir='ltr'>Unde</span> <span class='ocrx_word' id='word_1_107' title='bbox 2262 1700 2472 1749; x_wconf 88' lang='lat' dir='ltr'>totum</span> <span class='ocrx_word' id='word_1_108' title='bbox 2501 1668 2648 1765; x_wconf 86' lang='lat' dir='ltr'>hoc,</span> 
     </span>
     <span class='ocr_line' id='line_1_14' title="bbox 516 1788 2652 1881; baseline -0.001 -26"><span class='ocrx_word' id='word_1_109' title='bbox 516 1788 696 1879; x_wconf 85' lang='lat' dir='ltr'>quod</span> <span class='ocrx_word' id='word_1_110' title='bbox 741 1788 822 1855; x_wconf 91' lang='lat' dir='ltr'>de</span> <span class='ocrx_word' id='word_1_111' title='bbox 857 1792 1139 1857; x_wconf 80' lang='lat' dir='ltr'>Antonio</span> <span class='ocrx_word' id='word_1_112' title='bbox 1185 1793 1358 1857; x_wconf 83' lang='lat' dir='ltr'>Rufo</span> <span class='ocrx_word' id='word_1_113' title='bbox 1392 1794 1589 1857; x_wconf 84' lang='lat' dir='ltr'>refert</span> <span class='ocrx_word' id='word_1_114' title='bbox 1634 1790 2101 1881; x_wconf 88' lang='lat' dir='ltr'>Glandorpius,</span> <span class='ocrx_word' id='word_1_115' title='bbox 2158 1790 2340 1856; x_wconf 84' lang='lat' dir='ltr'>valde</span> <span class='ocrx_word' id='word_1_116' title='bbox 2375 1789 2652 1854; x_wconf 91' lang='lat' dir='ltr'>dubium</span> 
     </span>
     <span class='ocr_line' id='line_1_15' title="bbox 517 1895 2653 1986; baseline 0 -25"><span class='ocrx_word' id='word_1_117' title='bbox 517 1910 585 1961; x_wconf 89' lang='lat' dir='ltr'>et</span> <span class='ocrx_word' id='word_1_118' title='bbox 629 1896 1014 1986; x_wconf 86' lang='lat' dir='ltr'>impeditum</span> <span class='ocrx_word' id='word_1_119' title='bbox 1047 1921 1188 1963; x_wconf 88' lang='lat' dir='ltr'>esse</span> <span class='ocrx_word' id='word_1_120' title='bbox 1221 1899 1541 1963; x_wconf 84' lang='lat' dir='ltr'>existimo.</span> <span class='ocrx_word' id='word_1_121' title='bbox 1563 1938 1649 1949; x_wconf 89' lang='lat'>--</span> <span class='ocrx_word' id='word_1_122' title='bbox 1674 1898 1874 1981; x_wconf 86' lang='lat' dir='ltr'>Vide,</span> <span class='ocrx_word' id='word_1_123' title='bbox 1915 1920 2060 1986; x_wconf 81' lang='lat' dir='ltr'>quae</span> <span class='ocrx_word' id='word_1_124' title='bbox 2090 1898 2370 1963; x_wconf 82' lang='lat' dir='ltr'>diximus</span> <span class='ocrx_word' id='word_1_125' title='bbox 2403 1895 2653 1962; x_wconf 80' lang='lat' dir='ltr'>dissert.</span> 
     </span>
     <span class='ocr_line' id='line_1_16' title="bbox 519 1999 2653 2093; baseline -0 -26"><span class='ocrx_word' id='word_1_126' title='bbox 519 1999 602 2067; x_wconf 90' lang='lat' dir='ltr'>de</span> <span class='ocrx_word' id='word_1_127' title='bbox 633 2002 812 2067; x_wconf 89' lang='lat' dir='ltr'>Poet.</span> <span class='ocrx_word' id='word_1_128' title='bbox 839 2004 972 2068; x_wconf 88' lang='lat' dir='ltr'>Lat.</span> <span class='ocrx_word' id='word_1_129' title='bbox 1002 2004 1244 2093; x_wconf 79' lang='lat' dir='ltr'>Lyricis</span> <span class='ocrx_word' id='word_1_130' title='bbox 1262 2054 1281 2087; x_wconf 95' lang='lat'>,</span> <span class='ocrx_word' id='word_1_131' title='bbox 1310 2028 1455 2093; x_wconf 67' lang='lat' dir='ltr'>quie</span> <span class='ocrx_word' id='word_1_132' title='bbox 1480 2004 1675 2086; x_wconf 87' lang='lat' dir='ltr'>hujus</span> <span class='ocrx_word' id='word_1_133' title='bbox 1709 2002 1863 2070; x_wconf 88' lang='lat' dir='ltr'>edit.</span> <span class='ocrx_word' id='word_1_134' title='bbox 1888 2020 1935 2068; x_wconf 92' lang='lat' dir='ltr'>t.</span> <span class='ocrx_word' id='word_1_135' title='bbox 1970 2005 2034 2069; x_wconf 88' lang='lat'>11</span> <span class='ocrx_word' id='word_1_136' title='bbox 2056 2004 2489 2093; x_wconf 78' lang='lat' dir='ltr'>proemittitur.</span> <span class='ocrx_word' id='word_1_137' title='bbox 2534 2002 2653 2067; x_wconf 81' lang='lat' dir='ltr'>En.</span> 
     </span>
    </p>
   </div>
   <div class='ocr_carea' id='block_1_3' title="bbox 524 2174 2681 3436">
    <p class='ocr_par' dir='ltr' id='par_1_3' title="bbox 524 2174 2681 3436">
     <span class='ocr_line' id='line_1_17' title="bbox 611 2174 2658 2269; baseline -0.001 -28"><span class='ocrx_word' id='word_1_138' title='bbox 611 2178 762 2242; x_wconf 82' lang='lat' dir='ltr'>XII.</span> <span class='ocrx_word' id='word_1_139' title='bbox 797 2178 1116 2269; x_wconf 86' lang='lat' dir='ltr'>Georgius</span> <span class='ocrx_word' id='word_1_140' title='bbox 1147 2179 1478 2245; x_wconf 81' lang='lat' dir='ltr'>Fabricius</span> <span class='ocrx_word' id='word_1_141' title='bbox 1512 2178 1595 2245; x_wconf 90' lang='lat' dir='ltr'>ad</span> <span class='ocrx_word' id='word_1_142' title='bbox 1621 2178 1812 2245; x_wconf 82' lang='lat' dir='ltr'>Ovid.</span> <span class='ocrx_word' id='word_1_143' title='bbox 1834 2179 2027 2244; x_wconf 88' lang='lat' dir='ltr'>Pont.</span> <span class='ocrx_word' id='word_1_144' title='bbox 2059 2178 2265 2266; x_wconf 87' lang='lat' dir='ltr'>Epist.</span> <span class='ocrx_word' id='word_1_145' title='bbox 2298 2178 2397 2259; x_wconf 86' lang='lat'>11,</span> <span class='ocrx_word' id='word_1_146' title='bbox 2431 2198 2533 2257; x_wconf 81' lang='lat' dir='ltr'>to,</span> <span class='ocrx_word' id='word_1_147' title='bbox 2560 2174 2658 2258; x_wconf 84' lang='lat'>13,</span> 
     </span>
     <span class='ocr_line' id='line_1_18' title="bbox 524 2283 2662 2374; baseline -0.001 -27"><span class='ocrx_word' id='word_1_148' title='bbox 524 2298 742 2363; x_wconf 87' lang='lat' dir='ltr'>notat,</span> <span class='ocrx_word' id='word_1_149' title='bbox 775 2306 878 2347; x_wconf 92' lang='lat' dir='ltr'>res</span> <span class='ocrx_word' id='word_1_150' title='bbox 903 2284 1215 2363; x_wconf 76' lang='lat' dir='ltr'>Troianas</span> <span class='ocrx_word' id='word_1_151' title='bbox 1254 2286 1444 2349; x_wconf 88' lang='lat' dir='ltr'>etiam</span> <span class='ocrx_word' id='word_1_152' title='bbox 1479 2285 1809 2374; x_wconf 85' lang='lat' dir='ltr'>scripsisse</span> <span class='ocrx_word' id='word_1_153' title='bbox 1838 2286 1909 2349; x_wconf 88' lang='lat' dir='ltr'><em>V</em></span> <span class='ocrx_word' id='word_1_154' title='bbox 1898 2288 2139 2365; x_wconf 76' lang='lat' dir='ltr'>arium,</span> <span class='ocrx_word' id='word_1_155' title='bbox 2166 2300 2329 2349; x_wconf 90' lang='lat' dir='ltr'>teste</span> <span class='ocrx_word' id='word_1_156' title='bbox 2358 2283 2626 2347; x_wconf 85' lang='lat' dir='ltr'>Horatio</span> <span class='ocrx_word' id='word_1_157' title='bbox 2643 2328 2662 2361; x_wconf 94' lang='lat'>,</span> 
     </span>
     <span class='ocr_line' id='line_1_19' title="bbox 527 2387 2665 2481; baseline -0 -30"><span class='ocrx_word' id='word_1_158' title='bbox 527 2404 593 2451; x_wconf 91' lang='lat' dir='ltr'>et</span> <span class='ocrx_word' id='word_1_159' title='bbox 618 2388 946 2476; x_wconf 78' lang='lat' dir='ltr'>Valgium,</span> <span class='ocrx_word' id='word_1_160' title='bbox 973 2406 1136 2455; x_wconf 89' lang='lat' dir='ltr'>teste</span> <span class='ocrx_word' id='word_1_161' title='bbox 1150 2390 1436 2457; x_wconf 78' lang='lat' dir='ltr'>Tibullo,</span> <span class='ocrx_word' id='word_1_162' title='bbox 1457 2390 1585 2457; x_wconf 89' lang='lat' dir='ltr'>Sed</span> <span class='ocrx_word' id='word_1_163' title='bbox 1604 2391 1725 2456; x_wconf 89' lang='lat' dir='ltr'>hos</span> <span class='ocrx_word' id='word_1_164' title='bbox 1747 2391 2011 2481; x_wconf 84' lang='lat' dir='ltr'>quidem</span> <span class='ocrx_word' id='word_1_165' title='bbox 2027 2439 2046 2472; x_wconf 93' lang='lat'>,</span> <span class='ocrx_word' id='word_1_166' title='bbox 2064 2389 2357 2479; x_wconf 82' lang='lat' dir='ltr'>quamvis</span> <span class='ocrx_word' id='word_1_167' title='bbox 2383 2387 2665 2453; x_wconf 86' lang='lat' dir='ltr'>celebres</span> 
     </span>
     <span class='ocr_line' id='line_1_20' title="bbox 528 2494 2666 2586; baseline -0 -29"><span class='ocrx_word' id='word_1_168' title='bbox 528 2511 752 2584; x_wconf 87' lang='lat' dir='ltr'>poetas</span> <span class='ocrx_word' id='word_1_169' title='bbox 771 2543 787 2576; x_wconf 94' lang='lat'>,</span> <span class='ocrx_word' id='word_1_170' title='bbox 817 2496 1238 2561; x_wconf 88' lang='lat' dir='ltr'>Homericum</span> <span class='ocrx_word' id='word_1_171' title='bbox 1279 2520 1514 2586; x_wconf 88' lang='lat' dir='ltr'>poema</span> <span class='ocrx_word' id='word_1_172' title='bbox 1548 2499 1967 2586; x_wconf 83' lang='lat' dir='ltr'>expressisse,</span> <span class='ocrx_word' id='word_1_173' title='bbox 2012 2514 2125 2561; x_wconf 89' lang='lat' dir='ltr'>aut</span> <span class='ocrx_word' id='word_1_174' title='bbox 2156 2496 2398 2561; x_wconf 89' lang='lat' dir='ltr'>bellum</span> <span class='ocrx_word' id='word_1_175' title='bbox 2435 2494 2666 2573; x_wconf 84' lang='lat' dir='ltr'>Troja-</span> 
     </span>
     <span class='ocr_line' id='line_1_21' title="bbox 533 2597 2670 2688; baseline -0.001 -27"><span class='ocrx_word' id='word_1_176' title='bbox 533 2620 695 2662; x_wconf 88' lang='lat' dir='ltr'>num</span> <span class='ocrx_word' id='word_1_177' title='bbox 725 2600 1010 2688; x_wconf 76' lang='lat' dir='ltr'>attigisse</span> <span class='ocrx_word' id='word_1_178' title='bbox 1030 2648 1048 2681; x_wconf 94' lang='lat'>,</span> <span class='ocrx_word' id='word_1_179' title='bbox 1077 2622 1152 2663; x_wconf 84' lang='lat' dir='ltr'>ex</span> <span class='ocrx_word' id='word_1_180' title='bbox 1181 2602 1432 2667; x_wconf 86' lang='lat' dir='ltr'>Horatii</span> <span class='ocrx_word' id='word_1_181' title='bbox 1455 2618 1520 2665; x_wconf 93' lang='lat' dir='ltr'>et</span> <span class='ocrx_word' id='word_1_182' title='bbox 1540 2601 1779 2667; x_wconf 87' lang='lat' dir='ltr'>Tibulli</span> <span class='ocrx_word' id='word_1_183' title='bbox 1814 2601 2195 2667; x_wconf 83' lang='lat' dir='ltr'>testimoniis</span> <span class='ocrx_word' id='word_1_184' title='bbox 2224 2598 2392 2665; x_wconf 84' lang='lat' dir='ltr'>effici</span> <span class='ocrx_word' id='word_1_185' title='bbox 2424 2597 2670 2685; x_wconf 89' lang='lat' dir='ltr'>nequit.</span> 
     </span>
     <span class='ocr_line' id='line_1_22' title="bbox 531 2703 2673 2789; baseline -0.002 -20"><span class='ocrx_word' id='word_1_186' title='bbox 531 2704 698 2769; x_wconf 88' lang='lat' dir='ltr'>Nam</span> <span class='ocrx_word' id='word_1_187' title='bbox 745 2706 796 2768; x_wconf 90' lang='lat' dir='ltr'>si</span> <span class='ocrx_word' id='word_1_188' title='bbox 845 2705 1152 2770; x_wconf 87' lang='lat' dir='ltr'>Horatius</span> <span class='ocrx_word' id='word_1_189' title='bbox 1172 2755 1191 2788; x_wconf 91' lang='lat'>,</span> <span class='ocrx_word' id='word_1_190' title='bbox 1241 2710 1449 2771; x_wconf 89' lang='lat' dir='ltr'>Carm.</span> <span class='ocrx_word' id='word_1_191' title='bbox 1480 2710 1545 2789; x_wconf 91' lang='lat'>1,</span> <span class='ocrx_word' id='word_1_192' title='bbox 1588 2707 1664 2789; x_wconf 90' lang='lat'>6,</span> <span class='ocrx_word' id='word_1_193' title='bbox 1712 2730 1748 2770; x_wconf 85' lang='lat'>2</span> <span class='ocrx_word' id='word_1_194' title='bbox 1774 2758 1791 2785; x_wconf 91' lang='lat'>,</span> <span class='ocrx_word' id='word_1_195' title='bbox 1814 2708 2023 2771; x_wconf 74' lang='lat' dir='ltr'>‘Vario</span> <span class='ocrx_word' id='word_1_196' title='bbox 2063 2706 2327 2770; x_wconf 81' lang='lat' dir='ltr'>Moeonii</span> <span class='ocrx_word' id='word_1_197' title='bbox 2375 2703 2673 2767; x_wconf 76' lang='lat' dir='ltr'>carminis</span> 
     </span>
     <span class='ocr_line' id='line_1_23' title="bbox 531 2808 2675 2895; baseline -0.001 -22"><span class='ocrx_word' id='word_1_198' title='bbox 531 2810 782 2891; x_wconf 73' lang='lat' dir='ltr'>alitem,</span> <span class='ocrx_word' id='word_1_199' title='bbox 834 2812 876 2875; x_wconf 91' lang='lat' dir='ltr'>i.</span> <span class='ocrx_word' id='word_1_200' title='bbox 912 2834 968 2876; x_wconf 90' lang='lat' dir='ltr'>e.</span> <span class='ocrx_word' id='word_1_201' title='bbox 1013 2812 1474 2879; x_wconf 87' lang='lat' dir='ltr'>sublimitatem</span> <span class='ocrx_word' id='word_1_202' title='bbox 1511 2814 1777 2895; x_wconf 88' lang='lat' dir='ltr'>tribuit,</span> <span class='ocrx_word' id='word_1_203' title='bbox 1830 2811 2063 2877; x_wconf 80' lang='lat' dir='ltr'>exinde</span> <span class='ocrx_word' id='word_1_204' title='bbox 2104 2810 2405 2877; x_wconf 87' lang='lat' dir='ltr'>nondum</span> <span class='ocrx_word' id='word_1_205' title='bbox 2443 2808 2675 2874; x_wconf 82' lang='lat' dir='ltr'>confici</span> 
     </span>
     <span class='ocr_line' id='line_1_24' title="bbox 535 2918 2674 3006; baseline -0.002 -25"><span class='ocrx_word' id='word_1_206' title='bbox 535 2931 753 3006; x_wconf 87' lang='lat' dir='ltr'>potest</span> <span class='ocrx_word' id='word_1_207' title='bbox 767 2964 784 2997; x_wconf 94' lang='lat'>,</span> <span class='ocrx_word' id='word_1_208' title='bbox 805 2918 1228 2982; x_wconf 87' lang='lat' dir='ltr'>Homericum</span> <span class='ocrx_word' id='word_1_209' title='bbox 1264 2941 1523 2985; x_wconf 84' lang='lat' dir='ltr'>carmen</span> <span class='ocrx_word' id='word_1_210' title='bbox 1556 2918 1639 2981; x_wconf 88' lang='lat' dir='ltr'>ab</span> <span class='ocrx_word' id='word_1_211' title='bbox 1668 2940 1747 2981; x_wconf 91' lang='lat' dir='ltr'>eo</span> <span class='ocrx_word' id='word_1_212' title='bbox 1767 2940 2026 2983; x_wconf 82' lang='lat' dir='ltr'>versum</span> <span class='ocrx_word' id='word_1_213' title='bbox 2040 2966 2058 2999; x_wconf 95' lang='lat'>,</span> <span class='ocrx_word' id='word_1_214' title='bbox 2080 2933 2194 2981; x_wconf 88' lang='lat' dir='ltr'>aut</span> <span class='ocrx_word' id='word_1_215' title='bbox 2216 2930 2674 3005; x_wconf 83' lang='lat' dir='ltr'>argumentum</span> 
     </span>
     <span class='ocr_line' id='line_1_25' title="bbox 540 3018 2678 3110; baseline -0.001 -25"><span class='ocrx_word' id='word_1_216' title='bbox 540 3022 678 3102; x_wconf 89' lang='lat' dir='ltr'>ejus</span> <span class='ocrx_word' id='word_1_217' title='bbox 702 3038 1046 3087; x_wconf 88' lang='lat' dir='ltr'>tractatum</span> <span class='ocrx_word' id='word_1_218' title='bbox 1071 3046 1228 3088; x_wconf 90' lang='lat' dir='ltr'>esse.</span> <span class='ocrx_word' id='word_1_219' title='bbox 1255 3024 1560 3089; x_wconf 89' lang='lat' dir='ltr'>Similiter</span> <span class='ocrx_word' id='word_1_220' title='bbox 1575 3024 1871 3088; x_wconf 89' lang='lat' dir='ltr'>Tibullus</span> <span class='ocrx_word' id='word_1_221' title='bbox 1887 3072 1905 3106; x_wconf 97' lang='lat'>,</span> <span class='ocrx_word' id='word_1_222' title='bbox 1930 3025 2045 3103; x_wconf 90' lang='lat' dir='ltr'>IV,</span> <span class='ocrx_word' id='word_1_223' title='bbox 2078 3047 2134 3103; x_wconf 88' lang='lat'>1,</span> <span class='ocrx_word' id='word_1_224' title='bbox 2170 3022 2312 3103; x_wconf 87' lang='lat'>180,</span> <span class='ocrx_word' id='word_1_225' title='bbox 2346 3018 2427 3083; x_wconf 90' lang='lat' dir='ltr'>de</span> <span class='ocrx_word' id='word_1_226' title='bbox 2452 3020 2678 3110; x_wconf 84' lang='lat' dir='ltr'>Valgio</span> 
     </span>
     <span class='ocr_line' id='line_1_26' title="bbox 543 3128 2681 3223; baseline -0.002 -27"><span class='ocrx_word' id='word_1_227' title='bbox 543 3132 808 3219; x_wconf 84' lang='lat' dir='ltr'>quidem</span> <span class='ocrx_word' id='word_1_228' title='bbox 852 3132 1010 3199; x_wconf 91' lang='lat' dir='ltr'>dicit</span> <span class='ocrx_word' id='word_1_229' title='bbox 1050 3157 1065 3197; x_wconf 74' lang='grc' dir='ltr'><strong><em>ε</em></strong></span> <span class='ocrx_word' id='word_1_230' title='bbox 1120 3148 1350 3198; x_wconf 82' lang='lat' dir='ltr'>oetemo</span> <span class='ocrx_word' id='word_1_231' title='bbox 1396 3136 1662 3223; x_wconf 84' lang='lat' dir='ltr'>propior</span> <span class='ocrx_word' id='word_1_232' title='bbox 1706 3157 1835 3197; x_wconf 83' lang='lat' dir='ltr'>non</span> <span class='ocrx_word' id='word_1_233' title='bbox 1878 3132 2044 3196; x_wconf 82' lang='lat' dir='ltr'>alter</span> <span class='ocrx_word' id='word_1_234' title='bbox 2086 3132 2358 3196; x_wconf 82' lang='lat' dir='ltr'>Homero</span> <span class='ocrx_word' id='word_1_235' title='bbox 2370 3156 2396 3211; x_wconf 88' lang='lat'><em>;</em></span> <span class='ocrx_word' id='word_1_236' title='bbox 2440 3128 2554 3194; x_wconf 88' lang='lat' dir='ltr'>sed</span> <span class='ocrx_word' id='word_1_237' title='bbox 2602 3152 2681 3192; x_wconf 90' lang='lat' dir='ltr'>eo</span> 
     </span>
     <span class='ocr_line' id='line_1_27' title="bbox 548 3237 2681 3328; baseline -0 -29"><span class='ocrx_word' id='word_1_238' title='bbox 548 3237 761 3326; x_wconf 87' lang='lat' dir='ltr'>elogio</span> <span class='ocrx_word' id='word_1_239' title='bbox 795 3255 1104 3328; x_wconf 88' lang='lat' dir='ltr'>magnum</span> <span class='ocrx_word' id='word_1_240' title='bbox 1139 3238 1406 3328; x_wconf 89' lang='lat' dir='ltr'>quidem</span> <span class='ocrx_word' id='word_1_241' title='bbox 1432 3255 1691 3327; x_wconf 85' lang='lat' dir='ltr'>poetam</span> <span class='ocrx_word' id='word_1_242' title='bbox 1716 3239 2011 3328; x_wconf 77' lang='lat' dir='ltr'>Valgium</span> <span class='ocrx_word' id='word_1_243' title='bbox 2040 3237 2375 3327; x_wconf 84' lang='lat' dir='ltr'>praedicat,</span> <span class='ocrx_word' id='word_1_244' title='bbox 2394 3237 2681 3301; x_wconf 89' lang='lat' dir='ltr'>Homero</span> 
     </span>
     <span class='ocr_line' id='line_1_28' title="bbox 545 3343 2195 3436; baseline 0.002 -31"><span class='ocrx_word' id='word_1_245' title='bbox 545 3343 810 3432; x_wconf 88' lang='lat' dir='ltr'>ingenio</span> <span class='ocrx_word' id='word_1_246' title='bbox 837 3368 1092 3433; x_wconf 88' lang='lat' dir='ltr'>parem,</span> <span class='ocrx_word' id='word_1_247' title='bbox 1128 3368 1261 3410; x_wconf 93' lang='lat' dir='ltr'>non</span> <span class='ocrx_word' id='word_1_248' title='bbox 1297 3347 1454 3410; x_wconf 89' lang='lat' dir='ltr'>item</span> <span class='ocrx_word' id='word_1_249' title='bbox 1485 3361 1871 3436; x_wconf 86' lang='lat' dir='ltr'>argumento</span> <span class='ocrx_word' id='word_1_250' title='bbox 1898 3344 2195 3409; x_wconf 88' lang='lat' dir='ltr'>similem.</span> 
     </span>
    </p>
   </div>
   <div class='ocr_carea' id='block_1_4' title="bbox 553 3500 2695 4226">
    <p class='ocr_par' dir='ltr' id='par_1_4' title="bbox 553 3500 2695 4226">
     <span class='ocr_line' id='line_1_29' title="bbox 637 3500 2683 3592; baseline -0 -27"><span class='ocrx_word' id='word_1_251' title='bbox 637 3500 818 3565; x_wconf 90' lang='lat' dir='ltr'>XIII.</span> <span class='ocrx_word' id='word_1_252' title='bbox 857 3500 1127 3566; x_wconf 89' lang='lat' dir='ltr'>Meliore</span> <span class='ocrx_word' id='word_1_253' title='bbox 1151 3502 1296 3583; x_wconf 86' lang='lat' dir='ltr'>jure</span> <span class='ocrx_word' id='word_1_254' title='bbox 1330 3502 1414 3567; x_wconf 88' lang='lat' dir='ltr'>ad</span> <span class='ocrx_word' id='word_1_255' title='bbox 1459 3505 1801 3592; x_wconf 87' lang='lat' dir='ltr'>scriptores</span> <span class='ocrx_word' id='word_1_256' title='bbox 1834 3504 2061 3569; x_wconf 89' lang='lat' dir='ltr'>Iliacos</span> <span class='ocrx_word' id='word_1_257' title='bbox 2096 3503 2435 3566; x_wconf 88' lang='lat' dir='ltr'>referimus</span> <span class='ocrx_word' id='word_1_258' title='bbox 2472 3500 2683 3565; x_wconf 80' lang='lat' dir='ltr'>Petro·</span> 
     </span>
     <span class='ocr_line' id='line_1_30' title="bbox 553 3606 2685 3690; baseline -0.001 -21"><span class='ocrx_word' id='word_1_259' title='bbox 553 3606 728 3673; x_wconf 77' lang='lat' dir='ltr'>nium</span> <span class='ocrx_word' id='word_1_260' title='bbox 771 3608 1131 3689; x_wconf 78' lang='lat' dir='ltr'>Arbitrum,</span> <span class='ocrx_word' id='word_1_261' title='bbox 1177 3610 1362 3690; x_wconf 87' lang='lat' dir='ltr'>cujus</span> <span class='ocrx_word' id='word_1_262' title='bbox 1415 3633 1676 3674; x_wconf 84' lang='lat' dir='ltr'>carmen</span> <span class='ocrx_word' id='word_1_263' title='bbox 1721 3611 2074 3675; x_wconf 82' lang='lat' dir='ltr'>iambicum</span> <span class='ocrx_word' id='word_1_264' title='bbox 2110 3609 2192 3677; x_wconf 90' lang='lat' dir='ltr'>de</span> <span class='ocrx_word' id='word_1_265' title='bbox 2240 3608 2450 3687; x_wconf 80' lang='lat' dir='ltr'>Trojae</span> <span class='ocrx_word' id='word_1_266' title='bbox 2478 3617 2685 3679; x_wconf 74' lang='grc' dir='ltr'><strong>ἁλόσιι,</strong></span> 
     </span>
     <span class='ocr_line' id='line_1_31' title="bbox 555 3710 2689 3803; baseline -0.001 -29"><span class='ocrx_word' id='word_1_267' title='bbox 555 3710 844 3798; x_wconf 81' lang='lat' dir='ltr'>Satyrico</span> <span class='ocrx_word' id='word_1_268' title='bbox 873 3712 1190 3776; x_wconf 86' lang='lat' dir='ltr'>insertum</span> <span class='ocrx_word' id='word_1_269' title='bbox 1225 3736 1363 3803; x_wconf 89' lang='lat' dir='ltr'>cap.</span> <span class='ocrx_word' id='word_1_270' title='bbox 1405 3715 1521 3800; x_wconf 89' lang='lat'>89,</span> <span class='ocrx_word' id='word_1_271' title='bbox 1547 3713 1669 3802; x_wconf 90' lang='lat' dir='ltr'>ipsi</span> <span class='ocrx_word' id='word_1_272' title='bbox 1696 3716 2040 3802; x_wconf 86' lang='lat' dir='ltr'>repetitum</span> <span class='ocrx_word' id='word_1_273' title='bbox 2078 3712 2561 3777; x_wconf 89' lang='lat' dir='ltr'>illustrabimus.</span> <span class='ocrx_word' id='word_1_274' title='bbox 2595 3710 2689 3772; x_wconf 80' lang='lat' dir='ltr'>Ex</span> 
     </span>
     <span class='ocr_line' id='line_1_32' title="bbox 562 3816 2688 3911; baseline -0.001 -31"><span class='ocrx_word' id='word_1_275' title='bbox 562 3816 794 3881; x_wconf 88' lang='lat' dir='ltr'>eodem</span> <span class='ocrx_word' id='word_1_276' title='bbox 831 3818 1146 3907; x_wconf 90' lang='lat' dir='ltr'>scriptore</span> <span class='ocrx_word' id='word_1_277' title='bbox 1193 3821 1487 3911; x_wconf 84' lang='lat' dir='ltr'>colligere</span> <span class='ocrx_word' id='word_1_278' title='bbox 1529 3820 1711 3904; x_wconf 89' lang='lat' dir='ltr'>licet,</span> <span class='ocrx_word' id='word_1_279' title='bbox 1741 3822 1868 3885; x_wconf 90' lang='lat' dir='ltr'>hoc</span> <span class='ocrx_word' id='word_1_280' title='bbox 1901 3837 2361 3911; x_wconf 84' lang='lat' dir='ltr'>argumentum</span> <span class='ocrx_word' id='word_1_281' title='bbox 2394 3816 2688 3905; x_wconf 87' lang='lat' dir='ltr'>inprimis</span> 
     </span>
     <span class='ocr_line' id='line_1_33' title="bbox 560 3921 2691 4015; baseline -0.001 -30"><span class='ocrx_word' id='word_1_282' title='bbox 560 3921 1046 4010; x_wconf 83' lang='lat' dir='ltr'>frequentatum</span> <span class='ocrx_word' id='word_1_283' title='bbox 1103 3926 1271 3990; x_wconf 84' lang='lat' dir='ltr'>illius</span> <span class='ocrx_word' id='word_1_284' title='bbox 1319 3942 1505 3990; x_wconf 69' lang='lat' dir='ltr'>aetate</span> <span class='ocrx_word' id='word_1_285' title='bbox 1542 3948 1711 4008; x_wconf 88' lang='lat' dir='ltr'>esse,</span> <span class='ocrx_word' id='word_1_286' title='bbox 1764 3944 1828 3991; x_wconf 91' lang='lat' dir='ltr'>et</span> <span class='ocrx_word' id='word_1_287' title='bbox 1878 3927 1992 4015; x_wconf 89' lang='lat' dir='ltr'>qui</span> <span class='ocrx_word' id='word_1_288' title='bbox 2032 3925 2321 4013; x_wconf 80' lang='lat' dir='ltr'>Satyrico</span> <span class='ocrx_word' id='word_1_289' title='bbox 2368 3946 2489 3988; x_wconf 90' lang='lat' dir='ltr'>suo</span> <span class='ocrx_word' id='word_1_290' title='bbox 2532 3922 2691 3985; x_wconf 82' lang='lat' dir='ltr'>aulae</span> 
     </span>
     <span class='ocr_line' id='line_1_34' title="bbox 559 4026 2691 4123; baseline -0.001 -32"><span class='ocrx_word' id='word_1_291' title='bbox 559 4026 840 4123; x_wconf 85' lang='lat' dir='ltr'>Neronis</span> <span class='ocrx_word' id='word_1_292' title='bbox 887 4054 1100 4096; x_wconf 89' lang='lat' dir='ltr'>mores</span> <span class='ocrx_word' id='word_1_293' title='bbox 1137 4048 1203 4096; x_wconf 86' lang='lat' dir='ltr'>et</span> <span class='ocrx_word' id='word_1_294' title='bbox 1239 4031 1470 4121; x_wconf 82' lang='lat' dir='ltr'>flagitia</span> <span class='ocrx_word' id='word_1_295' title='bbox 1504 4034 1949 4121; x_wconf 82' lang='lat' dir='ltr'>perstrinxisse</span> <span class='ocrx_word' id='word_1_296' title='bbox 1982 4048 2249 4122; x_wconf 88' lang='lat' dir='ltr'>putatur</span> <span class='ocrx_word' id='word_1_297' title='bbox 2267 4081 2286 4114; x_wconf 96' lang='lat'>,</span> <span class='ocrx_word' id='word_1_298' title='bbox 2324 4032 2597 4094; x_wconf 83' lang='lat' dir='ltr'>fortasse</span> <span class='ocrx_word' id='word_1_299' title='bbox 2628 4042 2691 4089; x_wconf 90' lang='lat' dir='ltr'>et</span> 
     </span>
     <span class='ocr_line' id='line_1_35' title="bbox 565 4130 2695 4226; baseline 0 -32"><span class='ocrx_word' id='word_1_300' title='bbox 565 4130 1078 4201; x_wconf 87' lang='lat' dir='ltr'>Homeristarum</span> <span class='ocrx_word' id='word_1_301' title='bbox 1096 4186 1114 4219; x_wconf 94' lang='lat'>,</span> <span class='ocrx_word' id='word_1_302' title='bbox 1155 4161 1324 4226; x_wconf 89' lang='lat' dir='ltr'>quos</span> <span class='ocrx_word' id='word_1_303' title='bbox 1354 4138 1421 4202; x_wconf 90' lang='lat' dir='ltr'>in</span> <span class='ocrx_word' id='word_1_304' title='bbox 1454 4161 1636 4203; x_wconf 85' lang='lat' dir='ltr'>coena</span> <span class='ocrx_word' id='word_1_305' title='bbox 1667 4138 2164 4205; x_wconf 82' lang='lat' dir='ltr'>Trimalchionis</span> <span class='ocrx_word' id='word_1_306' title='bbox 2193 4136 2447 4203; x_wconf 87' lang='lat' dir='ltr'>inducit</span> <span class='ocrx_word' id='word_1_307' title='bbox 2464 4183 2483 4217; x_wconf 96' lang='lat'>,</span> <span class='ocrx_word' id='word_1_308' title='bbox 2508 4154 2695 4199; x_wconf 82' lang='lat' dir='ltr'>men-</span> 
     </span>
    </p>
   </div>
   <div class='ocr_carea' id='block_1_5' title="bbox 2924 129 2932 641">
    <p class='ocr_par' dir='ltr' id='par_1_5' title="bbox 2924 129 2932 641">
     <span class='ocr_line' id='line_1_36' title="bbox 2924 129 2932 641; baseline 0 0"><span class='ocrx_word' id='word_1_309' title='bbox 2924 129 2932 641; x_wconf 95' lang='lat' dir='ltr'> </span> 
     </span>
    </p>
   </div>
   <div class='ocr_carea' id='block_1_6' title="bbox 2927 863 2937 1393">
    <p class='ocr_par' dir='ltr' id='par_1_6' title="bbox 2927 863 2937 1393">
     <span class='ocr_line' id='line_1_37' title="bbox 2927 863 2937 1393; baseline 0 0"><span class='ocrx_word' id='word_1_310' title='bbox 2927 863 2937 1393; x_wconf 95' lang='lat' dir='ltr'> </span> 
     </span>
    </p>
   </div>
  </div>
 </body>
</html>
