2975 4684
452 325 592 424 376
952 327 1365 395 PRAEFAT.
1418 327 1556 395 AD
1615 327 2073 398 EPITHAL.

449 457 680 522 eodem
699 455 1030 521 Prisciano
1050 455 1290 520 Deida-
1305 456 1733 543 Hymenaeum
1760 456 2007 521 laudari
2031 459 2281 522 notavit
2300 460 2588 545 Delrius,

453 564 637 651 Synt.
672 563 862 650 Trag.
891 561 934 625 l.
965 583 1022 626 c.
1057 582 1255 648 quem
1289 576 1505 626 tamen
1538 561 1758 626 locum
1790 562 1858 625 in
1896 562 2227 628 Prisciano
2276 565 2400 629 sibi
2436 589 2589 631 suc-

453 669 730 734 currisse
759 683 952 756 negat
973 667 1248 732 Crenius
1279 667 1320 730 l.
1345 688 1402 732 e.
1435 689 1557 757 ego
1584 689 1741 732 vero
1767 667 2021 751 inveni,
2048 691 2113 756 p.
2134 669 2297 757 673,
2316 671 2443 734 sul>
2468 695 2589 736 no-

449 776 626 840 mine
660 773 960 840 Atticidae
983 773 1175 837 verba
1198 772 1336 838 haec
1364 795 1442 838 ex
1461 775 1817 861 Hymenaeo
1840 773 2114 840 adduci:
2150 774 2339 840 Felix
2362 776 2591 842 lectule

448 881 680 946 talibus
699 881 828 944 sole
857 879 1194 943 amoribus.
1219 877 1421 961 Quod
1437 878 1873 970 fragmentum
1896 903 2050 946 cum
2074 881 2199 944 alio
2214 881 2485 965 Ticidae,
2506 906 2589 950 ex

448 987 746 1052 Suetonii
782 987 914 1052 vita
934 987 1144 1050 Valer.
1184 986 1448 1050 Catonis
1496 985 1693 1051 ducto
1710 1036 1729 1069 ,
1764 986 1889 1050 sub
1944 989 2015 1052 C.
2050 987 2289 1052 Ticidae
2317 989 2591 1054 nomine

449 1094 700 1182 profert
737 1093 1104 1182 Stephanus
1127 1093 1196 1157 in
1233 1093 1489 1182 Fragm.
1524 1093 1710 1157 Poet.
1745 1109 1873 1157 vet.
1911 1115 1977 1181 p.
2009 1097 2157 1172 421.
2188 1095 2259 1157 V
2248 1094 2440 1158 alerii
2458 1095 2587 1160 Ca—

447 1200 602 1266 tulli
617 1249 636 1280 ,
674 1215 908 1288 praeter
943 1197 1105 1262 illud
1133 1198 1302 1262 Pelei
1341 1221 1414 1262 ac
1445 1197 1775 1280 Thetidis,
1806 1197 1941 1264 duo
1974 1200 2284 1288 leguntur
2314 1200 2588 1288 Epitha-

441 1306 634 1369 lamia
665 1306 950 1370 carmine
979 1304 1159 1368 LXII
1197 1319 1262 1367 et
1293 1304 1510 1369 LXIII
1542 1327 1558 1368 ε
1588 1305 1862 1369 alterum
1896 1305 1963 1368 in
1999 1305 2259 1393 nuptias
2298 1307 2482 1371 Juliae
2522 1323 2591 1372 et

444 1413 668 1477 Manlii
699 1411 930 1500 incipit
967 1409 1156 1476 Collis
1185 1435 1225 1474 o
1263 1411 1583 1476 Heliconii
1612 1411 1856 1492 cultor,
1910 1411 2169 1477 Uranioe
2199 1435 2399 1499 genus
2419 1437 2447 1492 ,-
2493 1415 2589 1478 al-

438 1536 688 1599 terum,
743 1517 926 1606 quod
966 1518 1392 1606 inscriptione
1427 1517 1776 1582 nominum
1820 1534 2031 1600 caret,
2082 1517 2199 1582 sed
2250 1519 2589 1607 Epithala-

442 1625 648 1688 mium
697 1649 735 1689 a
771 1625 1214 1707 Quintiliane,
1243 1624 1357 1690 lib.
1385 1625 1515 1706 IX,
1548 1645 1687 1712 cap.
1716 1623 1755 1688 3
1773 1673 1792 1706 ,
1818 1639 2105 1706 vocatur,
2134 1623 2207 1686 V
2196 1625 2587 1713 asper-adest,

430 1732 726 1822 juvenes,
774 1732 1150 1817 consurgite.
1187 1728 1412 1793 Judice
1454 1728 1691 1792 Crenio
1726 1730 1927 1793 multa
1959 1729 2029 1793 in
2068 1729 2443 1794 Catullianis
2490 1746 2593 1795 est

447 1839 790 1920 festivitas,
823 1854 890 1901 et
927 1859 1094 1925 pura
1145 1837 1368 1900 Venus
1419 1859 1456 1900 e
1508 1856 1665 1899 vero
1700 1835 1919 1916 Latio;
1960 1851 2026 1899 et
2080 1835 2590 1923 Epithalamium

445 1943 705 2022 Manlii,
744 1942 1043 2006 Barthius
1076 1939 1160 2005 ad
1195 1939 1661 2020 Claudianum,
1698 1961 1843 2028 pag.
1877 1940 2037 2027 789,
2068 1941 2189 2022 ait,
2215 1941 2487 2005 Veneris
2524 1956 2593 2005 et

449 2049 820 2115 Gratiarum
857 2047 1160 2111 manibus
1179 2047 1495 2134 seriptum
1515 2067 1673 2110 esse.
1705 2047 1783 2112 In
1806 2047 2059 2112 Senecae
2074 2045 2301 2112 Medea
2317 2095 2337 2128 ,
2358 2049 2589 2130 aotuI,

447 2156 687 2219 chorus
725 2155 1071 2218 mulierum
1123 2153 1609 2216 Corinthiarum
1650 2154 1899 2218 Iasonis
1933 2171 1998 2218 et
2028 2155 2290 2218 Creusae
2340 2155 2590 2244 nuptiis

449 2262 862 2349 hymenaeum
908 2259 1101 2324 canit.
1141 2259 1218 2322 In
1253 2259 1520 2346 Papinii
1540 2259 1733 2323 Statii
1767 2259 2010 2348 Sylvis,
2062 2259 2349 2325 secunda
2376 2261 2529 2325 libri
2554 2263 2587 2326 I

449 2383 550 2431 est
565 2365 1042 2452 Epithalamion
1069 2364 1277 2429 Stellae
1301 2381 1366 2430 et
1381 2365 1765 2430 Violantilloe
1781 2387 1935 2430 sane
1961 2366 2367 2430 luculentum
2384 2415 2403 2448 ,
2434 2367 2589 2432 illu-

449 2473 566 2538 stri
600 2473 796 2537 simul
827 2489 894 2535 et
925 2473 1100 2561 gravi
1135 2473 1536 2555 narratione,
1569 2473 1755 2554 cujus
1786 2473 2157 2561 exemplum
2193 2474 2588 2561 posteriores

452 2577 1038 2666 Epithalamiorum
1075 2576 1421 2666 scriptores
1455 2579 1591 2642 fere
1623 2601 1850 2643 omnes
1882 2579 2113 2642 imitati
2142 2577 2471 2645 videntur.
2486 2582 2589 2646 De

456 2683 750 2750 Gallieno
787 2685 1009 2773 Impar.
1056 2683 1413 2748 Trebellius
1463 2685 1675 2749 Pollio
1694 2734 1713 2766 ,
1760 2708 1898 2774 cap.
1931 2686 2026 2749 XI
2044 2735 2061 2768 ,
2112 2685 2343 2768 refert,
2376 2709 2587 2774 quum

452 2792 730 2858 fratrum
763 2814 1034 2856 suorum
1081 2789 1246 2855 filios
1290 2791 1704 2881 conjugaret,
1742 2809 1809 2856 et
1842 2815 2071 2856 omnes
2119 2809 2329 2879 poetae
2374 2793 2589 2858 Graeci

450 2898 792 2988 Latinique
838 2898 1242 2987 epithalamia
1291 2922 1408 2987 per
1448 2898 1771 2987 plurimos
1818 2897 1955 2963 dies
1994 2896 2335 2982 dixissent,
2367 2899 2586 2988 ipsum

451 3028 684 3070 manus
735 3027 1125 3094 sponsorum
1179 3021 1512 3069 tenentem
1569 3005 1868 3070 recitasse
1922 3004 2132 3086 aliud,
2174 3003 2359 3094 quod
2412 3005 2588 3070 inter

451 3129 714 3178 centum
754 3127 972 3200 poetas
1001 3111 1404 3200 praecipuum
1437 3112 1654 3176 fuerit.
1670 3112 1926 3176 Partem
1946 3111 2083 3192 ejus
2110 3112 2241 3175 sive
2258 3134 2583 3198 summam

451 3218 847 3306 epithalamii
873 3217 1103 3281 eodem
1135 3218 1281 3286 loco
1315 3217 1540 3281 recitat
1571 3217 1797 3281 Pollio.
1834 3217 1957 3281 Cui
1980 3217 2325 3282 Salmasius
2360 3217 2429 3280 in
2464 3239 2589 3282 no-

449 3325 530 3387 tis
573 3323 750 3387 aliud
789 3323 994 3388 simile
1037 3339 1102 3388 et
1142 3323 1338 3387 breve
1374 3325 1553 3386 Aviti
1574 3341 1791 3412 poetae
1817 3346 1854 3387 e
1898 3322 2123 3388 codice
2155 3339 2414 3387 vetusto
2442 3323 2581 3411 epi-

449 3446 881 3522 grammatum
905 3431 1202 3494 nondum
1229 3429 1403 3494 edito
1431 3429 1760 3520 adjungit:
1784 3433 2195 3495 Burmannus
2227 3445 2587 3518 utrumque

446 3539 577 3602 hoc
607 3538 674 3599 in
710 3536 974 3600 Anthol.
1001 3539 1137 3600 Lat.
1169 3537 1278 3601 lib.
1311 3537 1435 3618 111,
1459 3561 1562 3626 ep.
1601 3535 1729 3602 258
1750 3561 1927 3626 seqq.
1954 3553 2286 3625 repetens,
2316 3536 2582 3600 tertium

449 3643 629 3708 addit
672 3641 1178 3730 Epithalamium
1215 3643 1423 3730 ignoti
1453 3643 1739 3707 auctoris
1786 3643 2010 3707 itidem
2048 3643 2268 3707 breve.
2314 3645 2591 3706 Ausonii

449 3753 814 3813 Centonem
857 3745 1212 3836 nuptialem
1237 3749 1269 3811 J
1277 3797 1292 3812 .
1330 3749 1400 3811 C.
1443 3749 1744 3838 Scaliger,
1773 3751 1954 3814 Poet.
1988 3749 2101 3813 lib.
2136 3750 2268 3830 ΙΙΙ,
2306 3772 2371 3837 p.
2414 3747 2536 3834 391
2563 3797 2583 3830 ,

447 3855 620 3920 inter
649 3854 932 3918 carmina
957 3853 1265 3941 nuptialia
1285 3851 1595 3918 Veterum
1622 3855 1847 3936 refert;
1878 3853 2061 3943 quod
2092 3854 2256 3919 mihi
2273 3855 2419 3935 jure
2442 3877 2583 3919 non

445 3962 703 4027 videtur
749 3959 906 4024 fieri.
965 3961 1116 4024 Non
1161 3959 1336 4022 enim
1387 3961 1883 4048 gratulationem
1941 3961 2217 4049 aliquam
2240 4009 2258 4040 ,
2316 3959 2577 4026 laudem

449 4089 838 4152 sponsorum
859 4115 878 4146 ,
917 4081 1030 4129 aut
1065 4066 1589 4130 acclamationem
1643 4067 1956 4148 votivam,
2008 4089 2202 4154 quam
2253 4065 2581 4147 ejusmodi
