2975 4684
610 317 1111 388 EPISTOLA
1160 265 1598 389 Dlnoms
1647 316 1784 384 AD
1837 316 2230 386 AENEAM.
2399 311 2486 413 57

342 448 439 511 les
466 460 607 511 erat
620 494 640 528 ,
666 460 745 510 ut
768 469 995 510 sexum
1028 447 1263 510 celaret
1276 495 1295 526 ,
1321 462 1390 511 et
1418 445 1592 511 bello
1623 445 2131 510 subtraheretur.
2166 445 2308 535 Ego
2333 467 2488 510 vero

344 553 627 643 amplius
660 552 1123 643 corrigendum
1160 575 1397 618 censeo
1436 554 1503 616 in
1547 551 1970 617 Parthenone.
2016 551 2276 615 Etenim
2321 550 2492 616 hanc

344 660 711 724 orationem
743 659 1025 724 Achilles
1061 659 1127 722 in
1164 675 1331 724 coetu
1362 659 1690 747 virginum
1723 656 1963 722 habere
1979 705 1998 739 ,
2025 671 2217 744 atque
2247 655 2324 720 iis
2353 657 2491 720 vale

346 765 597 847 dicere,
621 787 761 830 non
792 781 1015 830 contra
1048 788 1154 830 eas
1186 765 1399 830 dicere
1428 764 1712 855 fingitur.
1746 764 1876 829 Sed
1905 785 2250 852 pergamus
2275 764 2490 830 verbis

344 871 419 936 P.
434 872 797 936 Burmanni
812 895 939 941 sec.
960 875 1077 963 qui
1094 895 1237 962 quae
1252 873 1333 937 ad
1347 871 1842 937 declarationem
1862 869 2031 934 tituli
2045 886 2111 935 et
2126 871 2488 960 argumenti

343 978 701 1066 pertinent,
715 979 781 1042 in
802 980 1011 1068 prima
1027 978 1443 1045 adnotatione
1462 978 1778 1066 exposuit.
1801 1007 1826 1031 κ
1842 976 2233 1057 Certissima,
2251 976 2490 1066 inquit,

342 1084 491 1148 haec
518 1085 893 1152 emendatio
926 1102 1024 1152 est
1041 1135 1059 1169 ,
1089 1084 1514 1174 firmaturque
1559 1107 1638 1148 ex
1681 1082 2035 1149 Scholiaste
2087 1083 2358 1147 Homeri
2409 1082 2492 1148 ad

344 1189 528 1255 Iliad.
547 1194 633 1274 A,
665 1214 692 1254 1
705 1191 743 1255 3
756 1214 782 1255 1
805 1214 822 1256 :
859 1197 1065 1264 Εὐιιὸἠς
1083 1200 1177 1274 γὰρ
1194 1200 1335 1271 παρὰ
1352 1200 1548 1261 πάντας
1571 1200 1682 1261 τοὺς
1702 1199 1862 1270 ἥρωας
1881 1181 2138 1267 :ky-mehe,
2161 1199 2245 1251 καὶ
2267 1217 2492 1270 γυναικο-

342 1307 636 1377 πρόσωπῦς,
662 1311 725 1369 ὣς
756 1308 840 1361 καὶ
870 1309 919 1360 ἐν
946 1315 1019 1381 τῷ
1046 1302 1365 1379 Λυκομήδους
1384 1311 1651 1378 παρθινῶνι
1685 1307 2006 1378 ἀγνοηθῆναι,
2036 1304 2110 1358 ὅτι
2139 1304 2212 1362 εἴη
2241 1304 2376 1376 ἀνήρ·
2404 1296 2494 1361 ita

344 1401 519 1490 apud
561 1405 779 1468 Tzetz.
830 1402 1099 1469 Chiliad.
1138 1405 1220 1486 V,
1258 1403 1421 1469 Hist.
1473 1403 1588 1486 16,
1627 1425 1771 1492 pag.
1814 1402 1922 1491 78.
1961 1401 2200 1490 legitur
2231 1425 2492 1466 carmen

346 1529 497 1570 cum
526 1507 663 1573 hoe
692 1509 883 1574 titulo
910 1521 1021 1590 περὶ
1042 1511 1313 1588 Axoume,
1345 1523 1428 1572 τοῦ
1462 1521 1510 1572 ἂν
1543 1525 1616 1589 τῷ
1652 1512 1968 1590 Λυκομήδους
2007 1523 2297 1588 παρθενῶνι.
2323 1507 2490 1572 Vide

345 1613 707 1702 Nicephori
740 1615 1033 1680 Basilacae
1066 1614 1483 1680 Narrationes
1513 1637 1551 1678 a
1575 1615 1795 1680 Leone
1817 1614 2056 1679 Allatio
2085 1613 2289 1678 editas
2321 1615 2492 1678 inter

346 1718 631 1807 Excepta
662 1722 1028 1786 Rhetorum
1050 1770 1067 1798 .‚
1093 1743 1231 1810 cap.
1270 1743 1297 1784 1
1325 1768 1345 1801 ,
1373 1719 1455 1785 de
1490 1719 1773 1802 Achille,
1802 1743 1951 1810 pag.
1992 1719 2136 1809 137,
2175 1743 2312 1808 quo
2345 1737 2488 1785 toto

348 1825 555 1912 oepite
602 1826 735 1890 hoc
780 1849 1041 1892 oerrnen
1078 1827 1473 1891 illustratur:
1514 1827 1632 1891 alia
1671 1825 1851 1890 dabit
1884 1826 2208 1890 Meursius
2241 1825 2324 1889 ad
2358 1828 2488 1915 Ly-

347 1932 575 2021 cophr.
606 1955 668 1996 v.
706 1933 855 2021 276.
892 1935 1165 1998 Carmen
1206 1933 1367 2015 hoc,
1392 1933 1544 1997 licet
1586 1954 1724 1996 non
1759 1953 1970 1997 aureae
2013 1932 2187 1997 illius
2228 1948 2294 1998 et
2335 1955 2488 2020 pro·

346 2036 695 2102 batissimae
711 2039 910 2104 aetatis
927 2088 946 2121 ,
966 2038 1079 2104 sed
1097 2055 1301 2128 poetae
1319 2038 1680 2104 scholastici
1700 2040 1780 2102 sit
1799 2086 1815 2120 ,
1848 2037 2220 2102 merebatur
2235 2053 2450 2102 tamen
2467 2087 2487 2121 ,

346 2158 422 2208 ut
454 2144 523 2207 in
556 2145 773 2209 lucem
822 2169 859 2208 a
903 2144 1095 2209 nobis
1135 2143 1644 2232 protraheretur.
1676 2141 2167 2208 Conferendum
2203 2159 2305 2208 est
2335 2165 2486 2208 cum

350 2249 531 2314 Statii
573 2245 967 2315 Achilleidos
1012 2250 1123 2315 lib.
1158 2251 1255 2332 II,
1294 2250 1409 2313 ubi
1434 2249 1656 2313 Thetis
1683 2249 1980 2313 oratione
2017 2271 2134 2314 sua
2171 2249 2484 2314 Achillem

356 2354 732 2444 adloquitur
766 2372 831 2420 et
863 2355 1243 2446 persuadet,
1285 2371 1363 2419 ut
1386 2355 1670 2420 femineo
1701 2355 1933 2420 habitu
1958 2356 2230 2421 indutus
2259 2377 2484 2420 sexum

352 2461 546 2526 celet:
594 2460 711 2526 sed
756 2460 995 2526 deinde
1037 2484 1106 2526 se
1144 2460 1363 2550 prodit
1402 2459 1682 2527 Achilles
1699 2509 1718 2543 ,
1773 2478 1840 2524 et
1891 2460 1960 2525 in
2016 2459 2210 2526 turba
2253 2460 2486 2526 mulie-

350 2589 527 2650 rum,
550 2569 622 2632 in
654 2568 856 2657 Scyro
883 2569 1093 2634 insula
1122 2568 1295 2633 diem
1331 2569 1570 2637 ‚festum
1603 2567 2068 2632 celebrantium
2087 2613 2106 2650 ,
2131 2566 2485 2656 praesertim

351 2697 566 2738 coram
605 2674 974 2758 Deidamia,
1002 2698 1133 2763 qua
1166 2671 1464 2757 ardebat,
1494 2675 1868 2738 simulatum
1906 2672 2264 2736 femineum
2299 2671 2489 2735 habi-

352 2795 491 2844 tum
526 2779 838 2869 deponit,
868 2797 935 2846 et
954 2781 1171 2846 virum
1210 2780 1466 2846 exserit.
1497 2782 1574 2844 In
1601 2778 2108 2843 Divionensibus
2137 2793 2352 2841 autem
2389 2777 2484 2841 le-

351 2887 623 2976 gebatur
648 2887 780 2952 hoc
804 2909 1062 2952 carmen
1094 2903 1242 2977 post
1276 2885 1780 2951 Exercitationes
1811 2883 2216 2948 scholasticas
2251 2882 2484 2948 eodem

350 3010 561 3058 metro
595 2992 679 3058 ad
711 2994 995 3058 themata
1022 2993 1371 3084 Virgiliana
1400 2991 1792 3080 compositas
1823 3013 1860 3054 a
1892 2987 2131 3053 Rufino
2176 3005 2242 3053 et
2276 2991 2485 3053 Coro-

351 3117 533 3178 nato,
562 3116 641 3164 ut
670 3100 1007 3189 inscriptio
1041 3123 1173 3189 prae
1212 3121 1281 3165 se
1310 3099 1469 3164 fert:
1506 3097 1620 3163 sed
1653 3121 1734 3161 an
1765 3097 1894 3161 hoc
1926 3095 2215 3175 ejusdem
2252 3095 2336 3160 sit
2363 3118 2482 3159 au-

348 3207 573 3289 ctoris,
602 3207 824 3271 nescio
850 3204 1223 3287 dijudicare.
1243 3239 1268 3263 n
1298 3207 1626 3270 Hactenus
1661 3207 2104 3270 Burmannus:
2130 3203 2244 3290 qui
2277 3224 2483 3294 quum

350 3314 667 3378 variantes
714 3313 1249 3377 Salmasianarum
1300 3327 1365 3376 et
1410 3311 1786 3376 DivionenS.
1835 3307 2216 3374 schedarum
2237 3357 2256 3390 ,
2298 3325 2376 3372 ut
2419 3325 2486 3372 et

351 3419 587 3484 codicis
622 3419 953 3484 Leidensis
980 3419 1317 3502 lectiones,
1342 3417 1703 3498 subjunctis
1731 3415 1903 3480 notis
1937 3415 2310 3496 inseruerit,
2347 3437 2484 3478 aas·

352 3525 495 3590 dem
526 3525 717 3590 nobis
743 3540 1031 3613 repetere
1058 3525 1313 3588 animus
1339 3539 1467 3607 est,
1495 3523 1777 3610 aliasque
1800 3536 2052 3586 nostras
2075 3519 2484 3584 illustrationi

351 3633 649 3696 carminis
681 3629 1078 3720 impendere.

434 3737 519 3802 X.
547 3739 711 3820 Quae
734 3729 989 3802 decimo
1016 3739 1163 3802 loco
1186 3738 1479 3826 sequitur
1501 3737 1786 3826 Epistola
1811 3735 2075 3801 Didonis
2099 3732 2194 3796 ad
2207 3736 2484 3798 AEn-eam

350 3843 587 3932 pariter
608 3866 643 3905 a
665 3843 863 3906 Petro
882 3846 1259 3908 Burmanno
1283 3866 1410 3907 sec.
1436 3865 1514 3906 ex
1537 3841 1788 3907 schedis
1820 3841 2196 3906 DivionenS.
2219 3839 2480 3906 Salmas».

352 3967 415 4013 ct
445 3947 671 4013 codice
701 3948 999 4013 Leidensi
1034 3949 1418 4038 deprompta
1448 3949 1866 4037 primumque
1897 3946 2069 4012 edita
2101 3961 2198 4010 est
2221 3945 2478 4010 Antho-

235 4125 245 4134 ,
350 4056 529 4144 logiae
557 4055 801 4120 Latina>
835 4055 1001 4119 libro
1030 4057 1100 4138 1,
1128 4078 1310 4120 num.
1360 4055 1479 4144 173
1503 4105 1520 4136 ‚
1545 4055 1814 4144 repetita
1847 4054 1912 4117 in
1949 4052 2342 4118 Collectione
2386 4051 2488 4116 Pi-
