2975 4684
1262 321 1482 390 AETN
1497 325 1590 392 A.‘

2338 322 2464 419 137

434 449 519 514 Et
554 458 861 514 metuens
899 455 1143 512 natura
1175 439 1333 512 mali
1368 458 1502 532 est,
1551 443 1668 514 ubi
1709 444 1976 540 cogitur
2015 445 2175 539 igni.

434 554 567 626 Sed
588 553 787 646 simul
816 567 1017 648 atque
1046 553 1263 622 hausit
1294 551 1634 640 flammaS,
1659 577 1798 624 non
1835 552 2044 622 tutior
2079 553 2334 624 haustis
2387 581 2463 624 40⁵

434 662 589 734 Ulla
629 663 907 744 domus,
942 687 1213 732 servans
1248 664 1457 732 aciem
1478 664 1909 760 ,duratisque
1954 665 2174 734 tenaci

433 778 633 870 Septa
670 774 837 844 fide.
876 788 1062 843 tanta
1106 788 1205 844 est
1246 771 1342 842 illi
1389 776 1716 869 patientia
1758 774 1974 848 victo!

429 887 563 955 Vix
598 910 893 980 unquam
928 883 1101 953 redit
1134 885 1203 952 in
1237 885 1447 968 vires,
1480 900 1682 982 atque
1711 888 1958 957 evomit
1983 889 2232 980 iguem.

429 999 641 1065 Totus
676 997 855 1065 enim
898 995 1105 1064 denso
1148 996 1431 1091 ,stipatus
1468 997 1715 1066 robore
1751 997 1937 1067 tarda
1960 1050 1980 1083 ‚

428 1110 555 1177 Per
584 1121 819 1176 tenues
842 1104 1126 1174 admissa
1152 1105 1327 1188 viae,
1354 1107 1660 1178 incendia
1693 1106 1944 1194 nutrit,
2383 1130 2460 1172 ⁴1·-

428 1217 973 1312 cunctanterque
1012 1214 1243 1284 eadem
1288 1217 1612 1311 pigreque
1648 1233 1920 1313 accepta
1957 1217 2258 1288 remittit.

350 1369 361 1382 ο
400 1395 523 1457 403.
546 1399 765 1446 Metuens
784 1408 967 1444 natura
984 1393 1121 1448 mali,
1143 1391 1180 1446 i.
1204 1412 1249 1446 e.
1268 1411 1352 1446 ce-

330 1473 455 1528 dens
467 1475 611 1528 malo
624 1513 641 1538 ‚
660 1486 713 1527 et
726 1493 863 1528 noxa
882 1472 1039 1526 facile
1050 1471 1350 1528 afficienda.

396 1557 521 1620 405.
552 1559 667 1607 Non
697 1557 848 1606 mecht-
874 1556 1085 1614 hauseis,
1110 1571 1183 1606 sc.
1200 1551 1349 1605 flam-

1510 1395 1630 1462 408.
1661 1398 1760 1448 Vix
1799 1414 2018 1464 unquam
2049 1387 2178 1447 redit
2223 1393 2273 1446 1⁶11
2310 1395 2460 1446 vires.

1437 1476 1526 1530 Sic
1553 1493 1736 1530 omnes
1775 1476 1898 1530 libri
1935 1487 2238 1530 constanter
2263 1475 2464 1544 legunt.

1439 1555 1720 1627 Perpetem
1749 1556 1982 1628 Scaliger
2003 1569 2056 1609 et
2075 1553 2320 1608 Gorallus
2343 1572 2461 1605 mu-

330 1635 427 1687 mis
451 1639 565 1688 Ulla
592 1638 763 1686 domus
777 1671 794 1695 ,
823 1631 881 1684 h.
912 1650 959 1685 e.
983 1632 1130 1684 nullu
1156 1631 1349 1686 dumus
1435 1646 1580 1688 tant:
1609 1637 1709 1686 Vix
1729 1637 2125 1704 unquamperdae't
2141 1637 2298 1692 vires,
2317 1630 2464 1703 quod

327 1726 415 1767 aut
440 1713 681 1768 custodia
711 1711 945 1775 fidelior,
965 1710 1173 1765 nullum
1196 1731 1345 1765 rece·

324 1797 596 1866 ptaculum
616 1813 771 1868 ecque
800 1805 969 1847 tutum
998 1793 1108 1866 igni
1132 1805 1347 1864 recepto

326 1887 434 1942 eet,
472 1894 635 1947 quam
678 1875 767 1928 ille
792 1875 947 1946 lapis.
966 1877 1189 1926 Veteres
1224 1871 1346 1926 edd.

322 1953 521 2008 hahent
534 1959 701 2008 hausti
718 1966 809 2006 aut
826 1957 1031 2015 haustu,
1054 1972 1085 2006 e
1099 1971 1209 2025 quo
1226 1953 1345 2007 Sca-

322 2033 455 2105 liger
478 2047 623 2088 recte
651 2035 777 2087 fecit
801 2036 1001 2086 haustis.

392 2119 513 2178 406.
533 2120 737 2165 Senam
764 2115 936 2166 aciem.
954 2113 1053 2166 Per
1079 2130 1195 2166 eam
1216 2112 1343 2166 Sca·

318 2192 451 2264 liger
478 2193 729 2265 intelligit
757 2191 1001 2245 duritiem
1028 2205 1085 2245 et
1114 2191 1342 2263 rigorem

318 2273 473 2337 ferri,
492 2277 552 2328 τὸ
573 2277 838 2346 στόμωμα..
862 2271 1127 2324 Nimirum
1150 2279 1343 2344 στομῶ-

318 2366 405 2408 om
421 2367 499 2406 est
516 2351 801 2418 indurare;
823 2349 967 2403 unde
978 2355 1225 2424 στόμωμα
1246 2351 1345 2403 fer-

318 2449 438 2486 rum
484 2431 828 2486 durissimum
847 2471 863 2498 ,
906 2430 1053 2502 quod
1102 2435 1341 2482 aciat-ium

316 2513 613 2574 vocabant,
648 2524 709 2564 ut
740 2511 989 2563 observat
1020 2509 1241 2562 Salmas.
1271 2507 1341 2562 ad

315 2591 482 2644 Solia.
504 2611 559 2664 p.
583 2599 707 2661 407·
738 2592 807 2641 At
840 2591 1041 2644 fen-um
1067 2589 1237 2643 inesse
1260 2590 1340 2642 la·

314 2669 457 2740 pidi,
500 2689 610 2723 non
656 2668 788 2721 dixit
826 2679 983 2741 poeta
1002 2705 1018 2731 ‚
1064 2667 1159 2721 sed
1190 2667 1343 2722 stam·

316 2767 475 2803 mam.
492 2749 655 2802 Unde
670 2750 755 2802 vix
770 2748 916 2802 aliud
934 2787 953 2814 ,
969 2765 1129 2820 quam
1142 2749 1340 2819 ignem,

314 2841 445 2899 puto
477 2828 701 2899 intelligi
719 2866 735 2890 ‚
764 2829 846 2881 vel
872 2828 978 2880 vim
1007 2829 1121 2900 ejus
1146 2827 1344 2879 mican-

316 2922 423 2962 tem
458 2910 605 2978 juxta
626 2948 641 2973 ,
676 2927 741 2960 ac
769 2907 869 2960 alia
898 2923 1119 2976 corpora
1148 2923 1341 2959 consu-

314 2997 569 3040 mentem.
592 2987 719 3040 erc
744 2987 887 3040 enim
910 2985 990 3038 vin
1012 2985 1137 3058 quia
1158 2998 1212 3037 et
1227 2985 1339 3055 igni

316 3079 365 3120 et
387 3069 531 3121 ferm
564 3081 723 3120 acuto
748 3067 1045 3119 communis
1072 3075 1151 3116 est
1169 3103 1185 3130 ,
1215 3064 1341 3117 hinc

315 3147 483 3200 aciem
538 3145 607 3198 de
661 3157 887 3220 utroque
936 3143 1042 3197 dici
1089 3142 1335 3195 arbitror.

314 3225 447 3279 Hinc
465 3224 697 3296 Virgilio
722 3227 853 3275 acies
878 3226 1121 3274 Vulcania
1148 3220 1342 3274 dicitur

311 3307 429 3358 ΕΒ.
451 3306 503 3358 Χ
518 3346 533 3372 ,
571 3305 676 3369 408
694 3345 709 3370 ,
733 3312 784 3355 et
805 3306 1009 3355 siderea
1034 3304 1163 3352 acies
1196 3300 1341 3371 apud

310 3385 503 3438 Claud.
520 3386 683 3438 Cous.
704 3383 866 3436 Proh.
885 3399 1043 3434 versu
1063 3381 1147 3434 23.
1166 3380 1343 3434 Possis

307 3477 487 3518 tamen
515 3477 565 3517 et
586 3464 689 3516 hoc
710 3462 829 3514 loco
843 3463 1036 3530 sacient
1058 3461 1247 3532 legere.
1269 3487 1339 3500 ——

306 3551 606 3612 Dur-amque
644 3546 811 3594 tenaci
839 3548 987 3609 Septa
1002 3543 1117 3612 fide
1128 3579 1147 3601 ‚
1190 3539 1247 3594 h.
1286 3559 1334 3592 e.

304 3623 503 3678 durare
540 3623 743 3676 faciens
766 3631 817 3674 et
840 3637 1183 3692 permanere,
1222 3636 1339 3689 quae

299 3703 443 3756 intua
482 3703 735 3756 conclusa
766 3711 925 3753 tenet.
962 3699 1181 3752 Veteres
1216 3696 1336 3751 cdd.

300 3783 486 3856 legunt
507 3786 789 3849 duramque
812 3783 990 3830 tenaci.

368 3872 496 3933 407.
524 3868 689 3913 Tanta
716 3875 791 3910 est
815 3861 889 3909 illi
902 3861 1151 3925 patientia
1166 3861 1301 3908 victo
1316 3896 1334 3918 ‚

296 3959 403 3996 tam
440 3943 542 3995 diu
568 3941 805 3993 aufferre
836 3949 889 3990 et
913 3937 1136 3990 retinere
1162 3938 1337 4008 ignem

292 4033 465 4094 potest
504 4018 767 4092 liquidus,
790 4017 1007 4069 Veteres
1044 4015 1335 4070 mendose:

296 4131 321 4150 ι
345 4115 529 4156 tutum
553 4111 633 4152 est
654 4097 733 4152 illi
756 4095 1008 4168 patientia
1029 4095 1171 4149 victo
1194 4119 1215 4142 ι
1234 4135 1247 4146 .

1434 1715 1756 1768 contrarium
1798 1715 1974 1768 sensui
2017 1723 2184 1786 poeto
2218 1724 2314 1764 est.
2361 1711 2461 1764 nic

1430 1797 1570 1847 enim
1592 1794 1724 1848 dixit
1741 1807 1893 1848 antea
1908 1835 1924 1860 ‚
1943 1792 2174 1865 lapidem
2196 1806 2317 1844 eum
2338 1789 2460 1842 diu·

1432 1874 1634 1929 tissime
1670 1876 1848 1946 ignem
1867 1913 1882 1937 ‚
1919 1891 2078 1944 quem
2125 1871 2288 1924 semel
2327 1869 2458 1922 hau·

1433 1955 1558 2007 serit
1577 1995 1592 2020 ,
1623 1973 1864 2018 servare,
1895 1953 2124 2024 ideoque
2149 1949 2360 2002 mollem
2403 1949 2460 2000 li·

1432 2032 1762 2104 quidamque
1801 2051 2027 2086 manere.
2063 2033 2236 2085 Nunc·
2267 2028 2418 2084 addit
2439 2067 2455 2092 ,

1432 2111 1560 2166 hinc
1579 2131 1697 2166 eum
1717 2113 1814 2166 vix
1831 2129 2066 2185 unquam
2086 2151 2100 2176 ,
2122 2109 2178 2163 id
2201 2122 2278 2164 est
2291 2147 2308 2174 ,
2335 2127 2453 2162 sero

1431 2191 1722 2246 admodum
1780 2195 1940 2244 redire
1985 2195 2035 2242 in
2085 2194 2238 2252 vires,
2293 2201 2453 2261 atque

1430 2276 1590 2342 ignem
1619 2281 1860 2333 evomere,
1892 2271 1998 2325 hoc
2027 2283 2136 2336 est,
2173 2287 2290 2323 sero
2313 2268 2453 2322 reci·

1428 2371 1558 2424 pere
1583 2350 1830 2404 duritiem
1852 2390 1868 2416 ‚
1897 2369 2016 2424 qun
2044 2351 2242 2404 scilicet
2275 2347 2412 2402 redit
2435 2388 2451 2415 ,

1430 2431 1522 2484 uhi
1565 2432 1738 2504 ignem
1787 2431 2066 2484 dimiserit.
2112 2429 2454 2482 Manifestum

1428 2524 1508 2565 est
1543 2515 1676 2563 vim
1715 2511 1922 2566 auctori
1961 2529 2076 2564 esse
2094 2545 2110 2572 ,
2142 2507 2293 2582 quod
2326 2521 2448 2562 ante

1427 2595 1621 2641 anianus
1658 2605 1714 2643 ct
1751 2594 1902 2642 robur
1933 2589 2123 2662 lapidis
2155 2589 2452 2661 appellave·
2494 2589 2498 2594 ’

1428 2683 1516 2722 rat
1532 2706 1547 2732 ,
1571 2685 1690 2740 quoe
1715 2681 1774 2722 ut
1799 2671 2084 2736 extorqueri
2096 2669 2180 2720 vel
2201 2671 2314 2736 cogi
2327 2668 2452 2738 igue

1430 2748 1561 2801 dixit
1583 2767 1634 2801 v.
1657 2755 1756 2812 40²
1777 2760 1829 2800 et
1853 2751 1955 2811 404
1980 2788 1996 2812 ,
2017 2748 2092 2800 sic
2123 2765 2187 2799 eo
2213 2757 2451 2800 cessante

1429 2845 1578 2880 nunc
1594 2832 1755 2879 redire
1777 2840 1829 2882 et
1851 2827 2093 2898 reparari
2115 2827 2365 2879 affirmat.

1501 2915 1624 2975 409.
1644 2907 1909 2978 Pleraeque
1936 2918 2137 2958 veteres
2158 2905 2340 2975 legunt
2362 2909 2448 2956 sei-

1416 3001 1604 3054 patnr,
1661 2997 1906 3057 praterea
1962 2987 2160 3036 tardam
2211 2983 2412 3036 habent
2432 3021 2448 3046 ,

1426 3065 1544 3118 alim
1572 3069 1808 3128 tardans,
1839 3065 1954 3118 alie
1982 3067 2131 3116 tarda
2159 3076 2217 3116 ut
2242 3064 2376 3118 Ven.
2401 3077 2454 3118 et

1427 3143 1601 3214 Lugd.
1629 3142 1776 3214 quod
1819 3154 2078 3214 sequutus
2099 3157 2181 3196 est
2215 3143 2453 3216 Scaliger

1426 3241 1489 3274 ac
1507 3221 1773 3275 Gorallus.
1798 3221 1904 3275 sed
1925 3221 2018 3274 MS
2039 3221 2259 3277 Helmst.
2287 3229 2445 3285 tanda

1426 3300 1575 3372 quod
1597 3322 1696 3373 ego
1713 3313 1916 3355 rectum
1937 3313 2088 3373 puto.
2109 3304 2248 3355 Nam
2265 3341 2282 3367 ,
2303 3304 2450 3375 quod

1426 3392 1678 3452 sequente
1697 3399 1856 3434 versu
1878 3387 1940 3444 41
1955 3399 1976 3432 1
2002 3381 2127 3434 dicit
2141 3385 2290 3452 pigre
2315 3401 2454 3436 acce»

1418 3476 1542 3530 pta,
1571 3479 1740 3532 quum
1783 3461 1889 3513 huc
1927 3479 1982 3513 se
2025 3463 2250 3524 referat,
2273 3474 2449 3532 patet,

1424 3539 1518 3593 hic
1547 3541 1702 3594 etiam
1729 3539 1982 3593 adverbio
2003 3545 2148 3592 tarde
2165 3559 2318 3593 unum
2337 3559 2450 3594 esse

1427 3630 1694 3672 auctorem
1710 3657 1727 3686 ‚
1751 3631 1810 3672 ut
1847 3619 1920 3672 ibi
1948 3623 2109 3687 pigre.
2133 3623 2352 3686 Stipatus
2373 3632 2452 3672 est

1426 3697 1776 3752 condensatus
1796 3738 1811 3765 ,
1855 3710 1914 3751 ut
1954 3699 2169 3752 Lucret.
2206 3700 2290 3764 Π,
2345 3701 2414 3750 66
2435 3717 2450 3751 :

1428 3802 1451 3824 α
1474 3778 1614 3830 Nam
1657 3789 1800 3831 certe
1845 3795 1956 3829 non
1995 3777 2130 3829 inter
2161 3795 2220 3830 ee
2259 3776 2448 3848 stipata

1424 3857 1655 3910 cohoeret
1673 3857 1920 3910 Materies
1940 3881 1986 3906 ι.

1498 3943 1562 4000 41
1575 3955 1617 3990 ι.
1639 3937 1840 3990 Omnes
1865 3935 1986 3986 libri
2017 3933 2124 3986 mei
2157 3934 2342 4004 legunt
2363 3955 2446 3988 ac-

1427 4033 1570 4084 cepta
1595 4019 1796 4068 remittit
1809 4013 1987 4076 nitide
2007 4015 2188 4066 nescio
2215 4031 2310 4067 cm·
2335 4014 2446 4066 Go-

1426 4095 1590 4148 rallus
1607 4096 1824 4146 admissa
1854 4092 1943 4146 hic
1960 4093 2230 4165 repetierit
2249 4111 2282 4145 e
2296 4110 2454 4147 versu
