2975 4684
499 337 639 410 506
1219 345 1353 412 DE
1417 346 1902 415 PETRONII

500 472 734 536 tablina
752 520 770 553 ,
805 473 1094 560 porticus
1131 473 1410 564 integras
1446 475 1715 560 picturis
1732 522 1749 555 ,
1786 493 2031 540 veteres
2070 476 2366 542 historias
2406 482 2505 544 vel
2536 485 2625 544 fa-

498 577 681 642 bulas
713 578 1174 660 referentibus,
1205 579 1559 660 instruere,
1596 601 1879 666 quorum
1906 597 2279 669 argumenta
2298 585 2619 674 praecipue

499 709 536 748 e
571 700 910 772 poetarum
945 685 1350 773 principum,
1387 687 1657 751 Homeri
1690 702 1802 750 aut
1836 687 2117 776 Virgilii,
2151 691 2457 777 operibus
2498 715 2616 779 pe—

500 789 820 854 tebantur.
869 790 1058 878 Apud
1118 792 1537 872 Petronium,
1584 815 1721 881 cap.
1772 815 1892 879 29,
1948 796 2301 880 intmogat
2350 796 2615 882 quidam

497 897 826 958 atriensem
841 943 860 974 ,
895 918 1055 984 qaas
1107 899 1174 958 in
1217 897 1424 960 media
1449 899 1704 986 porticu
1725 901 2011 986 picturas
2046 898 2321 964 habeam
2338 903 2376 962 Ρ
2402 900 2619 965 Iliada

497 1015 560 1064 et
605 1000 946 1085 Odyssean:
963 1051 982 1082 ,
1037 1003 1258 1090 inquit.
1304 1003 1389 1066 Et
1419 1002 1721 1092 Virgilius
1736 1051 1755 1084 ,
1800 1005 1969 1068 forte
2009 1020 2084 1067 ut
2124 1025 2373 1068 morem
2418 1007 2615 1070 istum

497 1107 942 1176 Romanorum
992 1132 1115 1173 suo
1161 1109 1446 1174 carmine
1492 1111 1869 1191 illustraret,
1920 1110 2107 1200 fingit
2136 1111 2521 1200 Carthagine
2547 1113 2611 1174 in

497 1213 740 1301 templo
793 1235 1041 1304 pugnas
1085 1215 1306 1280 Iliacas
1342 1214 1660 1280 artificum
1694 1239 1892 1304 opere
1924 1237 2251 1305 expressas
2280 1217 2365 1280 ab
2406 1216 2617 1282 AEnea

497 1320 820 1407 conspici,
877 1320 1032 1385 AEn.
1083 1321 1196 1386 lib.
1231 1323 1293 1403 1,
1332 1321 1460 1399 455
1520 1345 1700 1410 seqq.
1760 1323 1970 1386 Poetae
2018 1323 2309 1388 solebant
2350 1323 2616 1410 picturis

497 1424 860 1488 fabularum
895 1424 1110 1490 brevia
1151 1427 1432 1490 carmina
1466 1426 1909 1508 subscribere,
1944 1451 2087 1515 quae
2118 1427 2518 1492 ambulantes
2548 1429 2615 1490 in

497 1531 756 1616 porticu
787 1532 979 1596 otiosi
1017 1533 1406 1620 relegerent,
1445 1548 1513 1595 et
1563 1553 1706 1620 quoe
1752 1533 2133 1597 celebriores
2179 1534 2619 1622 gratioresque

497 1637 732 1701 tabule
771 1653 952 1701 erant
971 1685 988 1718 ,
1041 1639 1272 1702 crebro
1323 1653 1647 1726 usurpate
1690 1639 1953 1720 oculiS,-
1972 1640 2231 1728 ingenia
2280 1655 2615 1727 poetarum

450 1761 457 1766 ·
498 1743 890 1824 excitabant,
925 1759 1002 1807 ut
1019 1760 1562 1832 argumentum.et
1582 1745 1849 1832 gratiam
1880 1745 2107 1808 fabulae
2126 1745 2427 1832 epictura
2451 1745 2618 1808 hau-

497 1865 660 1912 stam
699 1848 975 1913 subinde
999 1850 1310 1938 ampliore
1341 1851 1626 1914 carmine
1650 1851 2102 1938 exprimerent.
2134 1849 2620 1914 Inde-dubitan-

499 1953 658 2018 dum
680 1978 816 2020 non
835 1973 932 2020 est
952 1957 1292 2020 maximam
1313 1971 1561 2045 partem
1578 1956 2115 2045 epigrammatum
2132 1971 2199 2018 et
2222 1954 2619 2040 carminuml,

497 2085 642 2148 quae
677 2063 742 2125 in
785 2063 1024 2128 Graecis
1061 2062 1438 2150 Latinisque
1467 2078 1807 2149 poetarum
1843 2061 2247 2150 Anthologiis
2288 2062 2620 2148 leguntur,

500 2189 636 2231 esse
667 2170 1036 2233 collectam:
1063 2169 1218 2232 inde
1250 2169 1675 2233 Philostratus
1712 2169 1945 2232 leones
1975 2191 2121 2232 suas
2162 2165 2480 2231 adductus
2520 2181 2623 2228 est

499 2295 925 2361 componere,
957 2276 1300 2339 nonnullas
1331 2275 1523 2338 etiam
1552 2273 1941 2338 Claudianus
1970 2290 2034 2338 et
2060 2272 2383 2338 Ausonius
2408 2287 2622 2359 poetae

499 2377 1012 2466 descripserunt3
1065 2397 1160 2460 et,
1215 2381 1268 2444 si
1323 2381 1581 2444 Servius
1636 2378 1717 2442 ad
1766 2377 1917 2442 AEn.
1974 2380 2064 2460 X,
2106 2400 2261 2466 272,
2297 2394 2619 2441 memorat

501 2483 820 2548 Avienum
835 2483 1082 2573 Virgilii
1115 2485 1358 2549 fabulas
1397 2485 1629 2550 iambis
1664 2484 2023 2570 scripsisse,
2056 2483 2234 2548 haud
2270 2482 2472 2548 dubie
2508 2481 2617 2544 in·

497 2588 837 2677 telligenda
867 2606 1022 2653 sunt
1049 2590 1391 2678 singularia
1416 2591 1697 2654 carmina
1716 2637 1734 2670 ,
1764 2589 2001 2676 quibus
2030 2589 2312 2653 Avienus
2332 2588 2619 2675 particu-

498 2696 588 2759 las
615 2693 940 2776 AEneidis,
977 2694 1266 2782 episodia
1293 2711 1358 2758 et
1389 2695 1635 2758 fabulas
1674 2693 1825 2757 inde
1854 2693 2216 2781 decerptas,-
2254 2709 2321 2757 et
2346 2693 2621 2756 fortasse

499 2801 766 2890 picturis
816 2801 1054 2865 alicubi
1101 2823 1463 2888 expressaS,
1520 2801 1848 2888 exposuit,
1906 2800 2135 2863 iambis
2182 2798 2446 2887 quidem
2466 2847 2485 2878 ,
2532 2821 2619 2860 ne

499 2906 926 2996 ipsosVirgilii
942 2929 1162 2970 versus
1183 2905 1541 2970 exscribere
1554 2905 1900 2970 videretur.
1924 2905 2133 2985 Hujus
2151 2905 2401 2993 generis
2422 2905 2617 2968 etiam

499 3031 598 3078 est
634 3014 845 3103 Trojae
878 3013 1130 3078 Halosis
1144 3059 1166 3090 ,
1213 3035 1250 3074 a
1282 3011 1591 3076 Petronio
1625 3011 1857 3074 iambis
1900 3010 2246 3098 descripta,
2280 3026 2347 3074 et
2382 3009 2620 3076 tabulae

497 3135 951 3208 argumentum
981 3139 1343 3206 exponens,
1377 3115 1558 3204 quod
1601 3131 1815 3180 totum
1848 3115 2141 3204 eVirgilii
2172 3115 2339 3180 libro
2366 3115 2431 3178 11
2462 3114 2619 3180 AEn.

499 3247 870 3312 expressum
905 3240 1058 3288 erat.
1101 3224 1353 3310 Nempe
1381 3221 1679 3285 machina
1708 3219 2035 3309 capiendas
2070 3243 2107 3284 a
2144 3220 2381 3285 Graecis
2408 3220 2622 3300 Trojae

499 3327 916 3410 memoratur,
968 3349 1176 3416 equus
1213 3348 1483 3416 magnus
1516 3323 1896 3405 aedificatus,
1944 3341 2009 3388 et
2058 3324 2129 3387 in
2184 3346 2263 3387 eo
2316 3323 2619 3386 occultati

499 3435 706 3499 Graeci
730 3435 1028 3498 :Sinonis
1063 3435 1438 3498 referuntur
1463 3430 1795 3496 mendacia
1820 3445 1887 3494 et
1912 3428 2161 3494 insidiae
2179 3477 2198 3512 ,
2230 3429 2621 3492 Laocoontis

497 3542 565 3605 in
601 3563 844 3630 equum
877 3541 1164 3620 conjecta
1197 3540 1409 3620 hasta,
1453 3535 1877 3623 ejusdemque
1914 3552 1982 3600 et
2011 3535 2297 3600 duorum
2334 3531 2619 3597 filiorum

497 3671 535 3711 a
551 3647 812 3713 duobus
831 3647 1154 3737 ang-uibus
1171 3661 1553 3710 enectorum
1572 3644 1754 3708 triste
1776 3645 1981 3707 fatum
2008 3665 2025 3705 :
2050 3639 2332 3727 denique
2352 3662 2392 3702 a
2408 3638 2621 3703 Graiis

497 3776 670 3841 equo
693 3753 914 3817 effusis
942 3768 1126 3841 capta
1157 3751 1313 3814 urbs
1348 3767 1416 3813 et
1446 3751 1739 3829 incensa,
1774 3765 1841 3812 et
1864 3746 2165 3811 trucidati
2186 3744 2447 3824 'Pi-ojani
2474 3765 2621 3806 nar-

495 3875 742 3923 rantur.
779 3860 934 3939 Ejus
954 3857 1268 3947 poematis
1284 3856 1480 3920 iidem
1502 3855 1781 3920 editores
1800 3869 1867 3918 et
1889 3855 2270 3939 interpretes
2294 3847 2620 3914 nominari

497 3982 806 4048 possunt,
849 3965 962 4050 qui
995 3965 1194 4050 ipsius
1231 3962 1502 4050 Satyrici
1534 3959 1841 4025 Petronii.
1871 3957 2205 4046 sigillatim
2240 3973 2453 4020 tamen
2500 3951 2619 4016 de·

495 4068 753 4153 scripsit
770 4084 836 4131 et
855 4071 1324 4134 Catalectorum
1345 4069 1484 4132 Vet.
1516 4067 1695 4130 Poet.
1716 4065 1883 4129 libro
1903 4065 1996 4144 11,
2032 4086 2097 4151 p.
2122 4067 2247 4149 249
2273 4058 2623 4148 proposuit
