2975 4684
430 363 577 450 456
1171 371 1303 440 DE
1365 368 1821 440 EPITOME

431 470 884 587 insipientium¹
909 499 1242 568 erroribus
1276 516 1343 564 et
1367 497 1977 590 interpolationibus
2004 497 2239 563 misere
2263 497 2567 588 deturpa-

435 621 610 686 tum;
655 620 721 668 et
762 619 1104 693 postquam
1137 606 1432 670 meliores
1466 607 1665 671 literae
1682 653 1700 687 ,
1732 604 1967 691 aliique
2002 603 2344 692 scriptores
2390 627 2568 694 egre·

434 711 559 798 gii,
600 733 727 800 ope
779 712 1219 802 typographioe
1232 762 1252 794 ,
1305 713 1541 802 passim
1568 711 1815 800 vulgari
1844 725 2170 798 coeperant
2183 757 2205 790 ,
2238 710 2365 775 hoc
2395 735 2567 800 opus

435 833 662 881 contra
712 818 1000 882 obsitum
1045 819 1348 884 sordibus
1393 819 1615 884 eviluit
1630 867 1647 900 ,
1685 839 2086 908 prorsusque
2109 818 2313 899 jacuit
2344 817 2567 907 negle-

435 938 648 1016 ctum:
683 923 922 1012 quippe
959 925 1258 1013 proximo
1285 949 1321 989 a
1353 925 1591 988 renatis
1621 925 1819 988 literis
1847 923 2082 988 saeculo
2098 952 2127 1004 ,·
2144 923 2251 987 vix
2280 939 2380 987 ter
2402 947 2567 1012 qua-

436 1047 614 1093 terve
666 1029 836 1116 typis
872 1029 1262 1117 exscriptum
1295 1029 1634 1111 novimus,
1670 1051 1885 1116 neque
1923 1027 2006 1092 ab
2042 1027 2261 1116 aliquo
2314 1027 2567 1092 editore

431 1153 567 1200 tam
593 1133 874 1222 benigne
899 1133 1227 1216 habitum,
1255 1153 1332 1199 ut
1352 1134 1434 1199 ab
1467 1136 1782 1199 immensa
1814 1132 2207 1197 mendorum
2234 1126 2297 1196 v⁰i
2332 1133 2569 1197 libera-

431 1257 630 1304 retur.
651 1239 806 1304 Post
826 1241 859 1304 J
861 1262 923 1302 0.
951 1240 1376 1328 Spondanum
1397 1288 1415 1322 ,
1455 1241 1569 1329 qui
1592 1240 1762 1306 hanc
1782 1239 2133 1328 Epitomen
2153 1261 2306 1304 cum
2328 1240 2568 1304 Darete
2620 1251 2627 1254 ’

438 1343 726 1433 Phrygio
770 1345 942 1408 inter
967 1367 1164 1434 opera
1183 1347 1484 1428 Homeri,
1518 1345 1819 1432 repetita,
1854 1344 2001 1425 sed,
2040 1360 2359 1432 quantum
2382 1344 2569 1433 equi·

437 1450 586 1515 dem
617 1450 786 1530 scio,
816 1473 954 1512 non
983 1449 1229 1514 diversa
1263 1449 1579 1532 editione,
1618 1451 1908 1532 Basileae,
1942 1473 2047 1514 an.
2089 1449 2253 1515 1583
2282 1466 2348 1514 et
2400 1451 2571 1516 1606

435 1553 698 1643 prodire
722 1554 952 1637 jussit,
985 1577 1177 1618 nemo
1210 1571 1388 1620 tanto
1421 1556 1759 1621 intervallo
1783 1555 1867 1619 ad
1901 1571 2121 1619 nostra
2150 1577 2359 1642 usque
2396 1572 2568 1619 tem-

435 1682 592 1748 pora
623 1676 915 1750 repertus
947 1675 1076 1742 est,
1111 1661 1220 1748 qui
1246 1683 1424 1744 eam,
1459 1684 1594 1725 non
1628 1659 1838 1725 dicam
1872 1659 2216 1725 emendare
2244 1676 2308 1724 et
2334 1683 2573 1748 perpo-

439 1767 587 1842 lire‚
621 1765 734 1830 sed
773 1790 849 1830 ex
899 1768 1189 1856 antiquis
1218 1769 1692 1858 exemplaribus
1726 1766 2028 1848 reddere,
2077 1767 2410 1856 magisque
2438 1767 2568 1830 fre—

447 1887 764 1958 quentare
805 1873 978 1936 inter
1023 1871 1314 1943 eruditos
1369 1865 1653 1962 cuperet.
1700 1873 1931 1960 Neque
1968 1895 2129 1936 vero
2175 1871 2411 1960 dignus
2460 1871 2574 1934 hic

437 1979 711 2066 scriptor
741 1994 873 2040 tam
907 1979 1130 2065 iniqua
1169 1980 1433 2042 fortuna
1468 1979 1622 2060 fuit,
1661 1996 1726 2042 et
1772 1978 2072 2042 nonnulli
2118 1976 2527 2041 eruditorum
2549 2025 2568 2056 ,

393 2163 398 2168 .
445 2083 780 2170 ingenium
813 2098 878 2147 et
909 2082 1289 2173 elegantiam
1323 2083 1460 2164 ejus
1492 2099 1949 2172 agnoscentes,
1995 2105 2129 2146 non
2160 2081 2575 2146 mediocriter

445 2187 825 2269 laudarunt;
863 2189 933 2252 in
969 2190 1210 2278 quibus
1252 2188 1514 2278 quidem
1546 2189 1927 2254 Laurentius
1950 2189 2127 2252 Valla
2156 2188 2375 2277 inepte
2416 2210 2573 2251 eum

445 2293 568 2382 ipsi
589 2293 860 2382 Virgilio
887 2294 1228 2358 antetulit:
1277 2294 1393 2360 sed
1424 2297 1747 2383 praecipue
1790 2295 1974 2382 Casp.
2012 2293 2311 2358 Bal-thius
2355 2294 2423 2386 in
2445 2293 2579 2357 Ad-

446 2398 740 2462 versariis
759 2447 776 2478 ,
811 2399 1422 2488 commentariisque
1457 2398 1540 2464 ad
1582 2401 1890 2482 Statium,
1924 2398 2288 2463 emendavit
2336 2399 2573 2487 passim

444 2519 508 2565 et
540 2503 870 2590 exquisitis
904 2505 1158 2568 ornavit
1189 2506 1431 2594 elogiis.
1465 2489 1632 2569 'Post
1660 2529 1811 2569 eum
1841 2505 2028 2594 pauci
2062 2503 2419 2568 admodum
2466 2525 2575 2568 re-

440 2609 604 2694 perti
629 2624 813 2690 sunt,
841 2609 955 2697 qui
981 2611 1391 2700 attingerent.
1417 2613 1651 2676 Nostra
1682 2610 1946 2675 demum
1972 2627 2155 2675 aetate
2185 2611 2573 2675 Batavorum

375 2791 378 2794 ἦ
443 2713 849 2783 eruditorum
887 2714 1176 2779 studium
1213 2717 1276 2778 in
1329 2718 1511 2782 hunc
1541 2735 1801 2807 poetam
1851 2739 2238 2786 conversum
2278 2732 2410 2798 est,
2458 2715 2574 2803 qui

444 2818 630 2883 editis
658 2819 1184 2894 observationum
1213 2822 1581 2886 criticarum
1605 2823 1784 2886 libris
1804 2825 2051 2890 multos,
2066 2823 2207 2902 ejus
2232 2824 2413 2894 locos
2440 2845 2581 2887 cor-

443 2925 647 3016 rigere
663 2973 684 3016 ,
709 2941 774 2988 ct
791 2948 911 2990 sue
940 2926 1139 2990 nitori
1157 2927 1496 2991 restituere
1517 2926 1725 2992 adnisi
1749 2943 1935 3009 sunt3
1964 2927 2045 2991 de
2070 2950 2353 3022 quorum
2378 2950 2586 3018 opere,

446 3027 750 3117 deinceps
795 3031 1153 3095 accuratius
1198 3030 1609 3095 disseremus.
1654 3031 1819 3096 Sane
1857 3055 2086 3120 poema
2118 3032 2280 3096 illud
2330 3048 2577 3102 attente

325 3167 342 3185 ι
451 3133 812 3224 legentibus
839 3154 1105 3225 apparet
1138 3151 1364 3199 auctor
1389 3137 1568 3200 bono
1598 3138 1860 3226 ingenio
1888 3155 1954 3201 et
1976 3137 2224 3218 judicio
2245 3138 2579 3226 praedituS,

444 3261 479 3300 a
505 3231 674 3302 vitiis
697 3241 1086 3332 scriptorum
1117 3241 1434 3329 sequioris
1463 3243 1621 3324 aevi,
1652 3257 1727 3307 ut
1748 3265 1784 3306 a
1817 3259 2075 3308 tumore
2104 3259 2171 3306 et
2194 3245 2582 3322 acuminum,

443 3343 852 3408 affectatione
871 3392 889 3426 ,
928 3347 1206 3428 alienus,
1247 3348 1567 3411 sermonis
1601 3371 1757 3418 vero
1798 3349 2012 3418 Latini
2039 3351 2327 3420 castitate
2356 3368 2421 3417 et
2447 3353 2579 3416 ele-

443 3449 650 3537 gantia
671 3495 689 3529 ,
741 3460 882 3541 tum
936 3451 1296 3532 imitatione
1331 3455 1765 3528 vetustiorum
1815 3471 2158 3546 poetarum
2204 3457 2355 3522 satis
2408 3457 2577 3522 felici

447 3553 812 3632 laudabilis.
865 3555 1225 3632 Homerum
1277 3559 1366 3623 ita
1422 3561 1742 3624 convertit
1796 3576 1864 3630 et
1908 3563 2268 3644 contrahit,
2328 3578 2402 3626 ut
2452 3563 2575 3628 sihi

450 3660 649 3722 multa
700 3659 1022 3748 relinquat
1066 3661 1299 3745 libera,
1339 3685 1557 3752 neque
1594 3664 1768 3729 aliud
1805 3667 1937 3740 fere
1984 3690 2063 3731 ex
2103 3667 2333 3750 Iliade,
2378 3691 2575 3756 quam

447 3765 686 3828 nudam
727 3767 1048 3842 factorum
1074 3769 1339 3850 seriem,
1369 3787 1603 3853 sumat,
1638 3788 1895 3853 caetera‚
1934 3797 2079 3861 quae
2109 3774 2191 3837 ad
2223 3797 2441 3840 rerum
2465 3774 2577 3839 de-

455 3870 876 3957 scriptionem
908 3873 1527 3963 exornationemque
1550 3879 1909 3966 pertinent,
1953 3881 2055 3944 vel
2099 3903 2221 3945 suo
2245 3881 2448 3969 ipsius
2475 3881 2576 3946 in-

445 3975 645 4058 genio
682 3973 912 4064 fingat,
950 3977 1050 4040 vel
1088 3979 1419 4048 sententiis
1437 3975 1925 4070 ‘phrasibusque
1956 3985 2331 4073 principum
2351 4001 2576 4071 poeta-

441 4095 588 4137 rum
647 4079 1095 4146 Romanorum
1131 4083 1376 4169 Virgilii
1431 4100 1497 4147 et
1550 4085 1808 4167 Ovidii,
1861 4075 2344 4170 accommodem
2388 4088 2565 4177 quod
