2975 4684
619 386 1124 455 EPITOMES
1183 385 1589 453 HOMERI
1653 385 2229 471 EDITIONES.
2346 381 2485 455 505

539 539 622 579 na
669 514 986 595 editione,
1021 514 1304 579 reddidit
1337 515 1627 578 Albanus
1680 513 1999 595 Torinus,
2055 530 2205 602 post
2233 516 2487 579 Daretis

542 621 804 709 Phrygii
835 642 1068 709 poema
1091 619 1172 683 de
1203 620 1376 684 bello
1406 621 1689 700 Trojano
1706 666 1724 699 ,
1758 620 2031 706 ejusque
2067 620 2307 685 librum
2334 644 2489 709 pro-

543 728 786 791 saicum
835 726 916 790 de
948 726 1198 791 excidio
1233 726 1440 805 Trojae
1455 775 1474 807 ‚
1512 724 1757 804 adjecta
1792 726 1981 789 etiam
2029 726 2169 791 Nic.
2194 727 2389 791 Vallae
2427 744 2491 791 et

539 832 724 896 Vinc.
760 832 1058 920 Obsopoei
1089 832 1289 897 Iliade
1331 832 1599 895 Homeri
1638 832 1838 895 latino
1883 832 2167 897 carmine
2198 831 2441 897 reddita
2465 881 2483 914 ‚

538 937 724 1000 Basil.
767 935 924 1015 1541
949 986 967 1018 ‚
1011 936 1180 1001 sun-8.

416 1066 440 1104 ι
459 1064 512 1105 1.
560 1042 800 1107 Eadem
833 1043 1252 1131 inscriptione
1285 1058 1433 1131 post
1454 1042 1721 1108 Iliadem
1759 1044 2027 1107 Homeri
2046 1090 2065 1125 ‚
2098 1043 2391 1107 versione
2420 1058 2485 1107 et

539 1148 1004 1213 commentario
1049 1149 1428 1213 illustratam
1446 1195 1465 1230 ,
1511 1171 1661 1213 cum
1703 1148 1957 1212 Daretis
2001 1148 2266 1237 Phrygii
2310 1148 2489 1212 libris

540 1252 633 1315 VI
665 1251 748 1316 de
781 1254 952 1317 bello
983 1254 1262 1335 Trojano
1283 1302 1300 1334 ‚
1333 1252 1541 1317 edidit
1560 1255 1660 1318 10.
1692 1252 2083 1341 Spondanus
2106 1252 2288 1317 Basil.
2322 1251 2487 1318 1583

538 1374 604 1421 et
641 1358 842 1437 1606,
872 1358 986 1422 fol.
1023 1359 1144 1423 Hic
1185 1358 1349 1421 nihil
1383 1358 1594 1441 aliud,
1630 1380 1823 1446 quam
1879 1359 2203 1447 exemplar
2252 1358 2483 1422 Torini

539 1462 838 1527 reddidit.

413 1590 512 1631 12.
561 1570 641 1632 In
669 1568 962 1656 Corpore
994 1570 1338 1633 Poetarum
1370 1592 1409 1631 a
1443 1568 1641 1631 Mich.
1670 1568 1993 1633 Maittario
2030 1568 2381 1649 adornato,
2412 1584 2490 1631 ut

535 1674 605 1737 in
637 1674 803 1754 aliis,
863 1672 1044 1761 quod
1100 1675 1424 1763 suspicor,
1457 1674 1779 1753 ejusmodi
1827 1675 2317 1739 collectionibus
2349 1674 2487 1737 haec

537 1778 840 1865 Epitome
887 1780 1153 1843 Homeri
1189 1776 1328 1843 non
1366 1796 1717 1868 comparet.
1757 1779 1885 1843 Sed
1932 1780 2371 1843 recentissima
2422 1796 2489 1843 et

536 1885 1034 1973 locupletissima
1062 1883 1358 1949 collectio
1389 1885 1773 1949 Pisaumnsis
1794 1887 2077 1949 omnium
2096 1899 2483 1973 poematum,

536 1992 915 2070 carminum,
929 1988 1452 2078 fragmentorum
1485 1990 1829 2055 lamonem
1870 1989 1937 2053 id
1973 2012 2205 2078 poema
2240 1990 2363 2054 sub
2400 1990 2484 2053 ti-

539 2097 676 2159 tulo
713 2094 988 2159 Pindari
1019 2096 1304 2159 Thebani
1331 2098 1617 2184 Epitome
1638 2120 1717 2159 ac
1744 2097 2001 2161 Summa
2022 2100 2311 2160 universa
2340 2096 2491 2160 Ilia·

535 2201 650 2265 dos
673 2201 933 2265 Homeri
949 2203 1168 2265 retulit
1186 2218 1366 2266 tomo
1395 2204 1512 2283 1V,
1543 2204 1655 2289 qui
1682 2204 1975 2267 ethnicos
1992 2219 2212 2289 poetas
2227 2251 2245 2283 ‚
2278 2204 2485 2267 mino-

539 2328 638 2369 res
671 2324 736 2371 et
761 2307 1095 2388 minimos,
1127 2329 1278 2371 cum
1307 2306 1701 2371 carminibus
1731 2308 2127 2373 incertorum
2154 2309 2483 2389 continet,

538 2428 604 2475 et
633 2412 885 2477 Pisauri
917 2435 1020 2475 an.
1058 2412 1246 2499 1766,
1279 2412 1427 2489 ἰπὶ-4
1445 2460 1464 2495 ,
1489 2412 1766 2501 prodiit,
1791 2436 1933 2502 pag.
1958 2416 2105 2478 216.
2131 2415 2373 2479 Textus
2404 2414 2485 2478 ab
2522 2410 2527 2418 ’

538 2516 786 2581 editore
817 2540 896 2582 ex
923 2520 1219 2606 exemplo
1247 2519 1587 2583 Basileensi
1624 2519 1955 2607 Spondani
1976 2520 2339 2609 descriptus
2364 2538 2483 2585 est.

543 2622 856 2689 -Plures
892 2622 1210 2687 editiones
1248 2623 1507 2687 Pseudo
1526 2660 1557 2673 -
1581 2623 1841 2688 Pindari
1873 2625 2167 2690 Thebani
2198 2641 2489 2690 recenset

545 2730 869 2794 Harlesius
887 2779 904 2810 ,
941 2754 1002 2793 v.
1027 2730 1105 2794 cl.
1137 2731 1202 2793 in
1227 2732 1398 2795 notis
1423 2729 1507 2795 ad
1532 2730 1779 2795 Fabric.
1802 2732 2100 2797 Biblioth.
2130 2732 2242 2795 Gr.
2262 2733 2481 2811 vol.1,

535 2860 600 2923 p.
637 2838 788 2920 429.
823 2836 942 2899 En.

449 3045 762 3132 Epitomae
793 3045 1026 3110 iliados
1061 3048 1327 3110 Homeri
1355 3044 1883 3134 subjungendum
1909 3045 2129 3134 putavi
2168 3048 2441 3109 Carmen
2462 3096 2481 3129 ,

361 3174 496 3239 quo
516 3152 874 3240 Eumolpus
899 3151 978 3216 ad
999 3152 1400 3235 Petronium,
1420 3177 1478 3217 c.
1504 3154 1587 3239 89
1608 3203 1624 3230 ,
1652 3154 1861 3242 Trojae
1879 3151 2143 3216 Halosin
2170 3153 2235 3216 in
2266 3153 2483 3217 tabula

361 3256 676 3343 depictam
695 3258 982 3345 exponit.
1009 3256 1208 3339 Quod
1239 3259 1549 3345 quoniam
1584 3282 1621 3322 e
1646 3258 1928 3321 Petronii
1964 3258 2319 3338 majoribus
2350 3282 2481 3322 car-

362 3362 646 3426 minibus
678 3363 991 3443 restabat‚
1037 3380 1274 3427 nostrae
1315 3364 1677 3429 collectioni
1723 3362 2139 3427 inserendum
2162 3412 2181 3445 ,
2235 3386 2482 3450 neque,

360 3489 510 3531 cum
547 3468 834 3533 versibus
877 3469 1164 3533 iambicis
1198 3471 1635 3557 compositum
1669 3472 1787 3551 sit,
1822 3470 2163 3534 commode
2194 3470 2486 3557 superio-

364 3570 544 3635 ribus
576 3571 852 3636 heroicis
886 3573 1423 3659 interponebatur
1441 3622 1458 3654 ‚
1498 3591 1761 3661 propter
1795 3590 2252 3662 argumentum
2296 3573 2480 3638 Iliadi

361 3676 634 3757 Latinae,
671 3694 1005 3765 tamquam
1033 3677 1452 3766 appendicem
1473 3727 1493 3760 ,
1540 3679 1970 3759 adjunximus.
2006 3680 2199 3765 Apud
2220 3678 2483 3743 Veteres

359 3798 694 3867 poetarum
726 3798 922 3870 atque
955 3784 1278 3871 pictorum
1315 3806 1511 3872 opera
1550 3786 1637 3849 ita
1664 3784 2149 3875 conspirabant,
2185 3800 2258 3848 ut
2288 3800 2352 3849 et
2388 3785 2483 3873 pi-

358 3900 566 3950 ctores
625 3887 905 3952 solerent
955 3905 1334 3977 argumenta
1377 3887 1743 3953 tabularum
1778 3914 1815 3953 e
1851 3906 2191 3977 poetarum
2246 3888 2477 3954 fabulis

356 4006 603 4076 petere,
641 4008 706 4055 et
736 4009 942 4080 poetae
977 3994 1218 4058 tabulas
1251 3994 1577 4081 pictorum
1610 3995 1873 4074 adjectis
1920 3996 2317 4059 carminibus
2358 3994 2474 4059 de·

357 4094 610 4160 clarare.
671 4097 972 4184 Inprimis
1023 4120 1178 4161 vero
1237 4100 1431 4163 moris
1485 4115 1619 4163 erat
1671 4101 1927 4179 Romae,
1978 4100 2427 4187 pinacothecas
2450 4150 2469 4181 ,
