2975 4684
663 320 1093 388 CONCUB.
1140 319 1523 412 MART-IS
1578 321 1702 388 ET
1752 325 2211 396 VENERIS.

2366 327 2506 426 339

467 445 546 510 In
582 441 837 535 gremio
873 439 1144 533 Paphiae
1176 441 1539 534 spirantem
1574 441 1881 513 incendia
1916 449 2194 538 amoris;

470 556 535 623 Ο
569 575 795 619 rerum
835 549 1008 619 male
1043 564 1188 620 tuta
1223 547 1420 620 fides!
1452 575 1495 620 o
1536 551 1775 647 gaudia
1812 571 1879 625 et
1916 557 2077 652 ipsis
2432 590 2505 632 ιιι.»

467 661 602 732 Vix
644 685 876 730 secura
913 657 1104 730 Deis!
1145 661 1294 756 quis
1326 686 1494 748 non,
1525 687 1734 756 quum
1773 666 2011 761 Cypris
2046 686 2338 759 amaret,

467 771 754 844 Praeside
781 772 906 842 sub
937 786 1126 840 tanto
1161 785 1383 842 tutum
1421 788 1717 867 speraret
1755 777 2097 848 amorem?

469 883 790 953 Criminis
819 879 1196 978 exemplum
1241 882 1296 951 si
1326 882 1468 976 jam
1507 882 1591 952 de
1631 885 1907 955 numine
1946 888 2308 979 habemuS‚

466 993 654 1084 Quid
695 1008 913 1089 speret
949 991 1252 1063 mortalis
1283 993 1521 1063 amor?
1555 1017 1687 1090 qua
1716 1021 1881 1066 voce
1913 997 2221 1090 ferenda,

467 1104 674 1194 Quod
716 1129 964 1174 numen
1001 1120 1270 1201 poscat,
1304 1129 1440 1198 quo
1479 1105 1566 1174 sit
1601 1129 1873 1177 securus
1901 1108 2213 1182 adulter?
2438 1133 2510 1180 1⁴⁵

467 1217 706 1311 Cypris
738 1232 915 1286 amat
933 1271 954 1302 ‚
997 1241 1122 1287 nec
1157 1231 1302 1286 tuta
1339 1229 1597 1303 tamen3
1649 1220 2039 1313 compressit
2070 1221 2365 1293 habenas

469 1325 791 1415 Phoebus,
829 1342 896 1396 et
927 1328 1014 1397 ad
1050 1325 1238 1396 lucos
1271 1339 1533 1396 tantum
1556 1379 1577 1415 ,
1603 1343 1800 1422 puto,
1836 1327 2092 1400 lumina
2124 1335 2361 1418 vertit3

467 1439 558 1504 Et
595 1437 689 1506 sic
723 1461 938 1532 pauca
971 1436 1216 1506 refert:
1253 1465 1288 1500 α
1319 1439 1571 1532 Sparge
1602 1463 1786 1508 nunc
1820 1439 1982 1530 tela,
2014 1443 2319 1539 Cupide,

463 1549 666 1618 Nunc
701 1571 918 1631 nunc,
973 1549 1151 1618 Diva
1185 1551 1452 1638 Venus,
1502 1549 1679 1650 natis
1713 1550 2049 1622 Divumve
2083 1555 2339 1648 sagittis

367 1777 550 1830 Bunx.
583 1776 690 1830 Sed
723 1789 776 1830 et
815 1777 990 1849 accipi
1023 1777 1198 1848 effusis
1223 1787 1396 1848 potest

367 1875 466 1928 pro
483 1857 740 1924 remissis,
759 1857 843 1910 vel
865 1856 1096 1912 dimissis
1109 1896 1124 1924 ,
1143 1855 1289 1928 qnod
1310 1876 1394 1911 ac-

367 1934 548 1990 cidere
579 1935 752 2008 potnit
786 1935 1020 2003 miranti,
1043 1948 1098 1989 et
1121 1935 1392 2006 inopinata

367 2033 428 2066 re
447 2017 716 2086 perculso,
743 2028 806 2068 ut
830 2014 976 2087 apud
996 2012 1156 2068 Ovid.
1179 2015 1389 2068 Metam.

366 2093 453 2160 11,
491 2113 619 2164 που,
657 2094 726 2148 de
749 2093 1118 2147 Phaethonte:
1147 2117 1174 2138 α
1195 2091 1392 2146 Mentis
1419 2119 1426 2133 ι

368 2171 520 2246 inops
535 2215 550 2241 ,
579 2173 755 2246 gelida
782 2171 1066 2228 formidine
1095 2171 1208 2224 lora
1235 2173 1392 2225 remi-

367 2252 438 2304 sit
456 2276 498 2305 ι.
525 2255 663 2307 Nam
685 2255 952 2324 effundere
969 2251 1125 2305 'etiam
1149 2262 1228 2304 est
1244 2252 1394 2304 amit-

366 2341 479 2385 tere
492 2371 509 2398 ,
543 2331 820 2387 dimittere.
843 2331 1033 2402 virgil.
1065 2329 1258 2402 Georg.
1291 2331 1393 2398 IV,

369 2418 474 2479 49²
495 2431 512 2466 :
549 2413 666 2466 «ibi
709 2412 884 2465 omnis
915 2410 1136 2463 Effusus
1175 2410 1328 2462 labor
1343 2435 1388 2462 n.

365 2491 638 2546 luvenalis
658 2533 676 2560 ,
705 2492 786 2559 X,
808 2493 904 2562 78,
930 2489 998 2543 de
1017 2488 1216 2561 populo
1241 2489 1390 2543 Rom.

366 2571 756 2645 «jampridem,
789 2589 853 2623 ex
873 2587 984 2642 qno
1004 2567 1259 2639 suffragia
1277 2569 1396 2621 nul-

366 2651 406 2705 li
415 2653 712 2706 Vendimus
725 2691 741 2718 ,
762 2649 954 2704 effudit
973 2667 1130 2703 curas
1145 2673 1190 2702 n.

443 2739 559 2796 142.
582 2735 800 2785 Proeside
823 2734 910 2783 sub
931 2743 1086 2782 tanto.
1119 2729 1275 2781 Conf.
1293 2729 1392 2783 ini-

365 2811 499 2864 tium
541 2811 700 2886 hujus
747 2810 1022 2882 poematis.
1067 2808 1169 2861 Hic
1214 2827 1392 2862 versus

365 2890 698 2946 desideratur
721 2891 778 2943 in
802 2888 985 2944 codice
1007 2886 1158 2941 Leid.

443 2978 558 3036 144.
584 2977 695 3038 Qua
719 2989 847 3022 voce
873 2971 1122 3038 ferenda,
1152 2965 1258 3020 hoc
1282 2978 1390 3035 est,

364 3050 639 3123 quomodo
659 3050 772 3102 hac
799 3067 908 3101 vox
925 3088 941 3114 ,
975 3061 1030 3100 et
1061 3047 1166 3100 hoc
1202 3057 1389 3099 votum

367 3129 616 3184 adulterii
643 3129 769 3182 ferri
795 3131 878 3181 vel
901 3126 1166 3192 excusari,
1182 3137 1236 3178 et
1253 3143 1390 3197 quos

366 3207 504 3263 Deos
529 3209 619 3263 ille
638 3207 850 3281 precari
875 3205 1070 3278 possit,
1091 3216 1150 3256 ut
1170 3221 1388 3257 securus

365 3288 687 3344 adulterium
709 3283 1046 3340 committat?
1057 3285 1189 3339 Tale
1208 3293 1390 3335 votum

363 3368 598 3422 hominis
623 3367 750 3421 mali
777 3365 996 3438 exponit
1019 3364 1200 3417 Horat.
1223 3361 1388 3435 Epist.

368 3449 420 3512 Ι,
443 3452 540 3516 16,
577 3451 680 3500 60:
715 3472 742 3492 α
769 3445 997 3499 Pulchra
1015 3446 1286 3509 Laverna,
1310 3441 1393 3493 Da

369 3523 503 3577 mihi
559 3527 743 3580 fallere
791 3543 804 3576 :
860 3523 932 3580 da
988 3526 1134 3597 justo
1189 3533 1394 3576 sancto-

369 3623 476 3676 que
523 3601 696 3656 videri
728 3623 742 3653 z
793 3607 1018 3658 Noctem
1063 3601 1290 3675 peccatis
1343 3613 1397 3654 et

368 3681 648 3736 fraudibus
687 3682 860 3753 objice
901 3683 1098 3736 nubem
1132 3708 1173 3734 ι.
1219 3681 1396 3733 Immo

367 3781 494 3816 vero
510 3761 765 3815 adulteris
780 3761 1050 3814 Juvenalia
1068 3761 1240 3832 ipsum
1257 3761 1398 3812 Mar-

369 3843 432 3895 tis
453 3840 770 3915 deprehensi
789 3841 957 3893 fatum
969 3851 1280 3910 auguratur,
1293 3841 1394 3893 Sat.

368 3921 417 3973 X
435 3962 450 3987 ‚
475 3923 574 3975 311
602 3939 616 3972 ε
643 3947 668 3966 u
686 3919 778 3973 fiet
803 3915 1012 3972 adulter
1033 3917 1285 3970 Publicus
1301 3957 1318 3983 ,
1344 3929 1396 3970 et

368 4020 548 4074 poenas
580 4009 803 4067 metuet,
825 4015 1186 4070 quascumque
1219 3991 1395 4048 inariti

369 4082 588 4151 Exigere
611 4079 726 4132 irati
747 4099 762 4143 3
791 4097 889 4132 nec
917 4079 1014 4132 erit
1031 4077 1236 4131 felicior
1254 4087 1396 4130 astro

1484 1776 1694 1843 Martis,
1720 1789 1779 1831 ut
1803 1779 1861 1831 in
1884 1779 2103 1852 laqueos
2124 1801 2401 1854 nunquam
2425 1786 2502 1838 in-

1483 1855 1629 1910 cidat
1650 1883 1690 1910 n.

1560 1943 1675 2006 147.
1712 1941 1799 1990 Aa
1828 1942 1964 1990 lucos
1994 1954 2207 2001 tannem,
2238 1957 2362 2008 puto
2376 1981 2393 2004 ,
2435 1949 2509 1997 Iu-

1479 2017 1619 2066 mina
1657 2017 1819 2068 venit.
1864 2016 2061 2091 Adjicit
2096 2033 2283 2072 tannem
2301 2060 2318 2082 ‚
2352 2038 2471 2090 puto
2486 2064 2501 2085 ,

1479 2104 1542 2146 nt
1584 2093 1690 2148 hoc
1736 2095 1907 2167 magis
1944 2099 2204 2169 exprimat
2242 2102 2507 2156 curiosam

1478 2171 1663 2226 Phoebi
1704 2175 2131 2246 speculationem.
2168 2179 2315 2232 Alias
2364 2183 2507 2235 euim

1479 2251 1707 2306 Phoebus
1730 2268 1967 2306 terrarum
1980 2259 2197 2317 flammis
2224 2279 2373 2328 opera
2403 2280 2505 2314 om-

1481 2333 1569 2381 m⁷a
1600 2336 1805 2393 lusu-at,
1854 2345 1914 2386 ut
1932 2333 2079 2408 virg.
2102 2337 2219 2391 AEn.
2241 2339 2339 2406 IV,
2371 2344 2501 2412 607,

1479 2409 1645 2477 canit,
1686 2421 1739 2463 et
1756 2414 2021 2482 Iace'faeea
2043 2419 2227 2467 diuma
2247 2421 2417 2480 videt,
2446 2433 2507 2473 ut

1479 2488 1637 2542 Ovid.
1674 2491 1815 2545 Fast.
1847 2492 1951 2557 lv,
1998 2493 2098 2548 582
2126 2513 2141 2558 ;
2180 2495 2285 2550 hoc
2327 2508 2503 2553 tamen

1483 2567 1688 2622 furtum
1708 2569 1798 2623 ille
1822 2570 1893 2624 ita
1914 2586 2142 2644 spectat,
2164 2576 2317 2647 qnasi
2333 2580 2503 2633 solum

1483 2647 1627 2700 orbis
1662 2661 1815 2702 terrae
1848 2649 2033 2705 videre
2072 2653 2215 2708 velit.
2258 2657 2507 2712 Similiter

1481 2725 1629 2800 Virg.
1652 2733 1771 2781 AEn.
1792 2729 1847 2781 Π
1863 2769 1879 2795 ,
1902 2735 2030 2798 226,
2056 2732 2123 2786 de
2140 2733 2269 2788 Jove
2289 2753 2303 2788 ε
2345 2765 2371 2783 κ
2393 2757 2504 2791 ver—

1479 2805 1585 2859 tice
1609 2807 1722 2861 caeli
1746 2809 2015 2877 Constitit,
2045 2823 2096 2864 et
2116 2814 2299 2886 Libyae
2325 2817 2509 2870 defixit

1479 2885 1680 2939 lumina
1706 2889 1882 2960 regnis
1904 2913 1944 2942 a.
1986 2891 2401 2968 Oudendorpius
2422 2909 2505 2949 ta·-

1478 2983 1603 3019 men
1652 2967 1741 3020 hic
1784 2968 1907 3040 legit
1944 2977 2281 3023 tantummodo
2316 2978 2503 3044 Iumina

1477 3060 1642 3098 vertet.

1554 3127 1669 3189 148.
1709 3131 1899 3198 Sparge
1944 3147 2079 3179 nunc
2123 3135 2223 3181 tela
2236 3171 2250 3191 ‚
2308 3135 2504 3200 Cupido.

1476 3203 1627 3257 Leid.
1668 3205 1785 3258 cod.
1824 3226 1956 3258 mmo
1991 3227 2175 3277 sparge
2203 3215 2318 3263 tela.
2348 3213 2507 3266 Forte

1477 3303 1613 3334 nune
1632 3301 1815 3352 sparge
1838 3305 1897 3336 en
1924 3291 2043 3347 tela,
2070 3291 2251 3357 Cupido
2262 3312 2283 3352 ,·
2303 3292 2389 3344 vel
2408 3309 2505 3364 po·-

1477 3362 1581 3415 tius
1610 3381 1709 3432 age
1746 3383 1878 3414 nune
1922 3379 2007 3416 tua
2054 3371 2152 3417 tela
2192 3371 2385 3437 Cupido.
2424 3373 2502 3426 Cl.

1479 3439 1897 3512 Oudendorpius
1916 3445 2239 3516 conjiciebat
2250 3488 2265 3513 ,
2282 3453 2502 3520 Spar-git,

1483 3519 1570 3574 vel
1595 3525 1709 3590 Age
1758 3543 1893 3573 nunc
1936 3543 2069 3574 nunc
2119 3529 2247 3586 tela,
2290 3531 2470 3597 &pido
2482 3569 2501 3591 ,

1483 3605 1631 3653 Nune
1654 3620 1802 3662 nune,
1831 3604 1960 3654 Diva
1985 3607 2151 3652 l‘enus
2172 3609 2295 3666 nati,
2317 3609 2507 3658 demi-ea

1483 3682 1676 3749 sag-iuis
1702 3685 1807 3730 Das
1830 3682 1951 3730 mihi
1981 3685 2219 3733 solamen.
2255 3684 2505 3738 Bumult.

1483 3758 1724 3831 Higtius,
1756 3771 2082 3812 memorante
2115 3762 2423 3814 Bul-manno
2453 3763 2509 3816 in

1483 3839 1732 3893 mantissa
1753 3880 1768 3905 ‚
1806 3839 2183 3910 transponebat
2225 3845 2373 3892 Nunc
2412 3847 2511 3894 tela

1483 3938 1689 3988 sparge,
1720 3921 1915 3987 Cupido,
1939 3917 2199 3989 producta
2218 3920 2366 3972 brevi
2388 3932 2511 3974 ante

1483 4019 1557 4066 sp,
1588 4009 1643 4050 ut
1662 4016 1813 4069 saepe.
1839 3998 2095 4051 Caeterum
2124 4009 2233 4050 tota
2256 3999 2369 4052 haec
2388 4017 2507 4052 ora-

1484 4076 1558 4128 tio
1587 4076 1721 4131 mire
1751 4086 1999 4148 corrupta
2038 4087 2088 4127 et
2134 4077 2353 4130 obscura
2394 4091 2471 4130 est
2490 4117 2505 4142 ‚

2159 4195 2269 4237 22.
