2975 4684
951 330 1424 417 CARMINA
1486 338 1907 413 MINORA.

2352 348 2493 422 303

455 446 684 532 Quum
732 447 920 537 volo,
951 453 1250 547 spissatis
1286 463 1526 529 arescit
1562 459 1877 557 languida
1914 469 2159 537 succis:

451 554 681 643 Quum
717 558 906 647 volo,
933 561 1154 634 fundit
1189 592 1352 663 opes
1381 570 1702 667 scopulis;
1742 590 1947 672 atque
1984 576 2261 655 horrida
2294 608 2449 657 saxa

445 664 742 737 Niliades
770 670 1156 763 jaculantur
1185 703 1394 773 aquas
1423 708 1437 750 ε
1472 683 1638 751 mihi
1676 689 1931 757 Pontus
1961 690 2205 762 inertes

445 776 798 849 submittit
830 778 1110 872 fluctus,
1149 790 1573 887 Zephyrique
1606 797 1893 866 tacentia
1928 816 2193 894 ponunt

2473 834 2497 871 5

445 888 622 956 Ante
663 916 846 963 meos
884 920 1004 965 sua
1042 898 1248 969 flabra
1287 901 1531 996 pedes:
1573 906 1737 975 mihi
1780 906 2061 979 flumina
2095 930 2365 1007 parent,

441 998 884 1097 Hircanaeque
919 1008 1161 1102 tigres3
1193 1012 1362 1105 jussi
1395 1016 1645 1085 servire
1682 1016 2027 1090 dracones.

438 1109 624 1198 Quid
669 1111 922 1185 leviora
963 1116 1243 1214 loquar?
1274 1126 1484 1193 Lunae
1522 1125 1863 1197 descendit
1900 1129 2121 1226 imago

436 1221 874 1295 Carminibus
909 1226 1198 1300 deducta
1235 1234 1432 1322 meiS‚
1457 1236 2227 1334 trepidusque-furentes

333 1456 522 1512 codice
543 1459 864 1517 Memmiano
887 1466 1060 1521 adfert
1077 1471 1367 1528 Lambinus

333 1535 403 1590 ad
421 1538 609 1594 Horat.
631 1542 876 1615 Epod.V‚
900 1568 953 1600 v.
982 1553 1050 1614 46
1073 1588 1089 1615 ,
1106 1570 1160 1623 p.
1182 1552 1301 1617 324.

404 1638 456 1672 α.
503 1625 659 1687 Quum
708 1629 842 1678 wlo.
901 1626 1017 1681 Hoc
1073 1633 1362 1702 repetendo

327 1696 588 1752 Ovidium
637 1702 873 1758 ir‘nitatur
917 1708 1009 1779 qui
1052 1709 1248 1780 pariter
1293 1712 1362 1767 de

327 1796 471 1849 saga,
493 1780 616 1833 Am.
644 1784 668 1833 1
687 1820 704 1847 ,
729 1785 793 1847 8,
820 1802 883 1853 9:
915 1813 940 1832 ι-
958 1789 1138 1853 Quum
1165 1791 1358 1857 voluit,

327 1868 438 1913 toto
511 1861 876 1931 glomerantur
945 1866 1134 1920 nubila
1194 1872 1354 1925 caelo:

325 1939 509 2004 Quum
543 1940 743 2005 voluit,
777 1962 914 2013 puro
952 1945 1114 2018 fulget
1148 1948 1201 2001 in
1230 1952 1360 2007 orbe

323 2018 436 2073 dies
457 2045 505 2072 ι.
550 2019 799 2076 Similiter
842 2024 1000 2080 ovid.
1047 2028 1173 2083 Met.
1210 2032 1320 2083 VII
1338 2072 1353 2097 ‚

329 2116 424 2167 ¹99
451 2140 468 2165 ‚
502 2110 556 2152 et
581 2100 782 2153 Tibull.
816 2103 845 2154 1
862 2144 877 2169 ,
919 2124 948 2158 α
969 2143 984 2169 ,
1023 2112 1090 2178 49
1109 2148 1126 2172 ,
1165 2112 1356 2181 repetit

325 2185 484 2247 Quum
527 2184 980 2251 libee.-Spe'ssatis
1021 2192 1218 2242 arescit.
1264 2190 1352 2247 Sic

323 2260 565 2331 vulgatae.
590 2258 696 2313 Sed
717 2262 948 2332 probum
972 2265 1350 2342 videtur,quod

321 2338 499 2393 Delrio
543 2352 595 2393 et
637 2342 928 2397 Lambinus
959 2364 990 2397 e
1025 2346 1183 2400 codd.
1227 2370 1348 2421 pro-

319 2418 558 2473 tulerunt
603 2424 834 2481 siccatis,
887 2424 1159 2495 quomodo
1189 2428 1349 2482 ovid.

317 2498 447 2552 Met.
466 2500 546 2563 ΙΙ,
563 2518 624 2553 21
639 2520 659 2551 1
684 2518 698 2553 ε
717 2526 740 2548 ι
762 2502 1012 2575 Fissaque
1031 2507 1136 2577 agit
1155 2506 1312 2562 rimas
1329 2550 1344 2575 ‚

315 2590 365 2631 et
393 2580 566 2633 succis
592 2593 705 2634 aret
731 2580 989 2654 ademptis
1010 2612 1052 2637 n.
1101 2644 1112 2655 ,

267 2656 280 2674 “
385 2660 438 2713 3.
459 2664 640 2711 Fundit
674 2682 788 2728 opes
815 2667 1027 2731 scopulis
1043 2685 1062 2714 .·
1085 2678 1138 2717 at
1147 2670 1346 2734 fiendae

314 2758 477 2807 aquas
490 2743 718 2808 scopulus
729 2754 880 2809 aeque
893 2746 1039 2795 an'da
1064 2744 1182 2799 cod.
1197 2747 1340 2803 Delr.

314 2838 426 2885 opes
443 2821 728 2888 scopulique
745 2836 894 2889 atque
910 2828 1057 2875 arida
1069 2845 1206 2877 saxa
1224 2828 1342 2883 cod.

313 2896 530 2951 Memm.
578 2898 724 2971 apud
768 2901 958 2954 Lami).
973 2905 1152 2971 fundit
1191 2925 1305 2973 opes
1323 2931 1342 2967 ,-

310 2982 595 3047 scopulique
628 2994 777 3048 atque
808 2984 1009 3033 horrida
1047 3004 1182 3035 saxa
1213 2986 1333 3039 cod.

306 3058 598 3130 Scaligeri;
620 3078 778 3131 quem
803 3060 1125 3133 descriptum
1151 3064 1334 3118 Burin.

308 3158 409 3193 sec.
453 3139 698 3212 inspexit.
741 3145 923 3193 Fundit
963 3164 1078 3209 opes
1129 3148 1336 3212 scopuh‘s

303 3220 550 3291 probavit
593 3229 753 3293 atque
795 3220 960 3273 edidit
1003 3223 1338 3279 Burmannus

305 3301 476 3371 prior,
497 3300 621 3373 quia
645 3302 880 3373 sequenti
899 3322 1052 3355 versu
1073 3324 1234 3372 aquas
1259 3325 1336 3358 se-

303 3380 510 3451 quitur,
552 3392 604 3433 et
647 3381 839 3453 passim
883 3382 1062 3455 fruges
1099 3404 1236 3452 opum
1285 3398 1336 3438 et

300 3462 582 3513 'de‘vitiarum
609 3460 827 3515 nomine
849 3459 1082 3515 veniunt.

372 3548 427 3605 4.
447 3528 692 3593 ΝἶΙίαᾱες.
712 3540 796 3596 Sic
833 3540 1031 3596 habent
1073 3543 1327 3599 editiones

301 3619 483 3689 priscae
503 3631 554 3673 et
568 3620 796 3691 Tragur.
817 3620 912 3675 sed
931 3626 1194 3692 Ne'le'genas
1219 3622 1335 3677 cod.

299 3700 447 3754 Delr.
469 3702 695 3752 Niliades
715 3700 932 3755 Merum.
949 3717 999 3757 et
1015 3702 1154 3757 scal.
1175 3704 1336 3759 Hein-

299 3780 406 3832 sius
451 3780 510 3831 in
559 3778 797 3851 margine
845 3795 1124 3837 notaverat
1145 3821 1161 3847 ‚
1199 3784 1334 3837 forte

297 3862 507 3912 elicitas.
530 3859 665 3911 Puto
693 3859 921 3914 Niliacas
949 3862 1056 3916 dici
1081 3882 1181 3935 pro
1205 3863 1331 3915 ube-

300 3938 450 3993 ribus
477 3950 530 3991 et
563 3938 955 3995 exundantibus
983 3941 1049 3995 ad
1080 3941 1323 3995 similitu-

295 4016 475 4071 dinem
498 4016 732 4071 fluminis
753 4017 878 4072 Nili.

363 4098 412 4151 5.
424 4100 669 4149 submittit
658 4100 868 4167 fluctus,
880 4100 1150 4171 quomodo
1163 4099 1320 4155 Ovid.

1455 1476 1582 1530 Met.
1600 1478 1706 1530 VII
1724 1518 1739 1543 ,
1764 1498 1863 1533 200
1882 1498 1896 1533 ε
1914 1507 1939 1527 α
1954 1500 2317 1559 concussaque
2331 1488 2457 1542 sisto
2472 1528 2487 1549 ‚

1452 1554 1656 1609 Stantia
1683 1560 1929 1613 concutio
1952 1574 2115 1615 cantu
2138 1564 2275 1617 freta
2297 1589 2337 1619 a.

1523 1638 1571 1687 6.
1618 1643 1753 1690 Ante
1794 1658 1928 1691 meos
1967 1661 2059 1692 sua
2082 1646 2261 1709 flabra
2276 1667 2295 1679 ’“
2300 1651 2475 1714 pedes.

1449 1710 1731 1784 Magnifice
1772 1728 1823 1769 et
1868 1721 2096 1791 superbe
2135 1721 2355 1779 dictum.
2390 1727 2477 1780 sic

1447 1793 1733 1864 Apuleius,
1771 1796 1990 1851 Metam.
2016 1800 2067 1864 1,
2101 1820 2155 1871 p.
2180 1803 2211 1855 3
2231 1802 2317 1857 ed.
2340 1806 2478 1859 Prie.

1448 1896 1473 1916 ι
1498 1874 1703 1944 magico
1725 1879 2092 1931 susurramine
2115 1900 2297 1935 amnes
2318 1885 2478 1957 agiles

1445 1952 1673 2015 reverti,
1723 1972 1870 2008 mare
1928 1955 2143 2029 pigrum
2207 1962 2438 2036 colligari
2461 2005 2474 2028 ,

1447 2042 1631 2084 ventos
1674 2032 1934 2087 inanimes
1983 2038 2246 2109 exspirare
2268 2081 2283 2107 ,
2330 2056 2428 2098 etc.
2452 2073 2479 2091 »

1445 2108 1633 2164 Claud.
1662 2111 1713 2164 in
1740 2114 1865 2166 Rus.
1890 2114 1946 2179 1,
1975 2114 2106 2170 158:
2139 2144 2161 2165 ι
2181 2132 2233 2172 et
2256 2120 2473 2177 flamina

1441 2199 1580 2243 stare
1606 2192 1817 2263 coegi»,
1840 2193 1919 2247 uti
1943 2193 2225 2266 legendum
2254 2215 2475 2257 couten-

1440 2266 1521 2321 dit
1546 2270 1791 2325 Barthius
1814 2310 1828 2335 ,
1845 2271 1969 2326 licet
1998 2274 2087 2327 alii
2112 2278 2277 2331 velint
2301 2284 2475 2352 cesul-

1439 2368 1550 2400 men
1598 2364 1747 2403 stare.
1792 2351 1944 2405 Idem
1978 2368 2107 2425 post
2125 2392 2141 2419 ,
2178 2370 2237 2410 ut
2262 2360 2471 2420 Noster.

1439 2424 1660 2483 flumina
1696 2430 1972 2485 nominat:
1999 2459 2024 2479 οι
2043 2434 2317 2509 Versaque
2356 2461 2469 2495 non

1439 2524 1610 2577 prono
1638 2510 1856 2563 curvavi
1882 2510 2099 2566 flumina
2130 2513 2280 2589 lapsu
2296 2546 2338 2573 ιι.

1508 2606 1560 2657 7.
1589 2591 1725 2641 Iussi
1744 2593 1922 2642 servire
1948 2595 2213 2648 dracones.
2232 2596 2311 2651 Ita
2336 2600 2464 2654 Sca-

1433 2664 1565 2737 liger
1587 2666 1763 2731 dedit;
1790 2668 2083 2742 Stephanus
2108 2676 2247 2741 jussi
2281 2693 2330 2729 ee
2361 2700 2467 2732 ser-

1435 2748 1546 2797 vire.
1576 2746 1913 2803 Burmannus
1940 2770 2001 2803 ex
2030 2753 2220 2823 priscis
2260 2756 2378 2811 edd.
2421 2779 2469 2812 et

1420 2828 1555 2893 jussi
1594 2840 1728 2879 stare
1773 2832 2017 2881 dracones
2033 2869 2048 2892 ,
2088 2835 2360 2903 quomodo
2411 2853 2465 2893 et

1429 2904 1593 2956 Delrii
1636 2905 1841 2959 codex:
1873 2922 1921 2958 et
1948 2913 2082 2979 jussi
2125 2927 2255 2965 stare
2294 2920 2459 2971 leones

1426 2982 1547 3035 cod.
1578 2985 1715 3037 Scal.
1742 2998 1793 3037 et
1830 2986 2045 3041 Memm.
2086 2992 2229 3061 apud
2268 2992 2459 3052 Lamb.

1427 3062 1701 3127 Tibullus,
1718 3066 1745 3116 1
1764 3103 1779 3129 ,
1797 3067 1827 3117 8
1843 3103 1859 3128 ,
1881 3084 1962 3119 πο.
1986 3068 2225 3125 «Cantus
2243 3085 2294 3127 et
2306 3074 2457 3130 iratm

1426 3141 1625 3196 detinet
1644 3144 1831 3216 anguis
1856 3146 1955 3197 iter
1974 3173 2019 3198 υ.

1500 3242 1551 3291 9.
1590 3226 1889 3275 Carminibus
1917 3225 2131 3277 deducta
2160 3230 2298 3283 meis.
2324 3232 2455 3287 Vul-

1426 3304 1753 3373 gatissimum
1773 3302 1877 3356 hoc
1896 3303 2045 3377 apud
2063 3318 2243 3378 poetas
2262 3348 2277 3372 ‚
2294 3324 2453 3365 cantu

1425 3383 1634 3455 magico
1648 3384 1820 3438 Solem
1830 3421 1845 3447 ,
1859 3384 2065 3439 Lunam
2075 3425 2089 3450 ‚
2106 3386 2277 3442 sidera
2298 3410 2455 3465 posse

1425 3462 1659 3529 deduci,
1686 3465 1922 3519 converti
1946 3504 1963 3531 ‚
2001 3468 2227 3521 turbari.
2261 3470 2449 3545 virgil.

1426 3546 1552 3599 AEn.
1580 3544 1681 3612 IV,
1709 3546 1845 3615 489:
1870 3570 1891 3592 ι
1910 3546 2105 3599 Sistere
2132 3566 2328 3619 aquam
2355 3552 2454 3606 ssu-

1429 3623 1531 3677 viis
1550 3662 1565 3689 ,
1584 3636 1638 3679 et
1657 3638 1864 3679 vertere
1883 3624 2057 3678 sidera
2076 3637 2218 3680 retro
2234 3654 2274 3682 κ.
2293 3630 2451 3685 Ovid.

1424 3706 1605 3757 Amor.
1624 3704 1708 3772 11,
1734 3722 1757 3757 1
1781 3746 1795 3771 ,
1823 3704 1885 3757 23
1904 3722 1956 3756 τι
1982 3706 2229 3761 Carmina
2248 3714 2456 3782 saugui-

1423 3802 1538 3837 neae
1556 3782 1829 3836 deducunt
1845 3802 2047 3837 cornua
2067 3786 2233 3838 Lunae
2252 3825 2267 3851 ,
2288 3788 2353 3841 Et
2374 3810 2453 3845 re—

1421 3875 1616 3917 vocant
1642 3862 1823 3915 niveos
1850 3862 1984 3916 Solis
2020 3865 2196 3917 euntis
2227 3886 2447 3939 equos..

1495 3960 1518 3995 1
1534 3946 1788 3995 1.Tancum
1806 3944 1941 3993 dieta
1958 3946 2154 3995 valent.
2180 3948 2326 3998 Dicta
2347 3990 2362 4013 ,
2392 3964 2449 4002 ut

1415 4022 1638 4075 verbum
1665 4025 1857 4083 dicere,
1889 4020 2035 4094 quod
2075 4023 2225 4099 toties
2262 4030 2451 4101 repetit

1417 4101 1472 4153 in
1509 4101 1647 4155 Diris
1672 4101 1806 4155 Cato
1824 4142 1839 4168 ‚
1867 4103 2079 4173 proprie
2114 4102 2181 4157 de
2211 4102 2448 4162 devotio-
