2975 4684
513 311 650 383 368
1077 318 1579 386 EPISTOLA
1640 320 2073 391 DIDONIS

603 436 736 507 Sed
765 453 967 532 negat
999 439 1141 534 ipse
1173 435 1388 527 dolor,
1417 440 1601 534 quod
1628 442 1765 534 jam
1804 442 2024 535 pudor
2062 457 2218 512 ante
2251 448 2543 539 negavit.

604 547 911 617 Scribere
939 548 1140 642 jussit
1173 573 1398 635 amor;
1424 550 1732 620 miseram
1772 578 1908 637 me,
1944 554 2137 648 cujus
2170 554 2521 626 honestam
2592 584 2643 622 as

603 658 786 727 Fecit
821 656 1020 753 culpa
1053 657 1292 727 fidem:
1329 675 1633 755 poteram
1673 662 2056 758 dispergere
2096 680 2309 759 ponto

603 768 910 839 Membra
938 793 1310 863 manusque
1336 784 1484 841 tuas
1499 825 1518 859 ,
1540 773 1984 869 miseramque
2008 776 2420 846 tumentibus
2442 780 2643 851 undis

555 924 560 931 -
595 879 1019 971 Praecipitare
1053 878 1264 971 diem3
1301 895 1605 976 poteram
1650 886 2003 955 crescentis
2044 883 2175 956 Iuli

601 992 940 1084 Rumpere
973 989 1107 1059 fata
1143 1015 1351 1060 manu
1371 1046 1391 1079 ,
1428 1017 1845 1089 parvumque
1877 993 2207 1067 resolvere
2247 1024 2495 1095 corpus

599 1104 824 1172 Morte
856 1102 1079 1197 gravi,
1106 1125 1533 1197 mersumque
1574 1104 1645 1173 in
1683 1106 1934 1175 viscera
1969 1105 2173 1199 figere
2204 1106 2455 1178 ferrum
2472 1164 2494 1197 ‚
2588 1146 2639 1183 ⁹⁰

598 1211 724 1283 Vel
755 1212 914 1282 dare
943 1211 1242 1282 membra
1277 1211 1470 1303 feris;
1502 1214 1617 1282 sed
1655 1229 1885 1284 nostro
1920 1230 2191 1310 pectore
2224 1215 2491 1313 pulsum

600 1323 857 1395 Crescit
895 1346 1123 1391 amore
1163 1322 1378 1410 nefas,
1413 1338 1480 1392 et
1520 1324 1800 1395 honesta
1843 1324 2138 1420 pericula
2172 1351 2405 1421 passus

602 1432 829 1503 Corda
868 1430 1097 1527 ligavit
1131 1457 1322 1502 amor
1351 1459 1368 1503 ε
1396 1434 1553 1528 quis
1590 1432 1793 1505 vellet
1825 1436 1896 1504 in
1931 1436 2193 1532 hospite
2231 1453 2489 1508 tantum

603 1546 748 1612 Hoc
789 1541 1034 1613 audere
1073 1542 1307 1614 nefas?
1341 1545 1493 1638 quis
1532 1560 1688 1615 vota
1724 1550 2025 1618 nocentis
2066 1547 2361 1619 habere?

602 1650 848 1724 Nullus
880 1677 1069 1722 amor
1102 1654 1228 1723 sub
1268 1653 1464 1723 laude
1506 1653 1702 1725 latet:
1728 1664 1853 1728 cui
1885 1658 2109 1755 digna
2145 1660 2523 1757 rependes,
2586 1688 2635 1737 9⁵

505 1860 770 1913 incassum
787 1856 1012 1911 sundere
1027 1900 1045 1926 ,
1061 1858 1205 1932 apud
1221 1859 1378 1915 Ovid.
1397 1860 1528 1914 Met.

509 1938 642 1991 vm
655 1977 672 2003 ,
713 1942 837 1993 106:
861 1963 885 1986 ι
902 1938 1240 2013 Consumptis
1277 1940 1527 2013 precihus

507 2019 798 2073 violentam
835 2020 1020 2072 tramit
1051 2019 1108 2072 in
1142 2021 1353 2084 iram-3
1391 2020 1525 2073 ibid.

505 2100 562 2151 11
574 2138 589 2163 ,
605 2100 703 2169 575
725 2118 738 2151 :
761 2126 786 2145 a
799 2110 964 2171 utque
979 2098 1246 2171 precando
1259 2100 1523 2173 Tempora

503 2196 628 2231 cum
648 2176 853 2231 blandis
875 2178 1203 2251 consumpsit
1225 2178 1402 2233 inania
1415 2198 1527 2233 ver·

504 2258 586 2311 bis
605 2282 630 2303 n
647 2294 664 2320 ‚
685 2257 779 2309 ubi
799 2255 922 2310 vide
939 2267 1112 2310 notas.
1134 2259 1318 2312 Btmu.
1496 2250 1513 2279 ‘

576 2337 661 2390 86.
696 2340 930 2388 Miseram
959 2356 1057 2398 me,
1089 2340 1230 2405 eujus
1267 2340 1523 2389 honestam

507 2420 639 2469 Fecit
654 2419 982 2487 culpafidem,
1001 2416 1054 2469 h.
1068 2434 1116 2468 e.
1137 2416 1388 2471 miseram
1413 2436 1524 2481 me,

503 2513 621 2566 qum
655 2495 816 2567 culpa
843 2514 960 2547 mea
995 2494 1277 2549 honestum
1313 2496 1528 2568 hospitii

505 2587 558 2626 et
591 2574 824 2646 conjugii
862 2572 1032 2627 foedus
1056 2592 1182 2627 cum
1197 2578 1362 2629 AEnea
1385 2575 1488 2629 feci
1508 2616 1526 2642 ,

505 2656 656 2725 cujus
687 2652 794 2706 fide
821 2672 964 2706 nunc
1000 2652 1286 2725 impedior,
1319 2655 1527 2726 qupmi-

505 2752 606 2787 nus
631 2732 780 2786 nefas
814 2730 1030 2803 aliquod
1061 2731 1118 2784 in
1145 2750 1268 2786 eum
1293 2734 1529 2805 cogitare

505 2826 559 2867 et
583 2832 669 2865 me
695 2811 879 2865 ulcisci
899 2811 1117 2884 possim.

577 2896 662 2963 87.
691 2896 1022 2961 Miser-amque
1058 2895 1342 2945 mmena‘bus
1379 2898 1525 2948 undis

503 2975 810 3041 Proeeipe'eare
855 2975 1000 3024 dakm.
1063 2973 1148 3026 Ita
1193 2970 1412 3044 quidem
1468 2974 1527 3027 in

503 3052 712 3105 schedis
745 3052 966 3123 Msptis;
1005 3050 1098 3105 sed
1134 3052 1257 3123 quia
1297 3054 1525 3105 miseram

503 3132 663 3185 modo
691 3131 954 3203 precessit
971 3170 987 3197 ,
1015 3130 1316 3203 praeferrem
1342 3152 1527 3185 seram-

503 3232 598 3279 que
663 3214 952 3263 latuentibus
1005 3214 1152 3263 undis
1213 3214 1526 3281 Praecipitare

503 3295 631 3343 diem
647 3331 664 3357 ‚
704 3288 760 3343 id
787 3301 900 3356 est,
943 3308 1228 3362 properare
1254 3304 1480 3345 mortem
1510 3312 1525 3345 :

502 3370 670 3424 simile
697 3367 950 3422 mendum
977 3382 1110 3440 saepe
1141 3372 1403 3442 corruptis
1420 3374 1527 3425 Ve-

500 3462 672 3504 terum
691 3449 822 3502 locis
837 3448 1168 3502 abstulerunt
1185 3450 1288 3503 viri
1307 3450 1520 3504 eruditi.

503 3564 573 3573 -
609 3531 868 3585 Ceterum
897 3540 1036 3582 totus
1052 3528 1140 3582 hic
1166 3530 1313 3583 locus
1339 3531 1524 3585 Nostri

502 3612 624 3665 satis
662 3608 883 3662 feliciter
916 3626 1184 3679 expressus
1224 3620 1302 3662 est
1326 3628 1388 3662 ex
1418 3610 1519 3664 illis

501 3690 724 3745 Didonis
741 3688 810 3741 ad
831 3694 1046 3741 AEneam
1067 3686 1210 3760 apud
1229 3689 1382 3761 Virg.
1398 3694 1521 3743 AEn.

501 3773 604 3837 IV,
627 3774 760 3823 600:
795 3794 817 3815 ι
836 3768 956 3821 Non
975 3766 1127 3839 potui
1149 3768 1424 3840 abreptum
1447 3767 1524 3821 di-

499 3851 694 3906 vellere
723 3865 914 3920 corpus
930 3886 946 3911 ‚
974 3859 1028 3901 et
1057 3846 1216 3901 undis
1239 3846 1525 3920 Spargere?

499 3951 610 3986 non
646 3930 818 3983 socios
837 3970 852 3995 ,
896 3948 1003 3981 non
1037 3927 1207 4000 ipsum
1245 3928 1523 3981 absumere

500 4013 642 4065 ferro
661 4008 944 4064 Ascanium
964 4047 979 4072 ,
1003 4008 1288 4080 patriisque
1306 4008 1522 4081 epulan-

504 4091 632 4145 dum
651 4108 920 4163 apponere
935 4087 1156 4142 mensis!
1177 4114 1199 4137 ι
1219 4087 1406 4141 Banu.

1689 1872 1777 1921 90.
1797 1860 1957 1907 Morte
1978 1859 2139 1925 gravi.
2160 1854 2379 1911 Salmas.
2403 1868 2457 1908 et
2480 1855 2638 1908 Leid.

1616 1938 1745 1985 Hoae
1768 1948 1818 1986 ee
1828 1956 1850 1996 ,-
1870 1932 1961 1987 sed
1980 1949 2135 1987 morte
2156 1936 2457 2007 corrigebat
2481 1934 2639 1989 Hein-

1615 2014 1722 2069 sius
1738 2055 1753 2082 ,
1788 2014 1935 2087 quod
1962 2016 2105 2069 clare
2132 2016 2322 2088 legitur
2342 2016 2397 2069 in
2418 2016 2637 2071 Divion.

1615 2112 1741 2147 mox
1768 2114 1941 2147 mensa
1951 2098 2083 2165 feris
2102 2094 2265 2150 Salm.
2296 2096 2391 2151 sed
2420 2100 2639 2148 manbm

1612 2191 1643 2225 a
1679 2192 1843 2227 manu
1878 2194 1989 2229 rec.
2029 2187 2081 2229 et
2118 2176 2173 2229 in
2212 2176 2449 2248 margine
2484 2176 2635 2231 Leid.

1610 2256 1966 2323 membrafoee's
1987 2254 2200 2308 Divion.
2220 2256 2405 2309 Bous.

1683 2352 1773 2401 91.
1800 2338 1901 2385 Sed
1918 2348 2083 2385 nostro
2099 2348 2297 2403 pectore
2308 2340 2508 2403 pulsum
2528 2339 2639 2389 cre-

1613 2414 1706 2463 scit
1720 2432 1889 2465 amore
1905 2414 2067 2483 nefas,
2088 2414 2144 2467 h.
2166 2425 2274 2479 est,
2292 2433 2461 2487 quum
2480 2434 2639 2467 omne

1612 2492 1761 2547 nefas
1803 2512 1836 2545 a
1876 2512 1997 2547 meo
2036 2495 2216 2547 animo
2256 2494 2489 2547 alienum
2526 2506 2635 2558 est,

1614 2582 1731 2624 tum
1762 2572 1867 2628 hoc
1904 2576 2075 2645 ipsum
2114 2575 2282 2644 majus
2318 2584 2371 2625 et
2408 2572 2638 2627 atrocius

1616 2650 1857 2706 futurum
1884 2665 2043 2718 esset,
2067 2653 2111 2707 si
2140 2653 2193 2707 in
2221 2653 2395 2708 virum
2428 2654 2528 2707 abs
2552 2672 2638 2705 me

1615 2742 1845 2785 amatum
1896 2731 2227 2787 committere
2269 2732 2475 2785 vellem.
2502 2732 2635 2785 Data

1615 2808 1717 2865 hac
1732 2810 2165 2885 interpretatione
2182 2830 2341 2864 nosce
2358 2810 2635 2864 infantiam

1614 2888 1977 2965 inscitiamque
2006 2889 2288 2963 eloquendi
2318 2890 2479 2964 hujus
2514 2910 2639 2963 poe-

1614 2981 1679 3023 tae
1696 3008 1711 3035 ,
1730 2971 1865 3025 sicut
1889 2972 1946 3025 iu
1968 2973 2055 3027 his
2076 2972 2418 3043 sequentibus
2432 3008 2449 3034 ,
2474 2985 2525 3021 ee
2544 2974 2634 3023 Ιιο-

1614 3066 1759 3103 nesta
1790 3056 2009 3120 pericula
2035 3070 2218 3122 passus
2260 3054 2421 3103 Corda
2462 3053 2637 3119 ligavit

1614 3150 1784 3183 amor.-
1804 3131 1897 3184 ubi
1930 3132 2034 3184 hoc
2058 3132 2199 3185 vult:
2222 3131 2289 3183 Et
2311 3147 2463 3182 amor
2486 3148 2635 3181 meus

1613 3208 1669 3261 in
1690 3211 1907 3263 AEneam
1921 3248 1938 3274 ,
1962 3230 2071 3282 quo
2097 3212 2267 3282 majus
2290 3222 2341 3262 et
2362 3208 2635 3261 honestius

1612 3289 1907 3361 periculum
1922 3290 2063 3344 subit
2076 3294 2187 3365 ejus
2200 3288 2477 3343 amittendi
2494 3328 2510 3355 ,
2532 3288 2635 3341 hoc

1613 3370 1847 3423 tenacius
1878 3388 1963 3423 me
1996 3370 2045 3424 ei
2072 3368 2306 3424 devincit
2337 3381 2499 3440 atque
2530 3367 2637 3421 alli·

1614 3460 1715 3519 gat.
1734 3448 1840 3501 Pro
1858 3453 2036 3502 erescit
2050 3470 2217 3501 amore
2234 3446 2563 3503 Schraderus
2584 3461 2635 3501 et

1608 3527 1817 3599 Higtius
1850 3541 2199 3601 reposuerunt
2250 3530 2404 3580 Cessit
2432 3547 2629 3589 arnor-e,

1609 3604 1702 3661 sed
1714 3607 1819 3661 hoc
1837 3609 2015 3665 minus
2033 3607 2303 3681 probabile
2321 3607 2394 3660 ob
2412 3625 2633 3659 concur-

1611 3700 1785 3740 rentes
1809 3688 1865 3741 in
1892 3707 1995 3741 una
2030 3688 2421 3743 constructione
2454 3686 2633 3758 plures

1610 3767 1878 3821 ablativos.

1684 3853 1769 3915 94.
1809 3851 1913 3898 Hoc
1946 3851 2131 3899 madere
2167 3847 2349 3917 nefas:
2388 3844 2459 3896 ita
2494 3856 2634 3897 recte

1610 3926 1819 3981 Divion.
1848 3925 2021 3978 madir-0
2052 3926 2193 3979 male
2232 3925 2287 3978 in
2319 3922 2543 3977 Salmas.
2584 3934 2633 3976 et

1610 4006 1760 4060 Leid.
1783 4007 1967 4060 Buan.

1681 4087 1769 4155 95.
1809 4090 1983 4139 Nullus
2012 4105 2155 4137 amor
2182 4088 2267 4136 sub
2308 4086 2455 4135 eorde
2489 4088 2627 4135 latet.
