2975 4684
519 322 604 392 18
1027 319 1162 388 DE
1211 317 1651 388 LUCILIO
1700 317 2145 386 JUNIORE

505 451 822 532 fecerint,
862 469 1098 536 nempe
1129 443 1346 512 obiter
1379 461 1448 512 et
1479 445 1553 510 in
1600 445 1843 526 maiore
1884 446 2169 512 carmine
2187 495 2208 528 ,
2240 445 2513 514 AEtnam
2550 449 2681 516 de-

504 561 908 648 scripturum
927 575 1089 619 esse.
1109 551 1240 618 Sed
1261 553 1350 619 ita
1371 551 1670 640 loquitur
1690 550 1935 618 Seneca
1948 597 1969 634 ‚
2002 553 2185 640 quod
2206 553 2501 622 Lucilius
2520 573 2681 622 tum

506 669 578 732 in
611 665 834 730 animo
861 660 1182 740 babebat,
1221 657 1448 724 omnia
1483 673 1731 722 naturae
1756 658 2233 741 memorabilia,
2268 681 2417 748 quse
2450 661 2681 728 Sicilia

501 773 777 838 haberet
797 817 820 852 ‚
861 783 930 832 et
958 767 1028 830 in
1065 766 1170 829 bis
1210 763 1539 854 sigillatim
1576 760 1841 828 AEtnam
1864 812 1885 846 ,
1920 765 2121 854 longo
2156 767 2449 832 carmine
2476 791 2677 832 com-

501 878 698 970 plecti
725 875 844 964 (1).
867 873 1158 940 Lucilius
1183 871 1316 938 boc
1347 872 1759 960 propositum
1776 919 1797 952 ,
1828 887 1907 938 ut
1926 895 2005 936 ex
2026 873 2165 938 aliis
2200 875 2465 940 Senecae
2492 875 2667 942 locis

501 983 895 1074 colligimus„
918 979 1194 1068 posthac
1223 976 1316 1042 ita
1341 991 1742 1062 exsequutus
1772 993 1903 1057 est,
1938 993 2015 1042 ut
2044 977 2165 1043 alia
2184 978 2425 1046 Siciliae
2458 982 2673 1046 mira-

499 1090 650 1156 cula
693 1107 996 1152 seorsum
1039 1095 1432 1170 exponeret,
1465 1080 1735 1148 AEtnam
1766 1081 2075 1171 singulari
2112 1087 2401 1172 poemati
2448 1109 2675 1152 reger-

498 1209 702 1262 varet.
741 1194 872 1258 Ista
905 1213 943 1254 a
973 1187 1251 1268 Lucilio,
1284 1187 1434 1250 vivo
1467 1183 1685 1250 adhuc
1714 1185 1953 1252 Seneca
1970 1235 1989 1268 ‚
2020 1187 2339 1280 descripta
2370 1213 2515 1258 esse
2532 1240 2551 1276 ,
2586 1217 2675 1258 ex

499 1301 705 1380 hujus
720 1293 1114 1363 testimoniis
1133 1289 1482 1372 discimus3
1514 1289 1644 1356 hoc
1672 1289 1753 1355 de
1770 1289 1969 1356 AEtna
1992 1294 2307 1382 scriptum
2336 1296 2393 1362 si
2412 1297 2675 1364 Seneca

500 1408 748 1475 diserte
770 1425 908 1468 non
935 1397 1237 1464 meminit
1251 1443 1270 1480 ,
1295 1393 1474 1462 baud
1504 1393 1703 1460 dubie
1730 1417 1906 1460 mors
1934 1397 2193 1464 Senecoe
2214 1401 2673 1470 interveniens

498 1515 572 1578 in
607 1531 832 1577 caussa
857 1523 978 1572 est.
1002 1503 1272 1569 Mortuo
1301 1516 1523 1567 autem
1550 1523 1629 1564 oo
1660 1501 1969 1590 scriptum
1992 1526 2031 1568 a
2058 1505 2307 1570 Lucilio
2332 1507 2675 1588 ejusmodi

501 1639 740 1709 poema
773 1635 946 1691 esse,
986 1624 1086 1674 tot
1121 1604 1659 1694 conspirantibus
1694 1621 1760 1671 et
1798 1629 1837 1670 e
1868 1607 2109 1674 Seneca
2144 1613 2445 1698 petendis
2482 1613 2671 1679 indi-

505 1724 624 1790 ciis
655 1715 1007 1808 approbari
1039 1725 1260 1803 potest
1275 1759 1294 1787 ‚
1331 1725 1408 1774 ut
1436 1709 1623 1774 facile
1666 1731 1771 1774 me
1798 1711 2159 1780 evicturum
2188 1715 2453 1782 credam
2466 1765 2485 1800 ‚
2522 1721 2671 1784 Lu-

501 1829 729 1896 cilium
757 1824 976 1890 AEtnae
998 1817 1200 1885 hodie
1231 1815 1585 1906 prostantis
1610 1831 1943 1882 auctorem
1970 1819 2024 1882 si
2056 1841 2193 1886 non
2234 1839 2415 1888 certo
2432 1873 2453 1907 ,
2491 1841 2671 1891 atta-

501 1957 660 2002 men
691 1930 904 1996 multo
936 1922 1340 2016 probabilius
1357 1969 1376 2002 ‚
1423 1943 1621 2010 quam
1652 1923 2025 1988 Cornelium
2050 1925 2365 1993 Severum
2400 1929 2669 1998 baberi.

589 2043 658 2127 1³
689 2053 910 2103 autem
931 2079 952 2112 ,
979 2031 1068 2098 de
1093 2051 1231 2118 quo
1257 2027 1531 2116 loquor,
1557 2029 1865 2094 Locutus
1895 2030 2133 2096 leuton
2164 2049 2263 2098 est
2282 2081 2300 2110 ‚
2334 2033 2419 2098 ad
2450 2059 2667 2124 quem

499 2149 745 2213 Senem
768 2137 1093 2227 Epistolas
1115 2155 1262 2198 suas
1277 2180 1298 2214 ,
1315 2132 1557 2196 librum
1580 2131 1663 2198 de
1690 2131 2095 2200 Providentia
2113 2181 2131 2216 ,
2154 2152 2219 2202 et
2234 2138 2667 2206 Naturalium

471 2239 481 2248 ’
501 2247 965 2334 Quaestionum
981 2239 1183 2304 libros
1201 2236 1458 2324 scripsit
1471 2284 1492 2317 ,
1512 2237 1756 2324 quique
1772 2237 2159 2304 Procurator
2174 2239 2405 2308 Siciliae
2420 2293 2440 2326 ,
2456 2263 2670 2334 poeta

497 2375 568 2424 et
587 2349 1054 2444 philosophus,
1090 2359 1167 2408 ut
1192 2343 1452 2408 Senecae
1471 2342 1837 2430 testimonia
1853 2343 2199 2431 perhibent
2212 2395 2233 2430 ‚
2252 2352 2667 2438 pereximius

499 2479 797 2548 tempore
829 2451 1114 2524 Neronis
1150 2439 1300 2522 fuit.
1325 2447 1652 2516 Iuniorem
1690 2447 1941 2536 appello
1958 2495 1977 2530 ,
2012 2472 2149 2516 non
2179 2470 2453 2542 propter
2496 2475 2665 2524 ωη-

501 2588 634 2634 tem
655 2613 676 2648 ,
707 2577 825 2626 aut
853 2571 1224 2645 respectum
1261 2553 1346 2621 ad
1393 2552 1829 2644 antiquiorem
1858 2555 2175 2624 Lucilium
2192 2605 2215 2640 ,
2244 2560 2363 2626 sed
2394 2585 2661 2653 cogno..

565 2821 644 2889 (1)
677 2817 800 2870 Non
841 2807 1102 2863 succurrit
1125 2847 1142 2872 ‚
1179 2815 1238 2857 ut
1271 2801 1499 2866 videtur,
1537 2801 1913 2858 Wernsdorfio
1933 2845 1950 2871 ,
1977 2825 2145 2877 quum
2190 2808 2303 2864 haec
2347 2814 2615 2872 scriberet
2634 2857 2653 2884 ‚

495 2908 668 2964 simile
698 2915 916 2956 carmen
951 2895 1080 2948 olim
1116 2912 1150 2946 a
1185 2893 1388 2946 Cesare
1419 2889 1713 2943 Octaviano
1742 2891 1981 2962 Augusto
2012 2897 2362 2976 perscriptum
2400 2921 2521 2956 me
2537 2943 2555 2968 ,
2596 2907 2659 2960 in

493 3015 604 3070 quo
635 2990 839 3066 pariter
860 2982 1074 3038 videtur
1101 2983 1270 3034 AEtnn
1301 2977 1737 3032 commemoratio
1770 2996 1879 3032 non
1908 2980 2225 3038 intermissa.
2273 2987 2481 3061 Nempe
2513 2993 2659 3050 Sue..

491 3085 675 3139 tonius
707 3079 765 3130 iu
793 3077 928 3145 Aug.
962 3089 1078 3142 cap.
1099 3067 1166 3124 85
1187 3105 1204 3130 ‚
1233 3067 1394 3122 refert
1417 3082 1431 3117 ε
1470 3091 1496 3110 0·
1519 3063 1785 3118 Poeticam
1806 3068 2109 3122 summatim
2134 3071 2318 3146 attigit.
2337 3077 2497 3132 Unus
2515 3080 2659 3136 liba-

492 3182 662 3226 exstat
687 3165 914 3235 scriptus
941 3160 1009 3211 ab
1039 3176 1104 3210 eo
1129 3152 1448 3207 hexametris
1476 3150 1737 3228 versibus,
1758 3153 1907 3224 cujus
1924 3165 1979 3206 et
1997 3171 2369 3226 argumentum
2388 3176 2441 3216 et
2461 3166 2657 3222 titulus

493 3271 609 3313 est:
641 3255 812 3306 Sicilia
837 3274 882 3301 ι.
918 3249 1028 3300 Nec
1051 3241 1232 3308 aliud,
1269 3239 1559 3294 adnotante
1600 3237 1915 3291 Casanbono
1933 3278 1948 3303 ‚
1978 3259 2041 3292 ex
2080 3243 2164 3296 his
2206 3250 2383 3302 verbis
2422 3253 2657 3326 colliga,

495 3364 662 3421 quam
687 3341 851 3394 fuisse
873 3335 928 3389 id
955 3349 1170 3387 carmen
1192 3327 1609 3398 descriptionem
1635 3324 1819 3379 Sicilie
1838 3338 1890 3380 et
1916 3345 2095 3381 eorum
2118 3368 2133 3394 ,
2154 3351 2273 3405 quse
2294 3333 2462 3391 habet
2486 3343 2658 3398 mira-

383 3471 386 3475 .
491 3435 678 3490 culosa
693 3467 710 3493 ‚
738 3426 910 3500 qualis
930 3427 1092 3475 AEtna
1111 3428 1191 3471 est
1213 3415 1458 3488 inprimis
1473 3413 1711 3466 solennis
1726 3449 1743 3475 ‚
1766 3423 1830 3465 ut
1844 3415 2041 3468 Seneca
2064 3422 2138 3470 ait
2155 3456 2173 3483 ,
2204 3425 2458 3480 omnibus
2476 3432 2659 3500 poeti,

493 3527 658 3578 locus.
683 3518 889 3572 Tamen
915 3523 976 3564 ut
997 3506 1308 3563 addubitem
1331 3543 1347 3570 ,
1371 3501 1512 3556 idem
1538 3503 1666 3556 facit
1693 3500 1901 3556 Seneca
1928 3503 2077 3558 locus
2092 3545 2109 3574 ‚
2136 3507 2301 3580 Epist,
2322 3529 2484 3570 um
2502 3557 2523 3582 9
2552 3519 2657 3576 uu

491 3631 600 3666 non
629 3606 846 3661 videtur
879 3601 1017 3653 inter
1042 3592 1335 3664 Virgilium
1352 3626 1370 3653 ,
1407 3587 1663 3642 Ovidium
1702 3600 1752 3640 et
1785 3590 2089 3644 Cornelium
2115 3595 2366 3652 Severum
2396 3606 2654 3662 nomina-

488 3715 571 3755 tos
589 3697 658 3751 de
672 3695 780 3746 hoc
797 3699 1042 3762 poemate
1059 3679 1285 3752 Augusti
1305 3679 1584 3732 taciturus.
1607 3677 1787 3742 Quum
1804 3695 1933 3730 vero
1952 3678 2187 3754 plerique
2206 3685 2405 3742 eruditi
2426 3709 2656 3751 carmen

485 3791 554 3844 de
577 3789 737 3839 AEtna
758 3782 1029 3850 Auguste-o
1059 3789 1172 3824 aevo
1201 3767 1494 3820 attribuere
1513 3764 1777 3816 voluerint
1792 3805 1807 3831 ‚
1837 3777 1888 3818 et
1920 3767 1950 3818 J
1955 3806 1967 3817 .
1994 3769 2054 3820 C.
2075 3770 2304 3844 Scaliger
2320 3775 2459 3831 adeo
2476 3781 2657 3848 Quin-

485 3878 670 3931 tiliano
687 3871 838 3921 Varo
879 3883 951 3918 ex
981 3859 1090 3915 levi
1131 3854 1432 3926 suspicione
1455 3849 1795 3923 adscripserit
1813 3890 1828 3914 ,
1866 3854 2059 3908 mirum
2092 3861 2307 3915 omnino
2325 3903 2343 3928 ,
2369 3871 2655 3926 neminem

480 3966 662 4040 potius
679 3952 878 4012 Caesari
902 3954 1143 4019 Augusto
1175 3940 1384 3995 dedisse
1398 3975 1415 4003 ,
1437 3957 1601 4011 quem
1624 3939 1909 3994 Suetonius
1932 3941 2127 3998 diserte
2155 3947 2291 4002 dicit
2317 3951 2656 4015 hexametris

477 4052 722 4110 versibus
735 4041 974 4100 Siciliam
989 4071 1006 4099 ,
1031 4035 1084 4086 in
1111 4049 1222 4104 qua
1238 4028 1464 4082 maxime
1484 4027 1845 4081 memorabilis
1858 4032 2015 4086 AEtna
2036 4044 2134 4099 est,
2152 4033 2513 4112 descripsisse.
2532 4047 2648 4104 Eu,
