2975 4684
357 404 996 424 mmmmmm
1002 403 1551 425 mmmmm
1558 404 2469 435 ωἎΜΜΜΜΜδἉΜἈΌ

830 618 1828 877 EXCURSUS
1918 710 1975 825 1

577 1004 704 1069 AD
769 1004 1132 1072 EPITOM.
1188 1005 1466 1075 ILIAD.
1520 1008 1747 1075 HOM.
1801 1030 1860 1073 ν.
1897 1004 2041 1101 690
2091 1032 2226 1101 seq.

633 1461 1390 1479 ......................
1401 1446 1524 1481 mox
1550 1428 1701 1483 hoste
1725 1434 1937 1503 repulso

621 1508 850 1578 Legatos
877 1508 1116 1571 mittunt,
1140 1506 1484 1582 dextramque
1512 1512 1793 1567 hortantur
1818 1516 2069 1580 Achiuis,

625 1590 699 1643 Ut
728 1592 858 1643 ferat
885 1578 1138 1644 auxilium
1163 1592 1384 1646 miseris.

425 1781 700 1847 Munus
728 1782 920 1846 bisin
947 1782 1186 1865 verbis,
1212 1806 1356 1871 quae
1383 1784 1691 1849 omnibus
1718 1788 1787 1849 in
1816 1784 1995 1849 libris
2026 1788 2271 1876 integra
2294 1836 2311 1868 ,
2346 1811 2465 1851 nee

337 1885 606 1965 variata,
645 1886 990 1973 leguntur,
1032 1884 1436 1950 difficultates
1477 1888 1718 1975 reperit
1754 1888 2267 1952 consultissimus
2297 1892 2466 1953 Bon-

338 1985 626 2067 damius‚
664 1986 812 2049 Var.
846 1988 1022 2050 Lect.
1052 2009 1118 2074 p.
1165 1985 1322 2067 165,
1378 2009 1595 2074 neque
1630 1989 1943 2051 lectorum
1998 1989 2193 2051 alium
2236 2012 2467 2077 quem-

337 2088 508 2176 piam
545 2087 688 2151 fore
729 2069 1044 2167 arbitror,
1093 2088 1208 2201 qui
1260 2110 1396 2151 non
1448 2088 1519 2151 in
1572 2088 1648 2152 iis
1683 2090 1786 2153 vel
1832 2090 2149 2179 insignem
2186 2112 2471 2155 errorem

337 2187 615 2270 librarii,
648 2190 748 2253 vel
781 2210 1080 2277 magnam
1111 2188 1314 2275 ipsius
1341 2191 1625 2253 auctoris
1652 2192 2053 2255 oscitantiam
2082 2194 2463 2279 suspicetur.

337 2288 588 2377 Nempe
618 2289 816 2352 verba
839 2312 998 2352 mox
1019 2288 1194 2353 hoste
1222 2289 1464 2378 repulso
1496 2312 1647 2354 cum
1678 2308 1903 2355 caetera
1930 2294 2299 2359 narratione
2330 2318 2465 2359 non

339 2390 688 2454 cohaerent.
729 2390 934 2454 Danai
967 2391 1178 2471 enim,
1217 2390 1330 2478 qui
1363 2406 1515 2455 ante
1552 2390 1935 2457 dicebantur
1963 2418 2001 2457 a
2034 2394 2329 2475 Trojanis
2362 2398 2464 2460 fu-

337 2492 468 2581 gati
503 2492 572 2555 in
623 2506 828 2556 castra
843 2538 863 2572 ,
913 2514 1142 2581 aggere
1182 2492 1451 2572 inclusi,
1500 2507 1565 2554 et
1604 2493 1890 2557 excubiis
1934 2496 2169 2583 pressi,
2216 2499 2460 2585 quique

335 2592 594 2657 attoniti
617 2608 800 2657 tanto
831 2592 1229 2676 discrimine,
1263 2614 1386 2657 nec
1409 2590 1686 2679 dapibus
1719 2594 2001 2657 relevare
2033 2595 2318 2678 animos,
2342 2619 2463 2683 uec

336 2717 606 2783 corpora
641 2716 900 2777 curare,
937 2715 1058 2757 nec
1089 2691 1446 2781 quidquam
1469 2690 1677 2773 aliud,
1716 2715 1911 2780 quam
1943 2694 2159 2757 miseri
2190 2718 2305 2759 sua
2335 2697 2464 2761 fata

337 2818 593 2885 gemere
635 2794 1000 2877 audebant,
1037 2793 1216 2859 unde
1246 2793 1354 2857 isti
1386 2810 1517 2857 tam
1556 2792 1777 2857 subito
1810 2810 2023 2858 tantos
2058 2797 2309 2861 animos
2354 2820 2466 2861 su·-

338 2912 532 2961 munt
549 2944 568 2978 ,
601 2913 676 2959 ut
723 2918 879 2961 mox
925 2896 1184 2959 hostem
1219 2894 1529 2981 repellere
1574 2893 1896 2959 audeant?
1948 2896 2205 2976 Quibus
2246 2914 2465 2962 autem

338 2997 613 3085 contigit
653 2997 912 3060 hostem
949 2996 1289 3083 repellere,
1323 2995 1437 3081 qui
1469 2993 1575 3075 fit,
1612 3010 1690 3061 ut
1722 2994 1825 3057 isti
1846 3041 1865 3075 ,
1924 2994 2107 3083 quasi
2142 2996 2353 3063 adhuc
2394 3000 2461 3063 in

336 3120 601 3163 summo
631 3094 1008 3161 discrimine
1044 3110 1370 3159 versantes
1387 3142 1407 3175 ,
1439 3113 1701 3159 necesse
1734 3095 2048 3178 habeant,
2083 3096 2371 3163 dextram
2400 3117 2467 3165 et

336 3200 646 3264 auxilium
679 3198 943 3264 Achillis
977 3198 1322 3284 implorare
1351 3218 1469 3284 per
1506 3196 1748 3285 legatos
1762 3244 1781 3279 ,
1816 3220 2013 3285 seque
2044 3198 2216 3285 ipsos
2248 3200 2463 3265 adhuc

337 3300 606 3365 miseros
639 3297 986 3388 adpellent.
1036 3295 1235 3364 Aliud
1284 3298 1557 3363 omnino
1602 3315 1829 3362 auctor
1867 3299 1987 3363 hac
2026 3316 2207 3387 parte
2240 3324 2462 3368 versus

337 3400 574 3465 dixerit
613 3420 873 3463 necesse
905 3414 1037 3480 est,
1075 3398 1128 3462 si
1167 3398 1432 3487 quidem
1463 3398 1677 3488 ipsum
1712 3416 2035 3487 putamus.
2062 3424 2195 3465 non
2231 3403 2461 3468 incon-

339 3524 499 3590 grua
531 3515 598 3565 et
640 3500 996 3589 pugnantia
1033 3497 1301 3581 dixisse,
1339 3516 1406 3565 et
1439 3499 1835 3565 Bondamius
1854 3501 1933 3565 V.
1968 3503 2043 3565 C.
2083 3502 2257 3567 -bene
2298 3505 2456 3570 sub-

337 3600 550 3667 ductis
595 3599 988 3682 rationibus,
1037 3616 1102 3665 et
1134 3600 1362 3665 collata
1398 3601 1667 3665 Homeri
1707 3601 2075 3665 narratione
2090 3651 2107 3682 ,
2146 3608 2453 3691 temporis

337 3703 616 3791 aliquam
648 3702 1050 3767 notationem
1081 3701 1170 3765 ibi
1208 3702 1404 3765 latere
1435 3702 1715 3783 conjicit.
1744 3702 1996 3790 Nempe
2028 3718 2221 3789 nocte
2255 3705 2452 3771 inter-

337 3804 636 3869 veniente
677 3804 920 3869 Hector
955 3801 1460 3893 impediebatur,
1507 3804 1859 3892 quominus
1893 3784 2152 3868 Groecos
2192 3806 2450 3896 fugien-

335 3922 432 3969 tes
487 3906 758 3969 ulterius
811 3920 1329 3993 persequeretur.
1388 3906 1532 3969 Hoc
1596 3906 1762 3969 clare
1816 3903 2035 3992 prodit
2092 3905 2449 3990 Homerus,

337 4006 516 4073 Iliad.
538 4007 737 4088 VIII,
769 4005 918 4093 487.
955 4006 1241 4072 Hector
1225 4006 1482 4069 interim
1517 4006 1791 4069 Achivos
1817 4002 1983 4069 vallo
2010 4004 2293 4072 inclusos
2328 4010 2449 4073 ob-

269 4155 276 4165 .
335 4107 588 4172 sidione
611 4107 844 4197 cingit,
871 4108 1050 4197 ignes
1076 4130 1192 4196 per
1215 4124 1422 4173 totam
1454 4122 1715 4173 noctem
1742 4105 2001 4179 incendi
2022 4154 2039 4189 ,
2068 4122 2134 4169 et
2154 4110 2455 4179 excubias

2101 4207 2209 4303 39.
