2975 4684
599 394 738 465 660
1488 419 1845 466 TABULA.

599 546 934 611 Excursus
972 546 1004 610 1
1041 543 1124 611 ad
1162 542 1359 611 Saleii
1400 545 1582 611 Bassi
1620 546 1949 630 Carmen,
1986 570 2047 612 v.
2086 542 2177 614 35
2218 560 2288 615 et
2322 545 2415 616 36
2448 601 2462 616 .
2496 600 2510 616 .
2582 576 2709 647 271

598 670 934 735 Excursus
965 670 1032 737 11
1063 666 1148 733 ad
1185 664 1382 735 Saleii
1415 668 1595 735 Bassi
1630 670 1950 755 Carmen,
1994 694 2054 737 v,
2090 694 2183 765 79
2222 685 2294 739 et
2336 670 2461 743 80.
2493 727 2509 741 .
2578 676 2721 769 274

599 794 936 859 Excursus
973 793 1072 860 111
1107 789 1193 859 ad
1229 788 1431 859 Saleii
1467 790 1648 859 Bassi
1686 792 2007 877 Carmen,
2039 817 2098 859 v.
2126 789 2462 888 173-175.
2496 848 2511 863 .
2582 795 2721 891 278

597 914 931 981 Excursus
969 916 1070 983 IV
1113 912 1195 981 ad
1231 910 1428 981 Saleii
1465 914 1646 981 Bassi
1685 916 2008 1001 Carmen,
2036 939 2099 982 v.
2140 914 2272 985 180
2311 940 2446 1011 seq.
2495 971 2512 985 .
2580 918 2721 1003 284

600 1035 677 1100 T.
709 1034 1002 1101 Petronii
1043 1034 1296 1102 Arbitri
1333 1035 1647 1103 Carmina
1689 1035 1947 1104 minora
1965 1090 2515 1111 ............
2581 1066 2719 1139 297

600 1161 652 1226 1.
703 1158 808 1225 De
859 1158 1148 1226 Somniis
1199 1209 2467 1231 ...........................
2468 1216 2517 1263 ν.
2612 1162 2733 1239 lb.-

599 1287 770 1350 Item
818 1335 830 1348 .
866 1336 878 1350 .
913 1326 954 1348 .·
960 1334 2513 1355 .................................
2582 1314 2725 1385 299

599 1406 686 1471 II.
740 1403 846 1472 Ad
886 1405 1202 1497 Priapum
1245 1458 1258 1471 .
1292 1404 1343 1473 .’
1342 1456 2515 1479 .........................
2584 1408 2725 1480 300

602 1530 728 1596 111.-
781 1531 953 1620 Saga
999 1525 1238 1595 mulier
1293 1578 2515 1601 ..........................
2583 1533 2719 1604 302

602 1653 721 1721 lv.
775 1652 880 1719 De
913 1652 1364 1745 Antiquorum
1405 1653 1587 1719 tenui
1625 1653 1803 1720 victu
1840 1650 2159 1748 cultuque
2212 1708 2514 1725 .......
2583 1654 2725 1728 305
2770 1738 2799 1763 θ

601 1775 687 1843 V.
740 1777 846 1845 De
887 1774 1163 1843 muliere
1206 1774 1493 1844 formosa
1527 1830 1539 1843 .
1588 1830 1603 1843 .
1635 1829 1648 1844 .
1682 1828 1695 1843 .
1732 1828 1744 1843 .
1778 1829 1795 1845 .
1830 1828 1841 1841 .
1874 1828 2515 1847 ..............
2583 1777 2727 1875 309

603 1901 723 1967 VI.
775 1902 854 1967 In
899 1900 1434 1991 superstitionem
1483 1950 2515 1971 ......................
2584 1900 2722 1971 312

602 2024 760 2089 VII.
813 2021 918 2089 De
953 2021 1226 2091 vitando
1265 2021 1534 2090 fastidio
1584 2074 2515 2094 ....................
2584 2022 2725 2094 315

603 2146 681 2211 Τ.
712 2144 903 2213 Caesii
931 2144 1206 2212 Taurini
1248 2158 1480 2215 votum
1519 2147 1831 2212 Fortunae
1864 2146 2282 2214 Praenestinae
2308 2200 2517 2217 .....
2586 2145 2729 2217 316

604 2267 850 2335 Incerti
885 2283 1114 2336 votum
1161 2266 1248 2335 ad
1287 2270 1633 2335 Oceanum
1686 2320 2517 2340 ..................
2586 2270 2731 2341 320

605 2389 967 2482 Reposiani
1007 2390 1420 2460 Concubitus
1456 2390 1695 2459 Martis
1735 2404 1804 2457 et
1820 2390 2101 2459 Veneris
2120 2444 2523 2461 .........
2586 2390 2731 2477 324

603 2511 918 2579 Carmina
947 2513 1252 2581 Heroica.
1285 2552 1380 2563 -—-
1401 2514 1596 2580 Tomi
1632 2514 1810 2581 tertii
1850 2536 2006 2606 pars
2050 2514 2369 2582 secunda.
2404 2568 2416 2582 .
2451 2569 2464 2581 .
2499 2568 2513 2582 .
2584 2512 2729 2600 345

602 2634 818 2703 Series
879 2636 1267 2704 Carminum
1319 2660 1468 2729 quae
1532 2635 1657 2704 hac
1723 2635 2013 2705 secunda
2072 2652 2259 2730 parte
2320 2640 2531 2706 conti-

705 2772 1696 2837 nentur..............‚
1729 2809 2517 2828 .................
2584 2757 2729 2844 346

601 2884 851 2951 Incerti
879 2883 1104 2952 Verba
1143 2879 1420 2953 Achillis
1461 2882 1529 2950 in
1571 2880 2027 2968 Parthenone,
2058 2905 2263 2973 quum
2304 2880 2535 2948 tubam

699 3004 1046 3073 Diomedis
1083 3003 1398 3073 audiisset
1440 3054 2516 3073 .......................
2584 3001 2725 3097 347

553 3112 560 3121 ’
601 3128 846 3195 Incerti
885 3125 1182 3221 Epistola
1228 3126 1513 3197 Didonis
1556 3126 1641 3195 ad
1676 3130 1988 3209 AEneam,
2024 3125 2335 3210 Praefatio
2360 3178 2375 3193 .
2408 3178 2421 3193 .
2456 3177 2471 3193 .
2502 3178 2517 3193 .
2584 3122 2727 3221 357

602 3248 782 3317 Dido
819 3247 904 3317 ad
939 3252 1214 3319 AEneam
1244 3299 2515 3319 ...........................
2584 3244 2732 3317 358

601 3372 910 3443 Praefatio
945 3374 1031 3442 ad
1074 3373 1520 3468 Epithalamia
1540 3424 1941 3444 .........
1958 3394 1967 3401 ·
1970 3424 2515 3442 ............
2580 3373 2735 3466 374

599 3498 870 3567 Patr-icii
907 3496 1430 3592 Epithalamium
1457 3498 1756 3592 Auspicii
1798 3511 1867 3565 et
1904 3495 2103 3566 Aellae
2119 3548 2519 3565 .........
2588 3492 2739 3565 386

598 3622 846 3690 Incerti
881 3620 1402 3714 Epithalamium
1432 3620 1781 3690 Laurentii
1816 3634 1881 3687 et
1918 3620 2150 3688 Mariae
2166 3668 2516 3688 ........
2586 3616 2741 3711 396

601 3750 999 3841 Fragmenta
1029 3745 1633 3839 Epithalamiorum
1665 3760 1961 3813 veterum
2022 3794 2517 3815 ...........
2585 3744 2743 3825 404

599 3877 654 3939 Ι.
709 3867 1000 3941 Gallieni
1036 3873 1211 3965 Imp.
1249 3868 1585 3939 adlocutio
1623 3867 1707 3936 ad
1742 3892 2021 3961 sponsos
2066 3916 2514 3934 ..........
2616 3861 2741 3931 lb.

599 3994 686 4059 11.
741 3990 921 4060 Aviti
957 3989 1296 4061 adlocutio
1335 3989 1659 4085 sponsalis
1676 4038 2517 4059 ..................
2582 3982 2745 4069 406

597 4114 732 4190 ΙΙΙ.
777 4113 1026 4184 Incerti
1061 4111 1585 4212 Epithalamium
1634 4162 2231 4183 .............
2242 4174 2251 4181 ,
2264 4160 2520 4179 ......
2588 4110 2742 4200 407
