2975 4684
475 337 617 424 53'6

1337 355 1749 424 INCERTI

569 481 790 548 Crura
825 489 1069 572 tegunt
1099 499 1342 566 ocreae,
1378 477 1611 572 quales
1652 480 1841 548 decet
1877 481 2188 550 Hectoris
2220 505 2384 553 esse.

563 593 765 664 Hunc
809 588 1114 684 sequitur
1147 587 1364 658 forma
1397 588 1661 680 melior,
1700 616 1837 659 non
1876 589 2070 660 fortis
2104 592 2173 660 in
2208 594 2452 680 armis,

567 699 734 770 Belli
771 723 1004 770 caussa
1042 700 1264 787 Paris,
1299 701 1535 795 patriae
1564 699 1827 770 funesta
1872 703 2098 789 ruina,

565 811 1136 906 Deiphobusque,
1172 810 1600 907 Helenusque
1638 810 1869 898 simul,
1906 813 2231 908 fortisque
2265 813 2553 902 Polites,

561 925 648 991 Et
679 946 864 992 sacer
903 923 1168 1004 AEneaS.‚
1207 922 1495 990 Veneris
1535 925 1901 992 certissima
1940 923 2197 1018 prole-S,

2543 950 2631 990 235

561 1030 1180 1126 Archilochusque,
1213 1037 1629 1127 Acamasque
1664 1034 1880 1117 ferox,
1906 1038 2249 1105 Antenore
2284 1036 2471 1106 nati:

563 1146 705 1214 Nec
739 1169 879 1212 non
909 1157 977 1212 et
1012 1141 1235 1238 proles
1265 1167 1586 1238 generosa
1621 1146 1951 1239 Lycaonis
1988 1146 2129 1215 ibat

559 1253 908 1325 Pandarus
929 1307 948 1342 ,
991 1268 1057 1322 et
1095 1277 1354 1349 magnae
1392 1255 1663 1323 virtutis
1696 1252 1995 1325 Glaucus
2026 1257 2097 1324 in
2130 1258 2375 1346 armiS,

561 1366 1077 1461 Amphionque‚
1111 1364 1472 1452 AdrastuS,
1508 1379 1576 1434 et
1603 1365 1834 1451 AsiuS‚
1869 1381 2071 1461 atque
2102 1366 2375 1463 Pylaeus,

556 1478 710 1547 Ibat
747 1489 816 1546 et
846 1475 1402 1570 AmphimachuS,
1428 1479 1826 1571 Nastesque,
1866 1477 2148 1574 insignis
2184 1493 2508 1574 uterque,
2544 1505 2633 1548 2⁴0

556 1585 1108 1682 Magnanimique
1145 1584 1350 1656 duces
1384 1585 1646 1656 Hodius
1682 1602 1748 1656 et
1780 1589 2241 1683 Epistrophus
2276 1590 2552 1686 iugem,

558 1699 1084 1794 Euphemusque
1115 1697 1304 1767 ferox
1326 1751 1346 1784 ‚
1381 1695 1735 1792 clarusque
1772 1713 1965 1768 aetate
2001 1699 2454 1795 Pyraechmes‚

538 1903 659 1950 231.
701 1902 884 1966 Quales
931 1902 1071 1950 decet
1105 1902 1323 1951 Hectoris
1369 1917 1495 1950 esse.

467 1978 720 2031 Formula
755 1977 1014 2030 Ovidiana
1035 2018 1050 2042 ‚
1098 1977 1225 2030 Met.
1261 1978 1352 2040 11,
1390 1983 1495 2040 14:

469 2083 496 2104 ιι
517 2055 679 2110 facies
707 2074 814 2109 non
843 2056 1091 2110 omnibus
1113 2075 1220 2110 una
1235 2095 1251 2120 ,
1271 2057 1390 2110 Non
1419 2053 1501 2108 di-

463 2155 612 2190 versa
633 2147 811 2188 tamen
836 2152 850 2186 :
879 2134 1091 2207 qualem
1110 2135 1261 2189 decet
1283 2154 1394 2189 esse
1417 2153 1501 2188 so-

464 2235 650 2270 rorum
673 2241 716 2269 n.
757 2215 916 2269 Hunc
944 2227 995 2268 et
1021 2228 1300 2288 sequentes
1319 2235 1500 2270 versus

467 2297 537 2351 de
567 2297 759 2350 Paride
787 2297 1039 2352 Barthius
1071 2298 1107 2349 1.
1145 2316 1194 2351 c.
1225 2308 1503 2369 tamquam

469 2378 750 2448 praelatos
776 2390 829 2430 et
859 2395 1046 2448 graves
1069 2389 1118 2430 et
1143 2395 1359 2430 omnem
1389 2396 1502 2430 rem

466 2457 815 2510 necessariam
832 2456 1062 2510 breviter
1078 2456 1378 2528 complexos
1393 2456 1506 2514 lau-

465 2533 672 2590 dandos
690 2546 885 2588 censet.

545 2617 662 2681 234.
683 2617 936 2682 For-eisquc
951 2618 1134 2668 Polooes
1157 2614 1379 2686 vulgato
1405 2615 1501 2669 ha-

467 2693 612 2750 bent.
647 2696 879 2768 Dor-pins
911 2715 1041 2750 vero
1076 2696 1301 2749 Observ.
1329 2715 1375 2750 c.
1401 2702 1497 2760 14,

467 2796 520 2850 p.
543 2795 564 2830 1
579 2779 663 2842 16,
685 2775 967 2847 legendum
993 2776 1284 2830 arbitratur
1299 2781 1496 2845 Polites,

469 2867 530 2909 ut
571 2855 714 2927 apud
759 2847 1052 2909 Homerum
1073 2895 1090 2922 ‚
1130 2856 1219 2920 11,
1264 2875 1360 2926 701
1381 2875 1396 2909 ε
1445 2870 1499 2912 et

466 2937 640 3008 ipsum
661 2934 765 2989 hoo
787 2936 925 2989 clare
950 2935 1162 3008 praesert
1179 2935 1248 2988 G.
1273 2955 1320 2987 2.

545 3013 662 3068 235.
683 3017 973 3067 Gratissima
985 3019 1150 3084 proles
1176 3015 1242 3068 G.
1270 3035 1297 3068 2
1313 3054 1331 3080 ,
1351 3014 1499 3089 quod

469 3095 580 3148 fere
605 3095 806 3148 malim.

545 3175 664 3227 236.
687 3180 1024 3243 Acamasque.
1043 3175 1199 3228 Hom.
1227 3175 1283 3227 II
1301 3213 1317 3239 ,
1359 3177 1496 3239 8233

469 3250 594 3307 edd.
617 3265 725 3306 vet.
748 3259 1103 3322 Athamasque.

545 3333 662 3385 238.
685 3336 900 3384 Glaucus
927 3337 977 3385 in
1011 3337 1178 3386 armis.
1199 3333 1358 3387 Hunc
1382 3334 1497 3387 Ho-

469 3432 646 3466 merus
666 3453 681 3480 ,
727 3412 784 3464 11
832 3425 965 3466 extr.
1019 3433 1144 3466 cnm
1192 3413 1499 3487 Sarpedone

463 3492 758 3564 Lyciorum
784 3491 922 3546 duce
961 3493 1268 3566 conjungit,
1297 3493 1364 3547 de
1391 3514 1503 3566 quo

466 3573 678 3636 Noster,
699 3571 840 3624 infra
863 3591 917 3624 v.
941 3573 1061 3634 248.

541 3654 664 3720 239.
695 3655 1030 3720 Amphiusquc
1057 3654 1304 3703 Adrastus
1325 3652 1502 3706 scrib0

466 3751 528 3785 ex
546 3732 704 3786 Hom.
724 3731 781 3784 11
797 3772 814 3796 ‚
831 3731 968 3795 8303
992 3745 1042 3784 ec
1066 3735 1242 3793 Asius,
1265 3733 1336 3784 ib.
1359 3734 1462 3788 838
1481 3751 1495 3786 τ

463 3811 626 3885 idque
689 3829 974 3882 agnoscere
1022 3808 1234 3864 videtur
1279 3813 1497 3884 antiqua

462 3893 606 3962 Lips.
629 3911 754 3945 cum
779 3893 842 3943 A.
867 3895 1113 3942 Adrastus
1133 3895 1320 3942 Kasius
1344 3907 1497 3959 aeque

463 3971 736 4025 scribens:
762 3970 976 4041 reliquae
1007 3966 1262 4022 editiones
1299 3971 1496 4024 habent

466 4055 713 4103 Adrastus
742 4065 791 4102 ee
821 4053 1034 4101 Austias-
1061 4063 1212 4116 aeque
1237 4052 1448 4102 Phialtes
1473 4073 1494 4104 .·

465 4145 627 4200 quem
645 4131 862 4182 Plu'aloea
877 4165 896 4191 ,
928 4128 1053 4201 quia
1080 4145 1256 4202 neque
1273 4127 1494 4189 Homeri

1588 1898 1891 1972 catalogus,
1934 1917 2111 1970 neque
2152 1896 2337 1970 Dictys
2378 1896 2622 1951 Cretens.

1586 1977 1675 2042 11,
1717 1977 1815 2044 35,
1850 1977 2049 2046 habet,
2091 1978 2203 2050 ejus
2242 1979 2363 2031 loco
2404 1981 2626 2042 &lerum

1586 2057 1695 2110 huc
1748 2057 1907 2111 retuli
1927 2076 1943 2122 ς
1988 2077 2149 2130 quem
2193 2057 2458 2110 Homerus
2496 2075 2627 2110 cum

1586 2140 1857 2205 Hippothoe
1874 2155 1935 2189 ex
1959 2137 2166 2190 Larissa
2194 2136 2471 2210 conjungit
2488 2174 2505 2200 ,
2532 2137 2593 2188 Π
2610 2177 2629 2204 ,

1588 2217 1691 2282 842
1710 2257 1726 2283 ,
1748 2235 1847 2270 nec
1868 2216 1973 2272 alio
1993 2217 2115 2271 loco
2134 2217 2203 2272 ab
2222 2217 2414 2270 Nostro
2444 2214 2625 2270 addu-

1589 2307 1735 2350 ctum
1764 2295 1889 2350 vidi.
1928 2295 2257 2350 Bondamius
2284 2295 2431 2348 hunc
2458 2305 2513 2348 et
2542 2315 2627 2348 se-

1590 2387 1813 2446 quentes
1823 2393 2005 2430 versus
2022 2377 2079 2428 in
2097 2376 2321 2448 specim.
2336 2373 2624 2428 Animadv-

1589 2473 1642 2527 p.
1663 2473 1749 2527 77,
1765 2475 1821 2509 se
1846 2453 2155 2509 emendasse
2178 2455 2250 2508 ait
2268 2493 2285 2518 ,
2312 2455 2444 2506 Var.
2472 2455 2623 2506 Lect.

1590 2553 1643 2606 p.
1670 2538 1770 2588 150
1785 2576 1801 2603 ,
1819 2553 1981 2610 quem
2000 2546 2179 2588 tamen
2200 2534 2398 2586 librum
2426 2551 2625 2586 consu·

1591 2615 1700 2668 lere
1725 2634 1835 2668 non
1858 2613 2027 2688 potui.

1660 2701 1785 2758 240.
1826 2697 2205 2764 Amphimachus
2238 2699 2519 2760 Nastesque
2552 2691 2625 2746 de

1586 2773 1769 2841 Caria,
1806 2778 2209 2847 conjunguntur
2243 2775 2313 2827 ah
2343 2773 2578 2826 Homero
2605 2813 2623 2838 ,

1586 2855 1669 2920 11,
1704 2857 1827 2925 870.
1868 2853 2012 2906 Editi
2036 2853 2220 2924 legunt
2241 2854 2624 2922 Amphimachus

1585 2938 1890 3002 Mariusque.
1906 2935 1968 2987 A.
1991 2936 2305 3001 Mucia-sque.

1634 3023 1781 3080 ,241-
1826 3018 2013 3066 Hodias
2057 3029 2107 3066 et
2158 3015 2468 3082 Epistrophus
2520 3011 2625 3066 filii

1586 3095 1759 3147 Minoi
1780 3093 2096 3148 Halizonum
2116 3093 2287 3165 regis:
2311 3094 2387 3147 sic
2410 3091 2623 3163 Dictys,

1587 3175 1673 3238 11,
1697 3175 1786 3241 35,
1812 3186 1865 3226 et
1886 3173 2153 3228 Homerus
2172 3171 2383 3226 eosdem
2405 3174 2627 3243 conjun*

1585 3253 1665 3328 git
1682 3273 1734 3306 v.
1761 3253 1897 3308 856:
1938 3251 2065 3306 editi
2091 3251 2295 3306 habent
2319 3254 2541 3306 Rhodius
2574 3267 2628 3302 ee

1584 3336 1921 3404 Epistrophus.

1660 3422 1779 3480 242.
1818 3415 1978 3468 Hunc
2014 3427 2071 3469 et
2112 3425 2388 3486 sequentes
2426 3431 2621 3466 versus

1589 3495 1897 3549 emendavit
1928 3493 2253 3549 Bondamius
2279 3494 2320 3546 l.
2349 3513 2397 3548 c.
2414 3513 2467 3566 p.
2497 3493 2625 3558 151,

1589 3593 1749 3646 quem
1770 3576 1825 3628 iu
1844 3575 2087 3648 plurimis
2108 3591 2321 3646 sequor.
2344 3576 2627 3642 Euphemus

1590 3655 1851 3708 Ciconum
1879 3653 1987 3707 dux
2009 3692 2025 3718 ,
2070 3667 2121 3708 et
2145 3656 2450 3720 &ra-clames
2477 3652 2627 3704 Paeo-

1588 3753 1719 3788 num
1738 3773 1754 3798 ,
1811 3747 2176 3788 memorantur
2228 3732 2297 3786 ab
2352 3731 2589 3785 Homero
2606 3770 2625 3795 ,

1590 3833 1637 3866 v.
1674 3815 1775 3878 846
1810 3828 1864 3868 et
1900 3815 2035 3878 848:
2080 3825 2131 3867 et
2160 3813 2227 3866 ad
2258 3815 2497 3882 Eeephemi
2522 3831 2627 3865 no-

1584 3912 1708 3946 men
1730 3892 1934 3947 adludit
1953 3893 2213 3965 scriptura
2236 3902 2451 3945 vetuste
2470 3891 2622 3962 Lips.

1584 3977 1965 4041 Emplu'musquc
1978 3975 2141 4042 ,β’-οε·
2155 4011 2174 4035 ,
2205 3991 2373 4044 quum
2398 3969 2623 4042 reliqum

1586 4053 1890 4126 corruptius
1924 4051 2103 4124 legant
2130 4042 2520 4122 Euphor-iusque.
2552 4052 2619 4106 A.

1584 4134 1980 4202 En'phimusquc.
