2975 4684
509 399 678 495 294'
1218 396 1761 467 EXCURSUS
1824 396 1931 463 IV

503 536 648 587 ctus
667 569 687 603 ,
719 520 960 586 calculi·
981 542 1137 584 vero
1169 518 1292 610 ipsi
1323 520 1509 583 hwite·
1532 515 1950 597 dicebantur,
1997 514 2179 603 quod
2212 513 2481 580 adnotat
2514 516 2639 579 Isi-

509 620 742 686 dorus.·
775 618 971 709 Apud
1007 614 1264 686 Graecos
1311 621 1433 684 alia
1477 634 1617 685 erat
1662 617 1883 683 tabula
1918 617 2317 683 calculorum
2336 667 2354 700 ,
2393 618 2639 707 quippe

504 723 798 813 quinque
831 723 1173 787 linearum.
1209 722 1438 809 Itaque
1469 720 1707 787 nonin
1741 718 1985 784 ultimis
2014 718 2199 784 lineis
2234 736 2418 784 erant
2454 719 2640 783 inciti

505 826 736 893 calculi
753 874 772 908 ‚
795 825 1005 891 sedin
1033 824 1265 890 media.
1289 824 1529 907 Quare,
1544 844 1756 911 quum
1782 822 2091 885 alteruter
2120 842 2199 885 ex
2218 819 2553 885 lusoribus
2566 820 2639 883 in

504 929 774 995 incitam
788 928 1025 993 lineam
1043 914 1384 1017 cogeretur
1397 974 1416 1009 ,
1445 948 1628 989 nunc
1642 923 1949 991 movebat
1972 922 2293 987 calculum
2312 922 2395 987 ab
2412 920 2640 989 eadem

505 1028 719 1095 media
741 1030 942 1112 linea,
979 1029 1110 1093 hoc
1141 1027 1315 1092 dicto
1331 1076 1348 1104 ‚
1375 1043 1493 1091 κινῶ
1521 1039 1608 1090 τὸν
1632 1036 1720 1107 ἀφ’
1750 1035 1915 1106 ἱερᾶς,
1940 1046 2093 1088 nam
2124 1024 2299 1088 linea
2320 1023 2431 1087 illa
2456 1046 2643 1087 voca·

503 1131 700 1197 batur
729 1142 852 1215 ἱερά.
871 1160 898 1191 n
931 1130 1060 1197 Sed
1093 1129 1336 1194 fallitur
1382 1128 1657 1197 omnino
1708 1126 1989 1215 Scaliger
2006 1172 2026 1206 ,
2074 1123 2257 1212 quod
2303 1124 2371 1187 in
2417 1123 2643 1212 phrasi

505 1238 604 1302 ad
636 1240 860 1302 ἰησὶταε
897 1236 1178 1327 redigere
1215 1232 1742 1300 subaudiendum
1773 1230 1975 1295 lineas
2003 1246 2212 1320 putat.
2260 1230 2345 1293 Et
2374 1228 2643 1317 quando

506 1338 734 1403 incitas
759 1338 960 1403 lineas
987 1338 1254 1426 exponit
1277 1358 1396 1425 per
1429 1333 1691 1400 ultimas
1708 1381 1727 1415 ,
1762 1332 2023 1397 videtur
2054 1333 2257 1397 lineas
2284 1331 2353 1395 in
2380 1330 2643 1413 stadiis,

507 1439 590 1504 ad
633 1462 794 1528 quas
839 1437 1326 1504 contendebant
1365 1450 1742 1518 currentes,
1798 1456 1951 1499 cum
1994 1434 2229 1499 tabulae
2262 1434 2450 1527 lineis
2480 1456 2644 1498 cou-

510 1540 810 1606 fundere.
842 1539 1012 1604 Nam
1037 1541 1108 1603 in
1135 1538 1356 1604 stadiis
1394 1540 1582 1602 lineae.
1608 1542 1909 1601 extiemae
1938 1552 2008 1601 et
2038 1537 2285 1601 ultimae
2314 1538 2645 1602 vocaban-

511 1659 650 1724 tur,
702 1665 864 1730 quas
919 1642 1086 1705 ultra
1133 1638 1438 1731 progredi
1470 1638 1649 1704 nefas
1681 1654 1816 1703 erat
1830 1687 1847 1722 ‚
1886 1652 1953 1702 et
1996 1661 2139 1726 quae
2182 1638 2403 1703 cursui
2420 1636 2645 1704 'finem

517 1744 775 1810 dabant.
809 1744 980 1809 Hinc
1006 1744 1234 1808 Horat.
1263 1744 1470 1830 Epist.
1508 1742 1539 1805 I
1556 1790 1576 1825 ‚
1614 1742 1694 1806 16
1712 1789 1731 1824 ,
1764 1764 1930 1805 mors
1964 1741 2193 1813 ultima
2225 1742 2396 1805 linea
2436 1764 2649 1806 rerum

513 1862 602 1911 est
613 1871 640 1925 ;
658 1861 723 1910 et
743 1845 1096 1934 Sophocles
1127 1845 1196 1907 in
1219 1846 1550 1933 Antigone
1564 1892 1583 1926 ‚
1603 1865 1801 1930 quem
1822 1843 2201 1931 Stephanus
2213 1844 2283 1907 in
2311 1844 2647 1909 Thesauro

521 1948 782 2037 allegat,
809 1964 891 2015 ἐπ’
920 1956 1072 2029 ἄειραν
1099 1956 1280 2027 ἥκομεν
1309 1956 1543 2027 γραμμὴν
1576 1961 1741 2008 κακῶν
1764 1992 1781 2021 ‚
1810 1946 2177 2011 Devenimus
2213 1968 2525 2011 summam
2554 1946 2654 2010 ad

519 2049 833 2113 malorum
861 2048 1118 2113 lineam.
1151 2048 1324 2111 Hinc
1349 2063 1416 2111 et
1431 2048 1704 2125 Seneca,
1742 2069 1845 2135 ep.
1866 2070 2017 2111 xxvr
2030 2095 2049 2128 ,
2082 2048 2421 2138 decrepitos
2445 2063 2510 2112 et
2527 2072 2649 2111 ex·

520 2169 719 2219 trema
745 2166 1072 2240 tangentes
1089 2152 1386 2241 appellat.
1401 2152 1672 2217 Fallitur
1699 2151 1892 2216 etiam
1908 2200 1927 2234 ,
1968 2151 2149 2239 quod
2174 2155 2646 2244 metaphoram,

518 2278 661 2344 quae
690 2256 759 2319 in
791 2254 1011 2343 phrasi
1040 2254 1162 2317 ista
1193 2254 1389 2319 latere
1423 2253 1678 2317 videtur
1694 2302 1713 2335 ‚
1745 2277 1783 2317 a
1817 2253 1975 2318 lu‘do
2006 2254 2354 2320 duodecim
2384 2256 2651 2344 scripto-

517 2380 662 2421 rum
697 2357 932 2444 repetit
951 2404 970 2437 ,
1003 2370 1198 2443 atque
1222 2356 1290 2419 in
1323 2354 1402 2420 iis
1438 2355 1735 2435 ultimam
1766 2356 2003 2421 lineam
2034 2357 2235 2422 fuisse
2256 2374 2474 2446 putat,
2501 2382 2649 2446 quae

518 2458 716 2523 incita
751 2455 1093 2523 diceretur.
1140 2458 1284 2545 Ego
1320 2457 1619 2522 ultimam
1668 2458 1905 2525 lineam
1936 2460 2005 2523 in
2046 2460 2177 2525 XII
2228 2460 2481 2550 scriptis
2510 2482 2645 2524 non

523 2558 791 2623 memini
811 2558 893 2623 ab
918 2558 1134 2644 aliquo
1157 2573 1372 2622 vetere
1395 2560 1707 2648 scriptore
1724 2561 1813 2625 ita
1834 2562 2203 2645 memorari,
2223 2578 2299 2627 ut
2314 2562 2651 2652 probabile

522 2662 606 2726 sit
627 2708 644 2741 ‚
673 2659 826 2723 inde
858 2659 1176 2748 originem
1200 2660 1548 2748 proverbio
1579 2684 1749 2743 esse3
1785 2684 2000 2751 neque
2024 2665 2203 2729 lusus
2218 2666 2350 2729 ΧΠ
2374 2666 2649 2755 scripto-

519 2786 669 2827 rum
694 2762 783 2826 ita
812 2776 1221 2849 comparatus
1249 2759 1404 2846 fuit,
1427 2778 1505 2827 ut
1525 2763 1770 2827 ultimae
1800 2766 1981 2829 lineae
2002 2766 2365 2854 periculum
2388 2767 2647 2832 inesset.

526 2866 658 2949 Qui
687 2864 965 2929 calculos
994 2884 1148 2928 suos
1189 2886 1420 2930 omnes
1451 2881 1706 2953 poterat
1731 2866 1815 2931 ad
1848 2868 2110 2932 ultimas
2142 2870 2343 2933 lineas
2384 2891 2650 2960 cogere,

523 2967 793 3057 propior
829 2982 966 3030 erat
996 2966 1314 3047 victoriae,
1354 2982 1609 3030 tantum
1644 2968 1892 3051 aberat,
1934 2983 2011 3032 ut
2044 2968 2127 3033 ad
2158 2969 2415 3035 ultimas
2446 2970 2653 3060 redigi

524 3069 964 3158 periculosum
995 3086 1184 3135 esset.
1216 3067 1593 3131 Praesidium
1634 3067 1899 3156 quidem
1926 3070 2261 3134 sententiae
2288 3092 2420 3134 suae
2451 3070 2653 3134 Scali-

525 3194 639 3261 ger
669 3194 706 3235 a
735 3170 1159 3237 similitudine
1191 3180 1426 3241 πεττιίοις
1460 3181 1839 3253 πιντεγροὶμμου
1865 3171 2276 3253 Graecol'um,
2294 3172 2361 3237 h.
2385 3194 2441 3235 e.
2465 3173 2657 3260 quin-

526 3294 654 3360 que
672 3272 988 3336 linearum
1003 3320 1022 3353 ‚
1055 3274 1315 3339 arcessit
1331 3320 1348 3355 ,
1373 3274 1440 3336 in
1461 3294 1591 3360 qua
1612 3296 1818 3360 quum
1842 3289 2009 3340 esset
2028 3273 2197 3337 linea
2230 3272 2444 3337 media
2460 3323 2479 3357 ‚
2509 3296 2657 3361 quae

526 3396 703 3438 sacra
724 3371 1048 3435 diceretur
1063 3421 1081 3455 ,
1113 3375 1204 3437 sic
1225 3373 1498 3461 perinde
1517 3373 1585 3436 in
1614 3373 1771 3437 ludo
1790 3374 1919 3439 XII
1944 3374 2337 3461 scriptorum
2357 3375 2656 3440 ultimam

527 3496 770 3539 sacram
809 3474 1005 3537 fuisse
1045 3476 1363 3561 perhibet.
1398 3474 1525 3540 Sed
1560 3476 1837 3567 Scaliger
1866 3493 1932 3540 et
1964 3477 2129 3541 male
2162 3492 2491 3566 comparat
2522 3478 2656 3545 XII

527 3577 914 3666 scriptorum
969 3580 1038 3638 et'
1067 3589 1443 3659 πεντίγραμμον
1484 3575 1716 3647 ludum
1735 3627 1754 3660 ,
1810 3578 1942 3642 sive
1996 3577 2343 3641 confundit
2394 3578 2611 3667 potius
2635 3628 2655 3659 ,

527 3679 640 3769 qui
692 3678 880 3767 plane
925 3692 1110 3740 erant
1146 3676 1481 3743 dissimiles
1505 3728 1523 3761 ,
1556 3695 1621 3743 et
1669 3702 2007 3767 perperam
2058 3678 2362 3769 intelligit
2411 3702 2657 3743 sacram

526 3783 784 3845 lineam.
807 3780 1064 3843 Etenim
1097 3779 1164 3842 in
1193 3778 1313 3843 hac
1346 3803 1481 3844 non
1507 3782 1653 3846 victi
1689 3782 1923 3846 lusoris
1952 3780 2298 3846 discrimen
2327 3782 2658 3863 ultimum,

533 3899 604 3945 ut
631 3883 737 3945 ille
763 3882 902 3944 vult
922 3930 940 3962 ,
972 3881 1086 3945 sed
1113 3880 1482 3971 perfugium
1518 3900 1687 3966 erat3
1730 3906 1980 3972 neque,
2020 3900 2095 3947 ut
2132 3884 2277 3972 quis
2302 3882 2461 3947 ludo
2486 3882 2658 3947 vinci

529 4001 746 4072 posset
765 4031 783 4064 ‚
819 3984 888 4046 in
915 4006 1157 4047 sacram
1185 3984 1419 4048 lineam
1455 3986 1866 4075 adigebatur,
1894 3986 2007 4050 sed
2030 3988 2209 4050 lusor
2233 4009 2416 4075 paene
2445 3986 2659 4050 victus

531 4088 878 4177 desperatis
911 4088 1104 4153 rebus
1134 4110 1461 4153 summum
1502 4084 1650 4153 inde
1674 4091 1981 4153 auxilium
2012 4090 2307 4178 petebat,
2336 4090 2658 4153 calculum
