2975 4684
497 313 632 386 568

1335 317 1792 392 INCERTI.

585 443 794 543 [Talis
828 447 1220 530 Priamides,
1263 445 1462 516 simul
1496 439 1666 533 Ajax
1696 441 1885 510 sortis
1922 443 1991 510 in
2020 440 2249 540 armis]

686 557 984 626 Tandem
1009 557 1252 626 animis
1283 557 1619 650 armisque
1645 552 1873 621 furens
1901 549 2331 623 Telamonius
2358 555 2529 647 Ajax

590 669 930 791 Insignem
973 666 1146 736 bello
1186 667 1353 761 petit
1381 670 1709 750 Hectora,
1742 687 2009 756 quaque
2045 665 2315 782 patebat
2544 683 2625 724 σος

591 777 796 848 Nuda
833 779 957 846 viri
991 779 1255 864 cervix,
1294 775 1659 873 fulgentem
1699 773 1929 869 dirigit
1960 799 2207 844 ensem.

590 887 710 958 llle
747 889 956 957 ictum
993 886 1192 958 celeri
1221 886 1530 982 praevidit
1564 882 1841 956 callidus
1878 898 2065 971 astu,

584 1003 932 1095 Tergaque
965 978 1305 1085 submisit,
1348 997 1735 1090 ferrumque
1770 996 2065 1064 umbone
2104 997 2391 1090 recepit,

585 1109 720 1179 Sed
757 1109 914 1180 levis
948 1125 1275 1180 extremas
1303 1106 1519 1204 clypei
1554 1105 1923 1202 perlabitur
1956 1131 2109 1175 oras

583 1223 816 1304 Ensis,
854 1236 920 1290 et
951 1221 1191 1315 exiguo
1230 1219 1559 1289 cervicem
1596 1215 1867 1286 vulnere
1894 1215 2085 1286 libat.
2548 1241 2629 1278 ε..

686 1333 926 1402 Acrius
954 1330 1306 1401 adversum
1346 1353 1577 1398 rursus
1610 1327 1955 1422 consurgit
1982 1327 2051 1396 in
2090 1327 2349 1397 hostem

585 1442 986 1528 Priamides,
1030 1467 1158 1511 nec
1187 1442 1325 1535 jam
1371 1439 1551 1508 ferro
1584 1435 1947 1508 Telamone
1978 1453 2315 1523 creatum,

590 1553 724 1624 Sed
761 1579 1005 1649 magno
1041 1553 1182 1622 saxi
1211 1553 1400 1647 jactu
1437 1551 1652 1645 petit:
1688 1564 1759 1618 at
1802 1548 1983 1618 ferus
2020 1549 2187 1642 Ajax

589 1667 936 1759 Ingentem
979 1661 1212 1758 clypeo
1243 1657 1674 1757 septemplice
1710 1658 1967 1754 depulit
1998 1661 2201 1729 ictum
2226 1715 2245 1744 ‚

585 1777 671 1842 Et
698 1773 1012 1866 juvenem
1047 1797 1204 1842 saxo
1236 1794 1625 1867 percussum
1664 1771 1901 1840 sternit
1936 1769 2189 1840 eodem.

2555 1799 2637 1838 615

595 1886 821 1974 Quem
861 1883 1036 1953 levat
1072 1898 1422 1979 exceptum
1461 1881 1685 1951 Graiis
1718 1882 2029 1950 inimicus
2063 1881 2339 1977 Apollo,

588 1999 1018 2090 Integratque
1051 1995 1350 2064 animum
1382 2019 1397 2061 ε
1427 1994 1569 2087 jam
1614 2016 1847 2061 rursus
1883 1992 1967 2060 ad
2004 2017 2191 2061 arma
2225 1993 2532 2078 coibant,

562 2171 684 2226 603.
712 2175 843 2224 Talis
865 2174 1150 2224 Priamides.
1177 2171 1241 2222 Et
1279 2171 1370 2224 hic
1399 2189 1518 2224 ver·

1607 2169 1681 2222 nil
1715 2168 1890 2237 aliud,
1910 2189 2068 2244 quam
2095 2171 2351 2224 absonam
2374 2171 2639 2244 interpre-

491 2269 579 2303 aus
617 2249 998 2323 expungendus
1029 2263 1138 2318 est,
1173 2268 1202 2302 a
1244 2249 1523 2321 ludimagi-
1607 2249 1857 2302 tationem
1898 2251 2182 2304 verborum
2217 2249 2637 2320 precedentium

492 2341 602 2382 stro
627 2329 900 2402 adpositus
916 2368 931 2393 ,
953 2331 1048 2402 qui
1075 2329 1298 2402 putabat
1327 2347 1523 2401 praece·
1606 2343 1844 2396 eergaque
1862 2331 2080 2381 submisit
2094 2349 2199 2400 pre
2220 2349 2277 2382 se
2302 2329 2421 2382 fert.

492 2408 624 2461 dens
681 2409 849 2462 simile
908 2408 1046 2461 hanc
1111 2409 1519 2481 applicationem

494 2505 726 2558 poscere.
761 2485 864 2540 Sed
890 2487 1217 2560 comparatio
1239 2507 1290 2541 v.
1312 2487 1414 2556 598
1441 2488 1521 2540 in-

497 2566 681 2619 stituta
703 2567 776 2618 ita
799 2565 1023 2619 formata
1041 2577 1138 2629 eat,
1157 2577 1216 2618 ut
1236 2564 1305 2619 ad
1325 2577 1529 2620 antece-

499 2643 680 2698 dentia
699 2663 755 2698 se
773 2645 992 2706 referat,
1017 2645 1323 2716 nullamque
1343 2659 1527 2718 poscat

500 2723 780 2795 apodosin.
821 2722 1084 2777 Indicium
1133 2723 1298 2795 spurii
1345 2741 1527 2777 versus

497 2804 652 2856 etiam
684 2821 874 2856 manea
899 2815 950 2856 et
993 2803 1220 2874 abrupta
1261 2805 1372 2876 ejus
1412 2820 1529 2854 sen·

494 2881 658 2935 tentia
681 2893 760 2936 est
779 2923 794 2948 ,
839 2893 892 2936 et
926 2879 1074 2955 quod
1112 2881 1354 2935 diversus
1380 2881 1527 2936 vitio-

495 2981 600 3033 que
627 2963 928 3016 maculatus
955 2961 1234 3015 exhibetur
1259 2964 1316 3015 in
1339 2959 1527 3014 codice

469 3063 476 3074 ·
495 3039 715 3094 Helmst.
726 3045 859 3093 Talis
875 3041 1393 3111 Pri‘ame’desfhret'sque
1405 3044 1527 3092 Δία·

495 3123 628 3171 eides
663 3123 831 3172 armis.
871 3121 940 3172 Et
981 3121 1154 3193 possis
1189 3118 1408 3192 quidem
1439 3117 1527 3171 hic

499 3198 818 3270 subjungere
837 3238 852 3264 ,
882 3201 976 3272 qui
1001 3219 1160 3274 supra
1190 3199 1527 3262 abundabat,

498 3295 708 3330 versum
732 3279 834 3350 597
855 3295 871 3342 ;
895 3277 989 3330 sed
1021 3289 1198 3331 tamen
1233 3278 1390 3330 ambo
1415 3279 1528 3330 sine

496 3356 754 3409 detrimen
760 3369 814 3409 to
828 3357 1084 3410 orationis
1097 3358 1276 3410 abesse
1291 3375 1482 3428 poeaun
1490 3370 1527 3410 t.

569 3437 690 3498 604.
717 3437 912 3488 Aninais
942 3437 1148 3504 telisque
1167 3435 1234 3487 H.
1256 3437 1434 3487 animis
1455 3450 1531 3487 te·

499 3520 644 3584 loque
669 3512 738 3568 G.
770 3534 820 3567 2.

571 3594 691 3647 605.
731 3598 941 3662 Quaque
956 3595 1100 3662 pecioe'
1121 3593 1186 3646 Η.
1211 3595 1363 3647 male.

572 3674 694 3727 608.
733 3673 834 3725 Hic
873 3673 1188 3746 scripturam
1229 3673 1426 3726 codicis
1461 3673 1526 3728 H.

500 3753 651 3825 sequi
673 3753 868 3816 malui,
888 3771 1050 3823 quam
1077 3751 1370 3805 editionum
1393 3767 1444 3806 et
1461 3756 1525 3808 A.

541 3851 618 3884 un
669 3833 928 3892 submittit,
979 3842 1030 3886 et
1067 3834 1271 3882 umbone
1324 3836 1526 3899 repellit.

501 3851 798 3962 3ost‘hunc
825 3929 1034 3963 versum
1055 3910 1112 3962 in
1145 3909 1212 3962 G.
1253 3929 1280 3962 a
1308 3908 1528 3963 intrudi-

503 4001 591 4040 tur
619 3987 757 4039 aliua
787 3987 1084 4042 absurdus:
1127 3991 1336 4041 Cedebae
1356 3991 1533 4056 juveni

495 4069 718 4133 paullum
757 4071 1024 4119 Mavortius
1060 4071 1234 4130 laetos,
1273 4068 1364 4139 qui
1405 4087 1528 4122 sane

1679 2411 1799 2476 609.
1834 2411 2099 2460 Per-labitur
2158 2429 2275 2460 oras
2328 2409 2511 2462 scribit
2566 2410 2637 2462 Η.

1611 2485 1755 2556 quod
1777 2487 1971 2540 rectius
1997 2506 2108 2541 esse
2132 2499 2287 2558 puto,
2303 2507 2465 2560 quam
2488 2488 2639 2561 quod

1615 2563 1740 2618 editi
1764 2566 1985 2632 habent,
2008 2570 2255 2620 dilabitur.

1685 2648 1750 2698 61
1764 2663 1807 2697 1.
1828 2649 2006 2697 Acrius
2028 2649 2079 2698 in
2101 2665 2325 2716 pugnam
2358 2645 2427 2698 Η.
2458 2649 2644 2698 Acrior

1614 2727 1665 2776 e'n
1678 2743 1904 2792 pugnam
1924 2723 1990 2776 G.
2026 2745 2072 2778 a.
2092 2729 2269 2776 Aer-ius
2292 2727 2341 2776 in
2362 2745 2545 2792 pugna
2574 2729 2638 2779 A.

1615 2801 1755 2854 Hinc
1783 2803 1921 2856 forte
1945 2803 2279 2857 scribendum
2302 2815 2383 2858 est
2404 2831 2429 2848 a
2450 2805 2643 2858 Acrius

1612 2881 1929 2953 impugnans
1945 2923 1961 2950 ‚
2022 2901 2204 2936 rursus
2254 2883 2529 2956 consurgit
2584 2885 2641 2938 in

1613 2959 1822 3013 hostem
1842 2986 1884 3013 u.

1687 3043 1807 3102 614.
1828 3044 2054 3110 Ingentis
2066 3044 2226 3110 clypei
2243 3040 2310 3093 Η.
2334 3059 2639 3113 pexperam:

1616 3120 1798 3186 depulit
1810 3123 1957 3172 ictum
1974 3119 2043 3172 G.
2070 3139 2097 3172 2
2121 3139 2136 3173 ε
2178 3121 2397 3192 vulgata}
2421 3123 2641 3189 reppulit.

1618 3201 1795 3266 clypeo
1832 3203 2138 3271 septemplice
2183 3197 2475 3253 secundum
2511 3201 2641 3253 Ovi-

1614 3274 1786 3345 dium,
1802 3281 1897 3350 qui
1924 3281 2045 3332 Met.
2064 3279 2221 3345 xm,
2242 3298 2269 3331 2
2288 3280 2359 3332 ait
2378 3317 2393 3342 ,
2420 3305 2443 3326 ι
2460 3279 2643 3352 'clypei

1616 3353 1867 3411 dominus
1912 3359 2262 3431 septemplicis
2307 3361 2435 3430 Ajax
2468 3384 2492 3406 ι
2520 3379 2537 3425 ;
2590 3371 2643 3410 et

1616 3435 1849 3507 ejusdem
1872 3437 1994 3490 libri
2013 3478 2029 3505 ,
2052 3458 2102 3490 v.
2116 3439 2219 3501 346
2238 3455 2306 3489 :eu
2322 3438 2519 3491 frustra
2536 3439 2643 3490 Te·

1616 3514 1828 3568 lamone
1854 3527 2061 3570 creatus
2085 3517 2351 3570 Gestasset
2374 3518 2503 3570 lma
2532 3531 2645 3572 tau·

1616 3612 1801 3647 rorum
1826 3607 2030 3668 tergora
2060 3609 2257 3667 septem
2285 3621 2332 3649 ο.
2355 3597 2644 3668 Virgilius,

1618 3673 1724 3725 ΧΠ
1744 3713 1759 3738 ,
1792 3673 1895 3742 9²⁵
1920 3715 1935 3740 ‚
1985 3673 2055 3728 de
2074 3675 2261 3728 Turno
2291 3692 2306 3726 ε
2358 3701 2381 3722 ι
2414 3693 2644 3747 orasque

1614 3751 1841 3806 recludit
1858 3753 2089 3821 Lol-ico,
2106 3769 2163 3808 et
2187 3753 2359 3826 clypei
2384 3765 2645 3808 extremos

1616 3831 1967 3904 septemplicia
1993 3835 2153 3886 orbes
2170 3859 2213 3886 n.

1687 3913 1811 3964 616.
1834 3915 1983 3978 Quem
2010 3915 2143 3964 levat
2164 3929 2416 3982 excepmm
2440 3915 2505 3968 G.
2537 3935 2563 3968 2
2594 3927 2643 3968 et

1618 3991 1823 4043 Annab.
1845 3991 2082 4064 Vulgatre
2103 4008 2400 4062 exemptum.

1688 4073 1811 4139 617.
1856 4075 2081 4138 Integrae
2117 4092 2179 4122 ae
2218 4075 2437 4124 animum
2478 4073 2547 4125 G.
2596 4092 2640 4124 a.
