2975 4684
632 421 770 488 AD
829 419 1159 487 SALEII
1221 418 1501 488 BASSI
1563 417 2007 488 CARMEN.
2260 419 2396 518 275

283 547 378 609 Eo
409 546 558 608 loco
588 540 868 608 Abantia
892 538 1106 604 classis
1149 555 1419 604 vocatur
1447 538 1736 604 Euboica
1763 539 1867 606 vel
1910 541 2347 609 Chalcidensis
2381 594 2399 626 ,

284 644 465 735 quod
491 644 810 710 Euboeam
849 642 1132 706 Abantes
1166 641 1575 723 habitarunt,
1622 665 1789 730 quos
1824 641 2147 708 Homerus
2186 648 2403 712 nomi-

284 764 416 812 nat.
429 747 514 810 Et
534 741 1238 831 memoriamNeapolis
1256 789 1275 824 ‚
1291 764 1330 805 a
1350 741 1765 831 Parthenope
1792 745 2107 809 columbae
2133 748 2409 836 aug-urio

285 849 562 914 conditae
580 895 598 930 ,
634 848 724 912 ait
754 861 948 933 poeta
989 844 1354 908 conservari
1389 844 1458 908 in
1512 865 1587 908 ea
1622 845 1785 909 urbe
1820 861 2029 911 statua
2059 848 2409 936 Apollinis,

287 951 593 1016 columba
624 949 787 1013 laevo
819 947 957 1026 ejus
993 945 1272 1010 humero
1304 945 1627 1011 insidente
1643 997 1660 1030 ,
1701 969 1897 1035 quam
1928 949 2185 1014 adstans
2219 952 2418 1040 respi-

289 1075 434 1116 cere
466 1049 879 1138 Parthenope
931 1064 996 1112 et
1040 1046 1308 1112 adorare
1355 1045 1670 1114 videatur.
1708 1051 1861 1114 Haec
1896 1049 2101 1132 enim,
2156 1067 2421 1115 auctore

291 1153 586 1218 Domitio
604 1198 623 1231 ,
670 1165 768 1216 est
796 1149 1116 1232 Eumelis,
1153 1148 1196 1212 i.
1226 1171 1283 1212 e.
1310 1147 1569 1214 Eumeli
1592 1147 1741 1214 filia.
1777 1148 1909 1231 Qui
1936 1150 2247 1214 Eumelus
2271 1152 2422 1215 alias

292 1256 556 1344 ignotus
581 1268 678 1317 est
693 1299 710 1334 ,
745 1251 868 1314 nisi
900 1249 1072 1314 idem
1095 1272 1245 1314 cum
1267 1249 1543 1314 Eumelo
1560 1297 1579 1330 ,
1603 1248 1859 1313 Admeti
1886 1251 2055 1340 regis
2080 1251 2421 1316 Thessaliae

295 1379 372 1420 ex
403 1355 657 1420 Alcesta
693 1375 896 1417 uxore
933 1350 1097 1434 filio,
1147 1350 1510 1416 habendus.
1546 1351 1825 1443 Scaliger
1862 1353 2081 1418 locum
2122 1354 2303 1420 Statii
2354 1355 2425 1418 in

295 1473 644 1521 comment.
681 1455 765 1520 ad
795 1453 1108 1520 Nostrum
1139 1454 1344 1518 citans
1375 1455 1865 1554 Eumetislegit,
1902 1455 2018 1522 sed
2043 1457 2205 1522 nihil
2232 1480 2429 1546 super

298 1581 373 1623 ea
403 1555 615 1621 docet.
644 1557 731 1620 Et
761 1554 1022 1619 Barthio
1047 1553 1302 1619 videtur
1330 1555 1615 1620 Eumelis
1650 1558 1785 1621 sive
1811 1559 2095 1622 Eumetis
2123 1559 2423 1643 civitatis,

297 1675 412 1723 aut
456 1658 586 1722 loci
621 1657 872 1745 potius,
909 1678 1150 1722 nomen
1188 1680 1362 1739 esse,
1415 1659 1533 1722 ubi
1584 1659 1984 1748 antiquitatis
2024 1661 2221 1726 index
2278 1661 2451 1726 talis·

299 1775 510 1824 statua
539 1757 738 1822 fuerit
769 1774 1115 1846 superstes·
1153 1757 1336 1822 Idem
1378 1775 1597 1824 tamen
1630 1761 1696 1824 in
1726 1783 1797 1825 re
1825 1761 2184 1826 admodum
2228 1760 2427 1826 dubia

301 1878 368 1926 et
398 1861 674 1926 obscura
692 1905 712 1942 ,
766 1859 949 1939 cujus
1001 1859 1176 1924 solus
1213 1861 1589 1925 meminisse
1641 1861 1880 1926 Statius
1927 1862 2217 1945 videtur,
2266 1863 2431 1925 nihil

305 1964 542 2028 certius
594 1959 916 2026 affirmare
956 1959 1172 2025 audet.
1216 1960 1660 2026 Traditionem
1708 1962 1791 2027 de
1834 1963 2135 2028 columba
2174 1979 2433 2028 antece-

306 2065 502 2130 dente
525 2065 716 2128 etiam
736 2063 1083 2128 historicus
1111 2063 1380 2126 servavit
1398 2063 1680 2128 Velleius
1706 2063 1952 2128 Patere.
1980 2063 2090 2127 lib.
2114 2065 2178 2146 1,
2204 2087 2341 2152 cap.
2360 2066 2431 2140 4:

307 2199 332 2224 ι
351 2167 492 2232 Nec
510 2167 722 2230 multo
743 2181 893 2254 post
917 2163 1368 2228 Chalcidenses
1381 2211 1400 2246 ‚
1426 2165 1553 2228 orti
1570 2215 1587 2246 ‚
1608 2181 1687 2228 ut
1702 2163 2117 2252 praediximus
2130 2211 2149 2246 ‚
2175 2164 2401 2229 Atticis
2417 2213 2435 2245 ,

305 2269 626 2358 Hippocle
657 2284 723 2332 et
769 2267 1188 2356 Megasthene
1223 2265 1501 2330 ducibus
1534 2269 1771 2330 Cumas
1805 2267 1874 2328 in
1906 2265 2089 2330 Italia
2121 2264 2435 2330 condide-

307 2387 484 2435 runt.
517 2370 728 2449 Hujus
766 2368 982 2433 classis
1016 2389 1281 2432 cursum
1316 2390 1455 2432 esse
1487 2366 1805 2432 directum
1841 2369 1946 2432 alii
1984 2367 2300 2433 columbae
2330 2389 2439 2438 an-‚

310 2469 660 2537 teoedentis
713 2469 933 2533 volatu
966 2467 1231 2550 ferunt3
1272 2469 1378 2534 alii
1413 2485 1741 2533 nocturno
1792 2469 1932 2533 oeris
1985 2492 2180 2552 sono,
2232 2471 2437 2558 qualis

310 2571 679 2638 Cerealibus
703 2570 900 2634 sacris
921 2569 1076 2634 cieri
1107 2570 1288 2634 solet.
1314 2570 1469 2634 Pars
1496 2571 1737 2634 horum
1764 2572 2005 2634 civium
2027 2593 2265 2662 magno
2294 2589 2443 2659 post

311 2674 647 2740 intervallo
677 2672 1014 2760 Neapolim
1049 2669 1343 2737 condidit
1363 2703 1414 2736 υ.
1461 2669 1661 2754 Quod
1690 2688 1903 2736 autem
1934 2673 2175 2737 Saleius
2207 2671 2444 2738 Graecae

311 2775 702 2866 eloquentiae
737 2774 988 2838 Pisonis
1023 2787 1254 2838 testem
1288 2771 1633 2861 Neapolim
1683 2775 1867 2856 citat,
1899 2774 2036 2838 haec
2066 2795 2287 2837 caussa
2324 2789 2442 2836 est.

312 2876 755 2967 Neapolitanis
774 2923 792 2955 ‚
829 2896 1064 2962 nempe
1106 2897 1143 2937 a
1174 2873 1704 2939 Chalcidensibus
1743 2873 2071 2956 oriundis,
2126 2891 2203 2938 ut
2257 2875 2447 2963 patrii

313 2980 476 3044 ritus
507 2979 875 3064 Graecaeque
899 2976 1136 3065 linguae
1169 2976 1468 3040 manebat
1498 2976 1820 3057 custodia,
1839 2977 1929 3040 ita
1960 2974 2445 3063 quinquennale

316 3080 640 3147 ludicrum
671 3093 836 3159 erat,
867 3079 936 3140 in
961 3099 1094 3164 quo
1113 3091 1354 3165 poetae,
1387 3095 1706 3157 oratores,
1744 3077 2005 3157 musici,
2037 3073 2291 3140 athletae
2313 3097 2446 3139 cer·

317 3181 558 3246 tabant.
587 3178 988 3244 Nobilissimi
1017 3176 1261 3264 quique
1275 3191 1348 3239 ·et
1368 3175 1722 3242 doctissimi
1742 3177 2217 3258 Romanorum,
2238 3176 2347 3264 qui
2378 3177 2445 3239 in

315 3279 811 3344 amoenissimam
845 3278 1013 3341 hanc
1046 3276 1398 3358 civitatem,
1425 3277 1560 3340 otio
1596 3294 1663 3340 et
1692 3277 1920 3342 studiis
1950 3276 2443 3360 deditissimam,

319 3382 692 3469 frequentes
710 3377 1193 3457 commeabant,
1214 3397 1331 3464 per
1357 3399 1432 3440 ea
1455 3379 1803 3442 certamina
1837 3377 2065 3442 crebro
2090 3379 2242 3442 artis
2270 3395 2335 3442 et
2356 3379 2451 3442 in-

319 3483 488 3572 genii
514 3482 616 3546 sui
635 3479 1068 3568 experimenta
1088 3477 1385 3543 solebant
1396 3477 1607 3544 edere.
1630 3479 1819 3544 Silius
1842 3481 1981 3545 Ital.
2003 3479 2111 3545 lib.
2128 3479 2295 3564 XII,
2327 3481 2399 3544 31
2428 3507 2445 3545 :

615 3615 772 3667 Nunc
798 3613 983 3666 molles
1011 3611 1130 3665 urbi
1155 3612 1314 3678 ritus,
1340 3620 1497 3675 atque
1520 3605 1730 3677 hospita
1754 3605 1922 3660 Musis

603 3697 726 3750 Otia
741 3734 756 3760 ,
777 3706 828 3750 et
849 3707 1145 3767 exemptum
1170 3695 1310 3748 curis
1335 3692 1665 3766 gravioribus
1687 3707 1882 3747 aevumz

325 3847 390 3894 ct
417 3829 642 3921 virgil.
672 3827 910 3918 Georg.
943 3829 1035 3892 IV
1058 3844 1218 3916 extr.

606 3961 710 4013 Illo
728 3960 1009 4032 Virgilium
1033 3979 1118 4012 me
1141 3971 1376 4030 tempore
1398 3954 1569 4010 dulcis
1594 3953 1766 4008 alebat

602 4045 930 4116 Parthenope
949 4082 964 4106 ‚
997 4041 1186 4096 studiis
1208 4041 1481 4094 florentem
1504 4038 1747 4110 ignobilis
1773 4037 1863 4090 oti.

329 4181 424 4246 De
460 4179 1074 4266 Quinquennalibus
1107 4177 1273 4241 ludis
1301 4149 1704 4260 ejussoepius
1735 4171 2002 4250 StatiuS,
2044 4189 2116 4234 ut
2152 4173 2300 4239 Silv.
2334 4180 2393 4240 Η
2424 4226 2439 4258 ,

2100 4281 2199 4350 18.
