2975 4684
888 385 1359 454 CARMINA
1422 385 1855 454 MmoRA.
2296 369 2467 454 3'0-5.

307 633 429 704 lv.
457 633 580 702 DE
607 631 1232 720 ANTIQUORUM
1251 633 1531 702 TENUI
1564 633 1843 702 VICTU
1871 633 2430 723 CULTUQUE*.

411 853 660 924 Indum
698 877 840 922 non
871 853 1170 948 fulgebat
1205 854 1394 941 ebur,
1429 855 1613 949 quod
1648 855 1999 927 inhaeserat
2032 881 2234 944 aum,

409 967 554 1035 Nec
586 966 726 1058 jam
767 963 1030 1034 calcato
1067 963 1368 1035 radiabat
1396 989 1731 1036 marmore.
1766 981 1973 1053 terra,

410 1073 806 1143 Muneribus
842 1072 1069 1144 delusa
1105 1075 1274 1162 suis;
1305 1073 1420 1143 sed
1453 1089 1633 1144 crate
1666 1074 1925 1172 saligna

411 1183 810 1279 Impositum
841 1185 1088 1256 cereris
1119 1208 1346 1254 vacuae
1379 1208 1647 1268 nemus,
1675 1199 1743 1254 et
1772 1211 1945 1254 nova
1978 1199 2168 1256 terrae

412 1291 695 1377 Pocula,
727 1318 875 1387 quae
907 1292 1084 1363 facili
1121 1293 1271 1362 vilis
1313 1307 1460 1363 rota
1498 1292 1789 1364 finxerat
1822 1309 2001 1364 actu.
2426 1317 2446 1353 ⁵

389 1489 416 1514 *
433 1487 513 1540 Ex
541 1485 774 1540 Petronii
799 1506 918 1560 cap.
943 1489 1066 1552 135,
1096 1488 1237 1560 apud
1264 1488 1334 1541 Η.

313 1566 572 1640 stephan.
585 1566 642 1620 in
656 1567 846 1640 Fragm
857 1580 976 1620 aet.
993 1579 1132 1640 poet.
1147 1585 1198 1639 p.
1212 1574 1338 1636 4023

315 1646 508 1718 Scalig.
533 1647 783 1700 catalect.
810 1647 902 1700 lib.
929 1647 958 1699 1
975 1685 992 1710 ,
1014 1665 1066 1718 p.
1103 1649 1231 1716 ¹953
1252 1648 1336 1700 Jo.

319 1724 471 1778 Frid.
498 1725 690 1779 Christ.
713 1725 766 1778 in
789 1728 1026 1780 Excursu
1045 1724 1112 1779 ad
1131 1725 1341 1780 Vitiati-

317 1823 444 1859 cum
462 1845 479 1871 ,
517 1823 574 1878 p.
609 1809 732 1874 267,
775 1817 828 1858 et
869 1806 1008 1859 Petr.
1047 1805 1335 1857 Burmann.

316 1883 532 1937 Anthol.
559 1885 672 1936 Lat.
705 1885 798 1939 lib.
826 1885 939 1947 ΙΙΙ,
970 1883 1138 1956 epigr.
1168 1889 1282 1947 140.

394 1981 440 2017 ι.
462 1968 642 2016 Indum
673 1984 793 2017 nou.
814 1963 1042 2036 Scaliger
1061 1981 1186 2016 cum
1222 1961 1338 2018 aliis

315 2041 484 2097 edidit
501 2047 613 2094 Non
635 2049 832 2097 Indum.
857 2041 960 2098 Sed
980 2044 1036 2096 in
1061 2041 1173 2096 aliis
1201 2041 1344 2094 codi-

317 2122 471 2176 cibus
499 2135 577 2176 est
595 2127 710 2175 Non
735 2127 958 2177 ιιὶιίιίιση.
981 2123 1058 2176 De
1083 2120 1344 2174 lacunari-

319 2202 426 2255 bus
455 2217 668 2256 versum
701 2203 890 2274 accipit
924 2201 1207 2264 Gousalius
1232 2239 1248 2264 ‚
1277 2200 1344 2253 de

321 2280 516 2353 quibus
541 2281 724 2335 Cicero
751 2282 806 2333 in
829 2279 1108 2334 paradoxis
1131 2278 1304 2350 inquit
1327 2320 1344 2346 ,

321 2375 447 2412 tecta
469 2363 610 2413 ebore
633 2374 680 2411 ee
699 2379 820 2412 auro
829 2361 1105 2429 fialgenu'a.
1131 2359 1233 2413 Cui
1261 2376 1346 2412 ac-

325 2439 466 2492 cedit
486 2439 668 2492 Horat.
690 2441 867 2492 Carm.
886 2439 941 2491 11
961 2479 976 2504 ,
998 2442 1062 2494 18
1075 2481 1092 2505 ‚
1118 2457 1140 2492 1
1161 2437 1348 2492 z-Non

327 2517 462 2571 ebur
479 2537 652 2590 neque
671 2535 892 2572 aureum
911 2519 1032 2570 Mea
1055 2517 1263 2570 renidet
1291 2517 1346 2568 in

326 2595 489 2651 domo
516 2597 732 2650 lacunar
750 2621 790 2647 a».
813 2597 881 2648 Et
903 2596 1182 2649 commode
1203 2597 1348 2649 lacu-

275 2727 282 2736 ,
327 2676 445 2730 nari
489 2695 647 2730 versu
705 2687 956 2748 sequente
1012 2675 1347 2747 subjungitur

327 2754 708 2827 pavimentum.

403 2853 450 2887 π.
465 2837 666 2887 calcato
685 2835 919 2885 radiabat
927 2833 1348 2887 mat-rnoreNetus

328 2911 494 2966 codex
521 2916 758 2983 falcato,
795 2913 958 2978 male3
988 2929 1112 2965 uam
1157 2916 1351 2962 calcato

329 2992 506 3064 plures
523 2992 842 3046 confirmant
860 2992 982 3046 loci.
1007 2993 1274 3056 Lucanus,
1285 2991 1351 3052 X,

337 3089 467 3141 117:
491 3071 933 3144 «Purpureusque
954 3070 1088 3143 lapis
1102 3111 1119 3137 ,
1139 3081 1354 3142 totaque
1401 3115 1412 3136 ,

331 3149 536 3206 effusus
560 3151 618 3204 in
647 3151 770 3205 aula
798 3151 1118 3204 Calcabatur
1145 3167 1286 3220 onyx
1308 3173 1349 3199 n.

329 3231 561 3284 Martini.
579 3229 686 3282 111
705 3270 721 3296 ,
737 3229 803 3282 50
821 3245 834 3281 ε
855 3229 1242 3298 «calcatusque
1260 3238 1356 3278 tuo

333 3310 434 3364 sub
459 3308 594 3381 pede
611 3309 752 3361 lucet
769 3325 912 3380 onyx
929 3333 973 3360 n.
989 3305 1238 3362 Similiter
1261 3323 1355 3378 pa·

334 3389 624 3442 vimentum
653 3406 778 3442 cum
809 3398 948 3441 tecto
974 3385 1247 3457 conjunxit
1266 3383 1358 3436 Ti-

333 3469 465 3521 bun.
483 3469 570 3520 111
583 3505 599 3530 ,
615 3469 646 3521 3
661 3507 677 3533 ‚
695 3471 760 3520 16
775 3484 788 3519 :
803 3468 1148 3538 «Aurataeque
1164 3466 1359 3528 trabea,

333 3564 796 3618 marmoreumque
822 3547 1014 3598 solum.
1037 3571 1062 3590 n

409 3633 457 3690 4.
477 3627 758 3695 Impositum
777 3627 954 3677 cereris
968 3643 1149 3676 vacua·
1166 3643 1333 3675 nemas
1344 3664 1356 3676 .

333 3705 624 3760 Gousalius
653 3703 848 3776 accipit
873 3701 1021 3758 haud
1058 3702 1264 3756 sinistre
1293 3701 1361 3756 de

335 3796 476 3838 tecto
493 3785 689 3838 rustico
707 3782 855 3837 rudis
877 3783 974 3836 aevi
998 3820 1013 3845 ,
1037 3780 1181 3854 quod
1207 3781 1362 3852 lignis

337 3865 476 3917 inter
503 3882 558 3916 se
586 3862 837 3916 connexis
860 3902 876 3926 ‚
905 3873 957 3915 et
983 3860 1134 3932 palea
1163 3857 1232 3912 ad
1261 3860 1361 3911 im-

339 3943 459 3998 bres
483 3941 744 3995 arcendos
767 3939 945 3995 addita
961 3979 976 4004 ,
1006 3951 1362 3992 constructum

1425 1507 1663 1543 connexa
1687 1501 1875 1544 strues.
1901 1487 2365 1557 Quemadmodum
2392 1493 2447 1546 in

1425 1567 1609 1641 Priap.
1628 1587 1789 1622 carm.
1815 1571 1883 1622 88
1896 1569 2086 1640 legitur
2102 1589 2117 1622 :
2134 1596 2161 1618 ι
2172 1571 2453 1626 villulam-

1427 1665 1533 1718 que
1556 1649 1870 1720 palustrem,
1889 1649 2105 1702 Tectam
2121 1649 2316 1704 vimine
2330 1654 2453 1724 jun·

1427 1745 1560 1788 ceo,
1591 1727 1884 1798 caricisque
1917 1726 2221 1800 maniplis».
2261 1729 2329 1781 Et
2356 1731 2455 1784 Ti·

1425 1764 1637 1871 hallin,
1680 1805 1762 1868 ΙΙ,
1812 1823 1871 1868 1,
1924 1807 2019 1876 39,
2055 1807 2121 1860 de
2155 1807 2448 1902 priscorum

1426 1882 1710 1972 agrestium
1757 1883 1943 1937 tectis:
1981 1883 2107 1938 «nli
2148 1888 2455 1960 compositis

1426 1962 1659 2032 primum
1700 1943 1928 2016 docuere
1967 1963 2145 2035 tigillis
2190 1965 2451 2038 Exiguam

1430 2038 1589 2091 viridi
1612 2040 1803 2094 fronde
1823 2043 2026 2113 operire
2048 2041 2309 2096 domum»
2314 2046 2454 2100 .Sed

1432 2117 1799 2188 Burmannus,
1826 2119 1942 2174 Nic.
1976 2117 2175 2175 Heinsii
2206 2127 2453 2179 mutatio

1431 2216 1553 2250 nem
1568 2238 1583 2264 ,
1616 2203 1889 2268 Impositum
1916 2203 2092 2252 cereris
2117 2203 2273 2271 flava·
2295 2225 2456 2273 penus

1434 2277 1731 2348 approbans
1744 2317 1759 2340 ,
1793 2277 1857 2332 iis
1876 2279 2049 2333 verbis
2067 2280 2288 2335 canistra
2308 2283 2463 2337 intel-

1435 2356 1551 2427 ligit
1568 2393 1585 2419 ,
1631 2356 1824 2428 quibus
1853 2377 2083 2412 cererem
2111 2359 2464 2432 expediebant

1435 2447 1569 2488 teste
1582 2437 1810 2508 Virgilio
1828 2479 1844 2506 ‚
1860 2437 1987 2491 AEn.
2003 2438 2032 2489 1
2049 2479 2065 2506 ,
2083 2456 2178 2509 701
2199 2477 2216 2504 ,
2232 2459 2457 2514 quaeque

1437 2533 1468 2568 e
1508 2515 1745 2586 saliginis
1766 2515 2007 2587 virgultis
2042 2515 2157 2570 fleri
2191 2518 2457 2574 Palladius

1435 2592 1589 2646 docet
1626 2593 1681 2646 in
1715 2595 1849 2647 Nov.
1876 2593 1957 2647 tit.
1982 2595 2184 2651 xvm.
2210 2597 2315 2652 Sed
2342 2599 2457 2653 haec

1435 2673 1691 2727 sententia
1734 2674 1857 2744 quia
1900 2693 2007 2727 nou
2028 2713 2045 2739 ,
2099 2676 2201 2730 nisi
2246 2677 2461 2732 mutatis

1435 2751 1653 2805 vocibus
1688 2771 1869 2804 vacua
1905 2764 1955 2805 et
1992 2771 2191 2815 nemus,
2236 2749 2458 2808 stabiliri

1434 2842 1625 2905 potest,
1641 2833 1855 2902 vulgata
1868 2843 2041 2883 autem
2056 2832 2214 2886 lectio
2233 2837 2460 2889 auctori-

1436 2922 1545 2963 tate
1557 2909 1797 2963 codicum
1815 2911 1939 2963 satis
1952 2911 2287 2976 confirmata,
2308 2934 2462 2987 supe-

1438 2991 1637 3043 riorem
1652 2989 1844 3061 ‘potius
1878 2989 2361 3062 interpretationem
2394 2992 2463 3046 de

1439 3081 1578 3123 tecto
1620 3069 1901 3121 sti-amineo
1940 3069 2109 3140 poscit
2132 3107 2149 3132 ,
2176 3069 2291 3124 haec
2330 3071 2459 3145 quin

1442 3147 1592 3200 alteri
1624 3146 1949 3219 proferenda
1982 3148 2078 3214 ait,
2107 3149 2198 3202 vix
2232 3149 2464 3206 dubitari

1518 3237 1634 3279 test.

1441 3245 1569 3358 1³⁰⁵·
1609 3307 1767 3356 facili
1800 3319 1908 3356 mea
1928 3307 2167 3378 finxerat
2204 3323 2338 3360 acm.
2378 3309 2465 3364 Sic

1443 3386 1779 3437 Burmannus
1814 3383 1961 3455 prior
1992 3383 2155 3439 edidit
2190 3405 2313 3442 cum
2348 3385 2464 3441 Ste-

1446 3465 1629 3537 phano
1644 3461 1813 3534 ,quod
1831 3469 2034 3516 rectum
2054 3477 2195 3534 puto.
2214 3466 2473 3520 Burman·

1449 3562 1552 3599 nus
1591 3562 1693 3596 sec.
1740 3563 1861 3596 cum
1906 3543 2168 3615 Scaliger-o
2210 3560 2323 3596 astu
2339 3567 2360 3607 ,-
2380 3546 2469 3600 alii

1430 3626 1582 3694 fastu
1594 3645 1615 3685 ;
1646 3621 1982 3694 Traguriens.
2004 3626 2161 3692 sacili
2195 3628 2309 3677 vilis
2348 3640 2469 3676 noea

1431 3707 1661 3778 finxerat
1682 3706 1932 3768 ιΙιιι.ςεα.-
1946 3701 2061 3754 Hoc
2083 3703 2202 3757 loco
2226 3717 2363 3756 acms
2392 3717 2469 3757 est

1449 3779 1791 3836 circumactio
1822 3791 1951 3833 τοίω
1974 3818 1991 3844 ,
2035 3779 2103 3834 de
2138 3799 2243 3853 qua
2270 3783 2487 3836 seneca.

1450 3863 1603 3935 epist.
1617 3880 1677 3916 xc
1692 3879 1707 3914 ε
1720 3887 1744 3906 κ
1754 3859 2072 3914 Anacharsis
2086 3861 2289 3914 invenit
2300 3874 2472 3914 rotam

1451 3940 1633 4013 figuli,
1654 3941 1808 4012 cujus
1834 3939 2057 3992 circuitu
2085 3959 2209 3992 vasa
2238 3939 2472 3994 forman·

341 4034 469 4074 erat.
499 4025 684 4073 Cereris
704 4040 884 4072 vacua.-
911 4039 1078 4072 nemm
1103 4017 1260 4088 igitur
1289 4029 1366 4070 est
1455 4031 1542 4072 tur
1561 4045 1605 4070 n.
1622 4017 1747 4072 vid.
1770 4017 1956 4071 Horat.
1980 4018 2093 4071 Art.
2118 4017 2264 4072 Poet.
2296 4039 2381 4072 υ.
2410 4021 2479 4072 Et
2504 4055 2517 4062 -

343 4101 624 4152 aristarum
645 4117 953 4165 vacuarum,
967 4097 1051 4151 vel
1077 4097 1366 4159 straminis,

595 4195 732 4262 III.

1457 4097 1657 4151 Timui.
1700 4098 1785 4162 11,
1824 4095 1895 4160 3,
1934 4102 2037 4165 49:
2070 4098 2177 4150 «At
2219 4097 2315 4152 tibi
2360 4100 2479 4154 laeta

2052 4216 2143 4260 20
