2975 4684
421 390 512 411 m
518 386 700 409 mm
705 386 981 407 mmm
985 384 2540 411 mmmmmmmmmmmm

813 687 1798 812 EXCURSUS
1919 688 2113 807 IV

702 970 827 1036 AD
888 968 1113 1037 EPIT.
1161 914 1439 1039 iLlAD.
1494 968 1720 1036 ΗοΜ.
1770 989 1864 1035 vs.
1919 986 2183 1061 9¹9·92
2204 988 2253 1031 t.

1031 1416 1186 1431 .....
1221 1376 1989 1451 quiprotinusundiquetotis

703 1460 1029 1534 Impediatur
1049 1460 1232 1533 aqui⁸;
1263 1458 1355 1515 sed
1379 1472 1527 1515 vasto
1551 1460 1759 1533 gurgite
1783 1478 2017 1534 praceps

703 1546 970 1609 Volvitur,
996 1558 1154 1617 utque
1177 1545 1352 1599 virum
1378 1545 1701 1599 torrentibus
1726 1544 1946 1617 impedit
1971 1543 2147 1598 undis.

510 1725 738 1790 Vnum
773 1724 944 1805 hoec,
979 1746 1124 1811 quae
1151 1747 1187 1787 e
1222 1724 1495 1813 vulgatis
1530 1722 1925 1788 editionibus
1958 1722 2401 1813 reposuimus„
2432 1724 2547 1811 qui

413 1827 699 1915 protinus
731 1824 1010 1915 undique
1025 1827 1169 1891 totis
1183 1825 1570 1915 Impediat-'ur
1585 1826 1801 1914 aquis,
1836 1825 2002 1889 male
2018 1824 2267 1890 adfecta
2291 1846 2429 1888 esse
2450 1823 2543 1887 vi·-

424 1928 666 1994 dentur
679 1978 698 2013 ‚
737 1930 1034 2016 maleque
1075 1928 1400 1993 cohaerere
1439 1950 1591 1993 cum
1622 1927 1886 1993 vicinis:
1914 1928 2027 1991 sed
2060 1938 2246 1991 vasto
2290 1926 2547 2015 gurgite

413 2054 694 2120 praeceps
715 2031 1036 2111 Volvitur,
1072 2045 1193 2093 etc.
1237 2030 1299 2095 N
1301 2052 1402 2093 am
1437 2029 1775 2094 relativum
1808 2032 1922 2120 qui
1930 2030 2223 2119 protinus
2248 2049 2365 2115 per
2382 2049 2544 2090 con-

425 2133 828 2222 sequentiam
859 2131 1167 2197 orationis
1197 2131 1280 2197 ad
1311 2131 1651 2195 Xanthum
1678 2130 1979 2213 fluvium,
2012 2130 2127 2219 qui
2162 2145 2422 2195 coactus
2449 2144 2545 2193 est

423 2232 828 2325 consurgere'
843 2251 907 2299 et
937 2234 1236 2323 protinus
1269 2232 1635 2323 consurgit,
1672 2234 1963 2322 respicit,
1997 2231 2111 2297 sed
2128 2230 2541 2321 Impediatur‚

425 2336 605 2425 quod
637 2336 950 2424 sequitur,
984 2357 1115 2399 non
1147 2335 1353 2415 aliter,
1383 2357 1579 2423 quam
1615 2334 1697 2398 de
1740 2334 1989 2400 Achille
2006 2384 2025 2416 ,
2058 2334 2170 2422 qui
2207 2333 2393 2421 aquis
2418 2332 2543 2395 im-

426 2437 786 2527 pediendus
838 2454 968 2519 est,
1009 2452 1223 2525 potest
1270 2436 1581 2526 intelligi3
1618 2458 1843 2500 rursus
1894 2450 2112 2500 autem
2142 2433 2338 2498 verba
2369 2434 2545 2496 inse-

427 2538 692 2629 quentia
708 2540 1104 2627 sedproeceps
1121 2537 1406 2603 volvitur
1416 2537 1499 2602 de
1521 2538 1786 2601 Xantho
1802 2552 2027 2626 agunt.
2047 2534 2541 2625 Igitur,verbum

427 2640 855 2729 Impediatur,‘
873 2638 1053 2728 quod
1085 2639 1446 2703 orationem
1476 2638 1777 2703 distrahit
1795 2686 1813 2716 ,
1843 2636 2231 2703 mutandum
2269 2635 2546 2715 videtur,

427 2741 779 2831 praesertim
829 2763 1034 2828 quum
1066 2756 1256 2805 versu
1285 2756 1597 2829 sequente
1638 2762 1791 2803 mox
1820 2755 2109 2804 recurrat
2144 2738 2419 2827 impedit.
2458 2738 2542 2801 Et

427 2848 657 2913 vitium
687 2850 756 2911 in
781 2871 860 2912 eo
877 2849 1008 2929 jam
1037 2848 1309 2913 sensisse
1331 2848 1607 2935 scriptor
1628 2846 1867 2911 codicis
1894 2842 2249 2911 Helmstad.
2270 2843 2546 2926 videtur,

430 2950 544 3036 qui
582 2947 854 3013 verbum
893 2946 1068 3012 istud
1104 2948 1172 3011 in
1207 2946 1613 3037 Expediatur
1642 2947 1947 3029 mutavit,
1978 2962 2043 3011 et
2068 2946 2323 3033 scripsit
2341 2946 2553 3034 Expe-

429 3052 651 3115 diatur
675 3052 857 3139 aquis
885 3064 947 3115 et
966 3064 1182 3130 vasta,
1214 3066 1334 3115 etc.
1358 3052 1525 3115 Nam
1548 3050 1677 3115 hoc
1695 3049 1965 3139 intelligi
1988 3047 2069 3114 de
2096 3047 2294 3113 fluvio
2316 3064 2552 3136 potest,

432 3168 509 3218 ut
533 3168 721 3217 notet
762 3151 1039 3242 explicet
1065 3174 1266 3241 aqua-s
1289 3174 1455 3217 suas.
1492 3151 1619 3216 Sed
1657 3151 1967 3241 quoniam
2008 3174 2139 3215 non
2177 3151 2369 3215 verba
2390 3172 2551 3215 con-

427 3255 697 3336 junctivi
734 3254 925 3318 modi.
957 3270 1321 3341 sequuntur
1337 3302 1356 3335 ,
1395 3253 1605 3343 qualia
1640 3254 1875 3341 copula
1910 3268 1974 3317 et
2000 3268 2147 3341 post
2177 3250 2554 3339 expediatur

432 3356 770 3445 poscebat,
803 3354 916 3420 sed
951 3356 1232 3420 volvitur
1256 3370 1323 3419 et
1364 3354 1653 3443 impedit,
1690 3354 1845 3419 hinc
1870 3352 2170 3443 adparet,
2202 3350 2364 3416 illud
2401 3352 2551 3415 Ex·-

416 3458 726 3547 pediatur
759 3456 1228 3521 correctionem
1270 3479 1406 3520 esse
1437 3478 1474 3521 a
1504 3456 1900 3543 descriptore
1943 3472 2253 3520 tentatam
2283 3452 2551 3516 minime

433 3558 895 3640 sufficientem,
929 3574 997 3623 et
1032 3558 1200 3622 illius
1232 3558 1411 3623 verbi
1448 3558 1595 3622 loco
1642 3556 1819 3621 aliud
1855 3556 2010 3645 quid
2059 3555 2335 3644 requiri,
2373 3553 2551 3641 quod

432 3684 696 3726 sensum
740 3676 806 3724 et
840 3660 1147 3723 orationis
1192 3682 1426 3723 nexum
1461 3659 1651 3745 plene
1682 3660 1995 3722 restituat.
2022 3656 2123 3720 Ne
2168 3654 2367 3719 multa
2390 3702 2407 3735 ,
2457 3654 2549 3716 sic

435 3762 705 3824 omnino
733 3760 1146 3827 scribendum
1169 3760 1454 3825 arbitror
1483 3784 1499 3823 ε

725 3958 982 3973 ........
1007 3919 1097 3991 qui
1120 3920 1401 3987 (Xanthus)
1428 3920 1669 3990 protinus
1700 3916 1934 3988 undique
1966 3917 2086 3969 totis

716 4006 1048 4076 Impetuosus
1079 4003 1256 4074 aquis,
1293 4015 1342 4055 et
1369 4012 1514 4057 vasto
1547 4003 1748 4074 gurgite
1780 4018 2011 4073 princeps

714 4086 981 4153 Volvitur,
1007 4098 1162 4159 atquc
1192 4086 1365 4139 virum
1393 4086 1709 4140 torrentibus
1734 4084 1951 4158 impedit
1982 4084 2150 4137 undis.
