2975 4684
503 383 648 470 436

1335 385 1783 453 LICENTII

600 514 746 580 Hoc
783 511 1002 576 tamen
1026 560 1044 594 ,
1083 507 1212 576 hoc
1241 508 1446 575 animi
1492 505 1819 592 vinclum,
1856 531 2195 602 nexusque
2234 505 2491 593 fideles,

599 623 756 693 Non
795 621 910 713 qui
945 618 1267 685 montosis
1305 616 1603 685 firmatas
1642 617 1922 711 rupibus
1966 615 2169 711 Alpes

598 731 856 825 Fregit,
893 743 960 798 et
993 728 1258 798 Italicas
1293 729 1531 821 pressit
1570 751 1725 796 cum
1760 727 2092 796 moenibus
2123 727 2360 813 urbes,
2556 746 2634 787 τις

597 845 994 933 Rumperet,
1029 853 1146 906 aut
1183 851 1412 906 nostro
1455 851 1699 905 tereret
1734 835 1817 906 de
1852 836 2094 906 robore
2136 837 2523 933 quidquam.

692 953 795 1018 Ite
834 946 1066 1043 procul
1105 946 1328 1017 latices
1367 946 1642 1015 tumidis
1674 947 2101 1016 amfractibus
2138 949 2308 1032 Oxi,

597 1067 732 1130 Aut
767 1059 850 1129 ab
889 1058 1286 1152 Arimphaeis
1322 1057 1663 1151 Rhipheos
1684 1110 1703 1143 ‚
1738 1072 1855 1125 aut
1894 1057 2139 1151 oppida
2176 1059 2377 1151 Caspi

597 1169 1123 1262 cimmeriasque
1157 1167 1388 1236 domos
1426 1167 1774 1260 sejungere
1808 1165 2085 1233 flumine
2123 1164 2347 1260 largo;

598 1283 1053 1369 Maeotumque
1089 1275 1336 1370 plagae,
1363 1290 1428 1344 et
1463 1291 1711 1368 pontus
1747 1299 1912 1369 quas
1949 1275 2173 1344 obruit
2207 1275 2467 1361 HelleS‚
2556 1308 2605 1336 n

506 1537 594 1584 21,
643 1541 666 1564 ι
689 1517 836 1586 Soepe
889 1526 1036 1586 pater
1073 1511 1204 1567 dixit
1230 1553 1246 1580 ,
1289 1511 1523 1566 studium

501 1595 634 1669 quid
659 1595 845 1648 inutile
869 1591 1074 1647 tentas?
1099 1613 1120 1638 ιι

579 1681 696 1739 114.
719 1679 833 1726 Non
861 1675 949 1742 qui
966 1673 1226 1732 montosis,
1262 1671 1316 1722 h.
1339 1689 1389 1722 e.
1411 1687 1523 1723 non

504 1752 888 1824 Hannibal,qui
905 1751 1004 1804 sibi
1021 1749 1224 1804 aditum
1239 1750 1295 1802 in
1313 1747 1525 1801 Italiam

505 1833 772 1906 perruptis
807 1832 1029 1904 Alpibus
1063 1830 1312 1902 patefecit
1325 1869 1341 1896 ‚
1378 1828 1527 1882 omni

497 1914 706 1985 impetu
735 1931 831 1964 suo
851 1922 1137 1982 rumperet.
1161 1908 1527 1974 Lucanus,V1,

467 2008 475 2022 ‘
511 1994 606 2047 38:
635 2017 660 2038 οι
682 1992 1015 2062 Franguntur
1027 1999 1263 2051 montes,
1284 1989 1525 2060 planum-

509 2091 614 2144 que
640 2091 733 2143 per
768 2070 937 2126 ardua
954 2071 1127 2124 Com
1145 2069 1302 2122 Ducit
1321 2083 1454 2140 opus
1481 2091 1525 2118 n.

511 2150 667 2223 Apud
690 2149 1039 2204 Claudianum
1056 2190 1070 2216 ‚
1100 2149 1226 2201 Bell.
1249 2149 1369 2201 Get.
1393 2147 1493 2201 532
1512 2187 1528 2214 ‚

508 2230 743 2284 Alaricus
769 2229 1066 2282 Gothorum
1099 2227 1239 2279 dux:
1273 2253 1296 2274 α
1327 2245 1421 2298 per
1451 2238 1528 2278 tot

411 2353 416 2356 .
508 2309 734 2381 populos
781 2308 1042 2380 urbesque
1087 2305 1329 2370 cucurri,
1373 2305 1528 2375 Fregi

513 2389 670 2460 Alpes
683 2413 724 2440 a.
740 2386 890 2440 Idem
910 2384 1096 2440 Claud.
1119 2387 1308 2456 sapius
1333 2399 1525 2453 ruptas,

515 2471 718 2518 laxatas
731 2505 748 2527 ,
771 2480 968 2535 apertas
999 2463 1157 2535 Alpes
1182 2462 1328 2516 dicit.

593 2563 616 2597 ι
630 2545 709 2598 15.
737 2549 942 2596 Italicas
963 2547 1142 2615 pressit
1165 2561 1273 2594 cum
1297 2545 1529 2594 maenibus

513 2627 681 2684 urbes,
709 2624 747 2677 i.
774 2643 820 2677 e.
845 2625 1068 2686 invasit,
1093 2621 1368 2675 obsidione
1382 2641 1529 2694 pres·

517 2704 619 2770 sit,
647 2704 942 2776 occupavit.
970 2703 1102 2756 Tale
1138 2714 1244 2766 est,
1281 2700 1426 2774 quod
1465 2700 1534 2755 de

517 2785 721 2838 Cesar-e
742 2783 947 2837 Italiam
965 2781 1244 2836 invadente
1263 2781 1333 2834 ait
1351 2782 1535 2834 Petro-

517 2866 660 2926 nius,
693 2865 748 2917 in
779 2865 953 2918 Carm.
990 2863 1058 2916 de
1085 2863 1269 2915 Mutat.
1297 2860 1533 2933 Reipubl.

518 2964 567 2998 v.
593 2963 718 3015 ²⁰9³
752 2971 774 2992 ι
794 2946 932 2996 Dum
949 2943 1124 2997 Caesar
1140 2940 1350 2995 timidas
1367 2941 1535 2993 iratm

514 3022 764 3096 deprimit
791 3041 938 3077 arces
955 3048 995 3073 n.

593 3107 709 3156 116.
767 3109 873 3153 Aut
915 3117 1082 3154 noser-0
1127 3115 1321 3152 terreret
1366 3105 1537 3151 robore

519 3185 803 3250 quidquam.
832 3181 918 3234 Sic
953 3179 1172 3254 quidem
1205 3199 1388 3232 omues
1415 3177 1533 3232 edd.

518 3260 726 3332 legunt,
749 3259 842 3312 sed
869 3277 1049 3314 sensus
1075 3259 1267 3330 poscit,
1285 3269 1345 3310 ut
1363 3277 1538 3310 emen—

517 3337 703 3392 demus
724 3353 886 3390 nostm
922 3351 1095 3390 tereret
1120 3343 1182 3390 ds
1203 3342 1370 3388 robore
1398 3341 1538 3406 quid-

519 3437 670 3486 quam
688 3456 702 3478 ,
732 3417 788 3468 h.
816 3437 864 3470 e.
894 3418 1058 3469 robur
1083 3417 1324 3469 amicitiae
1346 3431 1536 3468 nostrae

519 3494 911 3568 quodammodo
937 3493 1272 3548 diminueret.

596 3595 618 3628 1
633 3593 709 3646 17.
755 3576 1076 3643 amfractibus
1115 3578 1229 3626 Oxi.
1271 3573 1418 3625 Oxus
1460 3585 1537 3625 est

517 3653 710 3706 fluvius
754 3653 937 3725 ingens
973 3649 1248 3722 Sogdiano
1288 3652 1346 3704 in
1388 3671 1535 3704 mare

523 3735 769 3804 Caspium
791 3735 876 3785 vel
903 3733 1208 3804 Hyrcanum
1231 3730 1533 3786 decurrens.

517 3813 689 3889 Hujus
715 3825 765 3866 et
791 3811 1120 3883 sequentium
1147 3828 1393 3864 versuum
1419 3812 1535 3865 haec

521 3893 781 3946 sententia
815 3907 926 3945 esse
959 3888 1206 3943 videtur:
1261 3890 1373 3942 Etsi
1413 3903 1536 3943 sunt

521 3983 674 4025 terra
702 3981 754 4024 et
778 3981 956 4043 gentes
970 4006 986 4033 ,
1017 3986 1148 4041 quas
1176 3967 1336 4039 longa
1365 3969 1533 4022 maria

522 4061 574 4100 et
609 4049 824 4101 flumina
863 4045 1224 4101 disterminant
1243 4085 1259 4112 ,
1297 4058 1421 4099 sunt
1453 4059 1531 4099 ta·

519 4143 642 4178 men
681 4127 796 4180 alius
832 4124 1014 4178 vicine
1055 4136 1106 4177 et
1145 4125 1203 4177 in
1242 4125 1532 4178 continenti

1608 1511 1719 1564 sito
1736 1553 1751 1579 ,
1769 1531 1886 1584 qun
1902 1512 2015 1564 aliis
2032 1509 2414 1564 discordiarum
2434 1511 2639 1566 caussis

1608 1590 1987 1644 distrahuntur.
2006 1592 2266 1644 Ceterum
2286 1589 2435 1662 quod
2448 1590 2639 1644 Ucen-

1610 1672 1715 1724 tius
1741 1668 1846 1724 hoc
1880 1670 1997 1724 loco
2034 1671 2227 1724 iterum
2254 1670 2468 1741 longam
2504 1689 2637 1724 enn-

1610 1749 1955 1804 merationem
1996 1751 2227 1821 gentium
2268 1762 2639 1822 terrarumque

1610 1828 1941 1884 diversarum
1986 1829 2131 1882 orbis
2178 1827 2507 1900 ingreditur,
2556 1831 2639 1882 uti

1612 1927 1769 1982 supra
1796 1907 1919 1961 inde
1940 1927 1973 1960 a
1991 1927 2149 1962 versu
2176 1911 2245 1977 96
2274 1909 2475 1962 fecerat
2492 1945 2509 1971 ‚
2529 1909 2639 1961 hoe

1614 1990 1663 2042 ei
1703 1989 1839 2041 forte
1878 2005 1909 2040 e
1934 1987 2131 2041 recenti
2169 1989 2397 2042 lectione
2432 1988 2639 2041 Choro-

1613 2067 1845 2138 graphiae
1880 2066 2139 2122 Varronis
2202 2067 2421 2121 inhaesit.
2478 2067 2640 2120 Unde

1612 2165 1813 2216 novum
1852 2159 2219 2218 argumentum
2260 2145 2385 2200 duci
2431 2159 2603 2218 potest
2620 2189 2637 2212 ,

1612 2245 1735 2278 eum
1756 2225 1945 2278 librum
1965 2225 2223 2279 Varronis
2246 2227 2400 2279 versu
2424 2245 2447 2278 ι
2478 2226 2639 2292 hujus

1615 2305 1867 2357 carminis
1894 2304 2196 2375 significari.

1692 2403 1713 2436 1
1729 2385 1806 2436 18.
1825 2390 1929 2435 Aue
1952 2388 2016 2434 ab
2044 2387 2361 2452 Aremphaeis.
2392 2386 2643 2440 scriben-

1616 2464 1743 2516 dum
1777 2474 1853 2515 est
1878 2467 2198 2532 Arimphaer's,
2234 2482 2370 2535 quos
2404 2463 2472 2517 ad
2509 2465 2639 2518 Rhi-

1616 2545 1795 2617 phnos
1818 2557 2021 2600 montes
2044 2547 2309 2618 pertinere
2326 2547 2511 2600 scribit
2535 2546 2639 2599 Pli-

1616 2626 1767 2688 nius,
1805 2624 1913 2687 VI,
1952 2643 2005 2694 7,
2040 2637 2091 2676 et
2134 2623 2205 2678 de
2253 2625 2355 2678 illis
2409 2626 2637 2697 amplius

1618 2722 1736 2776 cap.
1759 2723 1820 2758 υ
1841 2724 1855 2757 :
1887 2730 1910 2753 ι
1933 2705 2259 2776 Arimphaeos
2276 2705 2535 2778 quosdam
2554 2725 2643 2760 ac-

1618 2784 1855 2854 cepimus
1872 2783 2019 2837 haud
2034 2783 2343 2838 dissimilem
2364 2785 2643 2858 Hyperbo-

1618 2863 1721 2915 reis
1755 2875 1980 2935 gentem.
2034 2861 2195 2917 Sedes
2238 2863 2343 2917 illis
2389 2883 2606 2918 nemora
2622 2903 2639 2928 ‚

1620 2943 1865 2997 alimenta
1900 2945 2099 3008 baccoe3
2134 2945 2353 3016 capillus
2380 2949 2530 3019 juxta
2566 2948 2641 2999 fe·

1622 3021 1778 3074 minis
1795 3021 2029 3094 virisque
2052 3023 2107 3075 in
2142 3023 2339 3096 probro
2373 3025 2645 3078 existima·

1622 3113 1739 3153 tur:
1776 3101 1907 3154 ritus
1924 3101 2223 3155 clementes.
2255 3102 2441 3176 Itaque
2458 3123 2640 3159 sacros

1621 3179 1807 3233 haberi
1824 3193 2059 3246 narrant,
2076 3180 2461 3254 inviolatosque
2476 3185 2639 3237 etiam

1624 3259 1747 3311 feris
1764 3259 2063 3313 accolarum
2085 3261 2293 3331 populis
2317 3279 2333 3312 τ
2366 3281 2469 3315 nec
2494 3263 2640 3335 ipsos

1622 3337 1807 3405 modo,
1826 3337 1917 3392 sed
1944 3339 2320 3412 illos-quoque,
2345 3342 2441 3414 qni
2458 3342 2529 3396 ad
2550 3362 2642 3397 eos

1622 3418 1967 3491 profugerunt
1998 3443 2041 3472 a.
2106 3419 2341 3492 Sequens
2396 3424 2643 3490 Rhipaeos

1622 3508 1866 3568 corrupte
1881 3497 2114 3569 scripsit,
2138 3499 2291 3552 metri
2308 3516 2518 3564 caussa,
2540 3519 2641 3572 pro

1621 3577 1892 3645 Rhiphoeos,
1906 3575 2053 3646 quod
2074 3576 2303 3648 syllabas
2322 3597 2509 3631 omnes
2524 3579 2643 3633 lon-

1621 3673 1713 3725 gas
1740 3653 1917 3708 habet.
1951 3655 2185 3727 Populos
2219 3655 2307 3710 hic
2345 3655 2645 3712 nominatos

1620 3731 1891 3806 quomodo
1940 3733 2048 3787 dici
2093 3735 2259 3807 possit
2275 3774 2292 3801 ‚
2326 3736 2503 3789 Oxum
2538 3737 2645 3790 fln-

1624 3813 1767 3864 vium
1822 3815 2125 3886 sejungere,
2172 3831 2281 3866 non
2320 3813 2500 3868 video.
2538 3816 2646 3871 sed

1619 3889 1831 3944 videtur
1866 3892 2133 3945 Licentius
2166 3893 2383 3947 nomina
2404 3899 2645 3966 gentium

1618 3981 1815 4023 temere
1840 3970 2069 4042 arripere
2085 4008 2102 4034 ‚
2140 3989 2313 4044 neque
2342 3973 2393 4026 ei
2420 3991 2643 4026 accura-

1620 4059 1726 4100 tam
1746 4049 2080 4120 geographioe
2106 4050 2341 4104 notitiam
2375 4051 2571 4104 tribuo.

1696 4145 1811 4181 1²0.
1832 4133 2213 4196 Maeoet'dumque
2222 4134 2401 4199 plaga·
2412 4167 2431 4191 ,
2458 4145 2645 4199 pontus
