2975 4684
920 371 1438 442 EPITOMES
1500 375 1929 444 HOMERI.
2355 377 2495 462 465

355 505 508 572 dem
541 505 760 594 plures
805 503 944 584 ejus
981 505 1266 568 nominis
1297 504 1366 568 in
1398 505 1781 592 antiquitate
1826 507 1979 570 clari
2014 525 2495 594 memorantur,

357 632 455 694 et,
491 633 699 700 quum
729 610 1022 699 plerique
1059 631 1212 674 eum
1253 633 1390 675 esse
1425 610 1677 693 dicant,
1716 635 1915 699 quem
1939 614 2313 680 Macrobius
2338 617 2497 682 ado·

357 722 706 785 lescentem
741 739 894 780 cum
930 715 1152 780 Servio
1183 717 1451 805 aliisque
1489 717 1926 805 disputantem
1956 720 2023 783 in
2058 721 2501 788 Saturnalibus

361 824 726 906 induxerit,
763 820 1062 911 adeoque
1095 823 1449 887 Theodosii
1490 823 1776 888 Junioris
1810 841 1875 888 et
1910 827 2321 913 sequentium
2370 829 2503 892 Im-

362 946 734 1020 peratorum
762 949 900 992 aevo
925 925 1218 992 floruisse
1239 925 1623 1008 adfirment3
1647 929 1751 994 alii
1782 947 1996 995 tamen
2024 931 2107 995 ab
2138 932 2269 997 hoc
2296 935 2505 1014 sejun—

363 1035 650 1126 gendum
671 1083 688 1116 ,
729 1055 942 1122 eoque
971 1033 1190 1122 paullo
1224 1035 1661 1122 antiquiorem
1700 1035 2109 1100 arbitrantur.
2146 1040 2223 1101 In
2264 1039 2502 1126 quibus

363 1143 689 1231 praecipue
715 1157 816 1205 est
829 1142 1030 1204 Henr.
1057 1141 1567 1231 Gannegieterus
1582 1189 1601 1222 ,
1627 1142 1827 1229 quiin
1845 1143 2012 1207 Diss.
2026 1144 2252 1208 Aviani
2272 1145 2505 1209 fabulis

365 1250 674 1332 subjecta,
693 1271 832 1336 cap.
857 1271 918 1329 a,
939 1248 1260 1330 observat,
1278 1271 1314 1312 a
1334 1249 1669 1316 Macrobio
1688 1252 2007 1314 Avienum
2026 1267 2092 1315 et
2106 1252 2399 1317 Servium
2420 1255 2508 1317 ita

365 1357 854 1422 confabulantes
894 1355 1149 1436 induci,
1173 1370 1249 1419 ut
1271 1357 1517 1421 Avieno
1547 1357 1729 1444 quasi
1762 1356 2097 1446 discipuli,
2134 1357 2355 1424 Servio
2387 1360 2509 1424 do-

367 1463 564 1527 ctoris
587 1455 655 1526 et
681 1462 1096 1550 praeceptoris
1113 1477 1324 1549 partes
1346 1463 1751 1542 tribuantur,
1786 1463 2081 1527 Servium
2110 1481 2326 1530 autem
2347 1515 2364 1546 ‚
2394 1468 2508 1554 qui

365 1569 438 1630 in
481 1568 614 1638 suis
645 1567 728 1631 ad
766 1567 1110 1656 Virgilium
1151 1570 1635 1632 commentariis
1666 1569 1992 1633 Avienum
2027 1571 2281 1659 scriptis
2328 1572 2506 1637 libris

367 1673 616 1736 clarum
633 1670 936 1754 adducat3
959 1671 1085 1735 hoc
1106 1671 1250 1758 ipso
1269 1670 1767 1754 declarare,eum
1796 1693 1933 1736 non
1954 1675 2263 1760 aequalem
2289 1699 2506 1757 suum,

372 1777 488 1842 sed
511 1799 582 1840 se
598 1777 884 1866 priorem
907 1791 974 1839 et
991 1776 1424 1863 antiquiorem
1452 1779 1669 1842 fuisse.
1699 1775 2019 1864 Equidem
2048 1798 2507 1867 argumentum

371 1883 535 1948 illud
563 1905 601 1948 e
626 1882 830 1948 Servii
859 1883 1338 1947 commentariis
1372 1882 1645 1947 ductum
1681 1905 1815 1946 non
1852 1883 2210 1948 admodum
2246 1885 2509 1951 firmum

371 2013 512 2055 esse
547 1989 878 2070 existimo,
928 1989 980 2052 si
1015 1985 1284 2077 quidem
1332 2005 1615 2052 statuere
1645 1986 1952 2068 velimus,
1988 1990 2283 2054 Servium
2324 1994 2505 2056 illum

375 2097 492 2161 diu
509 2111 659 2184 post
675 2095 1080 2160 Macrobium
1107 2109 1172 2158 et
1187 2093 1661 2183 disputationes
1689 2095 1825 2159 illas
1848 2097 2069 2159 Romoe
2088 2119 2239 2162 cum
2260 2100 2507 2162 Avieno

374 2205 784 2272 adolescente
803 2204 1052 2268 habitas
1081 2204 1408 2290 scripsisse
1423 2252 1440 2284 ,
1466 2219 1581 2267 aut
1605 2204 1773 2268 forte
1795 2204 1996 2268 Servii
2024 2209 2505 2272 commentariis

375 2311 653 2398 junioris
677 2311 948 2389 alicujus
965 2309 1382 2374 Grammatici
1399 2357 1417 2390 ,
1453 2309 1569 2395 qui
1586 2309 1908 2374 Avienum
1932 2310 2288 2375 laudaverit
2304 2361 2321 2393 ‚
2352 2315 2509 2377 scri-

378 2419 504 2506 ptis
567 2417 827 2482 adsutas
887 2437 1063 2496 esse3
1121 2414 1237 2478 sed
1289 2429 1505 2478 tamen
1551 2416 1705 2479 nolo
1752 2437 2020 2504 prorsus
2060 2419 2504 2508 Cannegieteri

380 2523 716 2588 sententiae
737 2521 1056 2587 adversari
1073 2571 1090 2602 ,
1115 2537 1314 2609 atque
1337 2521 1501 2586 illud
1528 2521 1883 2588 concedam
1916 2523 2125 2588 libens
2143 2571 2159 2604 ,
2191 2525 2509 2590 Avienum

379 2630 742 2694 carminum
766 2644 1096 2692 auctorem
1119 2627 1337 2717 paullo
1367 2627 1800 2714 antiquiorem
1816 2629 2239 2694 Macrobiano
2262 2653 2422 2713 esse,
2449 2649 2515 2696 et

381 2737 604 2800 saltem
645 2732 1105 2799 'theodosiano
1136 2757 1273 2798 aevo
1305 2735 1628 2798 claruisse.
1668 2736 1895 2798 Festus
1945 2735 2206 2823 quidam
2244 2737 2367 2801 sub
2388 2740 2516 2801 Va-

381 2843 556 2906 lente
585 2842 956 2908 Consularis
987 2841 1187 2929 Syriae
1211 2856 1277 2904 et
1302 2841 1666 2905 Proconsul
1692 2839 1922 2905 Africae
1946 2842 2015 2903 in
2034 2841 2196 2905 cc-d.
2216 2843 2519 2906 Theodo-

384 2949 565 3012 siano
582 2997 599 3029 ,
643 2961 709 3012 et
758 2948 840 3011 ab
891 2941 1228 3032 Ammiano
1279 2947 1563 3012 Marcell.
1622 2947 2025 3033 Libanioque
2075 2963 2473 3012 memoratur
2496 2999 2512 3030 ,

383 3077 584 3145 quem
598 3051 899 3118 eumdem
918 3075 1056 3118 esse
1069 3054 1332 3117 Festum
1361 3053 1677 3116 Avienum
1697 3102 1714 3135 ,
1746 3053 1857 3141 qui
1878 3053 1946 3114 in
1971 3075 2291 3116 marmore
2319 3077 2515 3143 supra

383 3161 646 3226 laudato
672 3161 926 3248 gemino
945 3159 1342 3246 proconsulis
1372 3157 1608 3221 honore
1636 3171 1861 3222 auctus
1882 3175 1947 3221 et
1963 3159 2324 3222 carminum
2357 3163 2520 3224 mul-

385 3283 610 3332 torum
644 3283 874 3330 auctor
898 3265 1167 3346 dicitur,
1201 3287 1336 3328 non
1372 3265 1677 3351 iniquum
1710 3279 1808 3327 est
1829 3263 2118 3344 judicare
2144 3263 2259 3353 (1).
2303 3269 2522 3355 Atque

386 3376 526 3440 haec
558 3375 731 3438 Festi
774 3373 945 3437 illius
975 3387 1124 3436 aetas
1156 3372 1430 3436 omnino
1461 3371 1605 3434 talis
1643 3387 1773 3451 est,
1818 3393 1959 3459 quae
1999 3373 2245 3436 auctori
2283 3373 2521 3439 Latinae

385 3479 604 3544 Iliadis
625 3480 868 3570 optime
889 3479 1252 3543 conveniat.
1275 3478 1571 3542 Lutatius
1592 3475 1858 3564 quidem
1877 3525 1894 3558 ‚
1921 3477 2291 3542 scholiastes
2310 3479 2517 3561 Statii,

387 3587 502 3674 qui
523 3587 772 3676 primus
802 3607 952 3650 eum
986 3601 1318 3650 auctorem
1352 3587 1506 3648 citat
1534 3583 1615 3648 ad
1638 3583 1937 3649 Theb.vl
1954 3635 1971 3667 ‚
2003 3609 2154 3666 120,
2190 3601 2369 3648 sexto
2410 3584 2522 3650 de-

387 3715 573 3756 mum
603 3693 836 3756 saeculo
861 3693 1090 3755 vixisse
1105 3690 1382 3774 videtur,
1407 3689 1589 3777 quod
1613 3688 1856 3753 sedulii
1880 3705 1943 3754 et
1962 3691 2214 3754 Boethii
2236 3693 2524 3757 testimo-

390 3799 515 3862 niis
543 3798 769 3890 utitur.
789 3797 917 3862 Sed
939 3813 1166 3861 auctor
1189 3795 1426 3861 Iliados
1449 3789 1679 3883 purior
1701 3811 1766 3859 et
1788 3797 2153 3885 castigatior
2173 3813 2269 3860 est
2286 3845 2303 3878 ,
2326 3821 2521 3884 quam

460 3974 542 4042 (1)
577 3972 698 4043 Ipse
719 3989 848 4024 vero
865 3968 1275 4024 Wernsdorfius
1305 3969 1446 4022 hanc
1477 3967 1651 4040 ipsam
1674 3967 1989 4021 sententiam
2016 3979 2264 4021 retractat
2298 3969 2354 4020 in
2394 3990 2519 4042 pro-

388 4061 544 4114 oemio
568 4059 634 4114 de
655 4061 711 4112 R.
729 4061 885 4113 Festo
907 4059 1108 4112 Avieno
1125 4099 1140 4126 ,
1159 4070 1210 4111 et
1228 4057 1464 4130 agnoscit
1490 4077 1613 4111 eum
1637 4059 1847 4112 Festum
1861 4099 1875 4122 ‚
1892 4076 2015 4110 cum
2036 4079 2101 4110 eo
2122 4059 2271 4130 cujus
2292 4059 2525 4114 carmina

389 4151 634 4223 proximo
663 4160 810 4202 tomo
837 4149 1152 4212 inserentur,
1180 4143 1439 4234 confundi
1465 4165 1573 4200 non
1596 4160 1733 4199 recte
1761 4165 1930 4218 posse.
1956 4147 2054 4199 En.

642 4243 772 4308 ΙΙΙ
2206 4236 2295 4308 30
