2975 4684
475 401 614 487 438

1309 403 1765 472 LICENTII

567 525 948 618 Hospitium
995 547 1356 593 commune
1397 523 1545 591 fuit.
1586 521 1773 612 Quid
1812 521 2099 617 denique
2132 524 2409 592 fratrum

568 633 932 704 Dissidium
951 688 971 719 ,
1015 657 1406 728 pugnasque
1434 633 1716 706 canam?
1743 633 1905 727 quid
1935 633 2216 703 honesta
2247 651 2597 730 parentum

569 745 904 830 Verbera,
935 743 1096 838 quid
1133 759 1422 813 matrum
1461 745 1667 813 furias
1689 799 1707 830 ,
1740 758 2066 838 natosque
2102 747 2473 840 superbos?

664 858 782 924 Est
825 856 1024 924 etiam
1063 879 1375 949 superum
1419 879 1698 923 concors
1728 853 2061 924 discordia
2104 881 2369 942 rerum,
2524 879 2597 916 σο

569 969 828 1059 Totque
870 964 1093 1033 fluunt
1130 965 1336 1052 ritus,
1373 979 1539 1058 quot
1580 964 1694 1032 dat
1728 967 2051 1033 sententia
2096 965 2306 1060 legeS,

566 1077 708 1143 Nec
743 1087 922 1142 tenet
953 1098 1126 1142 unus
1155 1098 1345 1142 amor
1377 1099 1392 1142 ε
1427 1099 1568 1142 non
1598 1075 1651 1142 si
1694 1074 1857 1142 mihi
1896 1099 2243 1146 murmura
2277 1093 2546 1146 centum

565 1186 700 1252 Det
733 1187 1008 1271 BoreaS,
1045 1183 1455 1277 totidemque
1492 1185 1783 1271 animas,
1814 1199 2215 1279 centumque
2248 1210 2368 1279 per
2402 1213 2519 1256 ora

567 1295 830 1388 Lingua
866 1293 1087 1386 rigens
1117 1291 1470 1361 adamante
1506 1292 1779 1378 fremat,
1812 1319 2184 1362 memorare
2214 1294 2471 1382 valebo,

568 1405 737 1493 Quae
772 1403 1014 1471 sociata
1057 1403 1244 1497 prius
1286 1419 1579 1472 veterum
1616 1417 1855 1471 natura
1892 1401 2189 1472 locorum
2520 1427 2599 1464 1³⁵

547 1609 662 1665 τη.
709 1599 921 1663 Hospido
966 1613 1217 1646 commune
1240 1597 1346 1663 suit
1361 1615 1379 1644 .·
1411 1596 1488 1648 sic

469 1675 669 1729 editum
706 1685 784 1726 est
813 1674 880 1726 ab
908 1674 1172 1728 omnibus.
1201 1673 1301 1727 Sed
1325 1677 1488 1742 hospi·

469 1761 587 1807 dum
625 1749 962 1805 scribendum
997 1771 1111 1804 esse
1140 1755 1249 1826 jam
1285 1753 1492 1805 monuit

469 1833 712 1888 Bai-thius
729 1873 744 1898 ‚
767 1833 924 1885 XVH
943 1870 959 1896 ‚
988 1833 1068 1886 18.

549 1914 664 1966 130.
693 1919 787 1965 Est
823 1915 968 1964 etiam
1009 1931 1255 1980 superum,
1287 1909 1340 1964 id
1379 1923 1485 1976 est,

471 1993 800 2058 divinarum,
843 2009 1104 2048 sacrarum
1157 2009 1353 2044 rerum.
1404 1990 1488 2044 Ad

471 2092 674 2124 concors
691 2075 941 2124 discor-dia
961 2068 1205 2123 Barthius
1233 2070 1266 2121 1.
1294 2089 1340 2122 c.
1366 2069 1490 2122 Ovi-

470 2152 684 2204 dianum
721 2149 853 2203 illud
884 2151 1046 2216 citat,
1069 2167 1272 2200 concors
1301 2153 1487 2200 discor*

471 2235 556 2283 dia
575 2235 759 2302 ficibus
784 2243 905 2298 apta
937 2243 1036 2289 est,
1081 2241 1134 2280 et
1158 2228 1262 2281 hoc
1287 2229 1486 2280 Rustici

470 2311 695 2383 Elpidii:
717 2336 742 2355 κ
755 2311 910 2362 etiam
929 2307 1193 2362 discordia
1211 2307 1346 2360 fidas
1355 2308 1490 2360 Con-

471 2402 678 2443 servant
713 2389 964 2441 elementa
997 2388 1136 2441 vices
1153 2411 1193 2437 ὀ-
1233 2386 1386 2441 Addo
1412 2386 1490 2440 lo-

469 2487 593 2521 cnm
619 2467 864 2539 Epistolae
881 2505 897 2530 ‚
929 2485 960 2518 a
977 2466 1238 2526 Maximo,
1271 2464 1489 2527 Madau·

469 2547 607 2600 rensi
626 2547 970 2618 grammatico
985 2582 998 2604 ,
1019 2561 1224 2615 pagano
1242 2543 1458 2597 homine
1470 2581 1486 2606 ‚

468 2626 534 2679 ad
568 2626 930 2696 'Augustinum
967 2623 1174 2694 scriptae
1187 2659 1203 2684 ‚
1247 2641 1365 2693 quse
1411 2635 1490 2676 est

470 2703 674 2767 XLIII,
697 2703 780 2756 vel
800 2702 934 2754 XVI
953 2721 1102 2754 novae
1125 2700 1252 2754 edit.
1273 2700 1366 2756 ubi
1385 2703 1488 2756 hoc

470 2793 762 2856 σιγῶσι-οη
805 2782 860 2833 in
903 2779 1091 2834 eodem
1135 2794 1449 2852 argumento
1470 2822 1483 2849 ,

467 2883 576 2936 quo
595 2862 862 2916 Licentius
876 2901 892 2929 ,
921 2879 1112 2932 nempe
1137 2859 1206 2912 de
1229 2859 1487 2914 dissiden-

467 2945 607 2996 tibus
641 2943 700 2998 in
741 2961 848 2994 una
886 2941 1140 3012 religione
1179 2941 1450 2993 sententiis
1469 2977 1485 3003 ‚

466 3035 688 3094 usurpat
713 3039 726 3074 :
796 3047 818 3068 ι
857 3021 943 3072 Dii
989 3033 1042 3074 te
1086 3032 1294 3072 servent
1315 3061 1331 3084 ,
1389 3038 1487 3091 per

469 3121 600 3174 qnos
646 3113 697 3152 et
743 3117 928 3153 eorum
967 3111 1128 3170 atque
1173 3109 1485 3152 cunctorum

471 3181 776 3252 mortalium
793 3197 1130 3233 communem
1152 3189 1355 3250 patrem
1374 3177 1488 3230 uni-

465 3260 603 3314 versi
621 3261 866 3312 mortales
882 3296 897 3321 ,
917 3277 1051 3334 quos
1071 3272 1208 3312 terra
1234 3259 1485 3326 sustinet,

469 3339 610 3393 mille
636 3337 807 3392 modis
834 3337 1085 3392 concordi
1115 3337 1378 3392 discordia
1399 3355 1486 3392 ve·

466 3437 719 3472 net-amur
742 3429 798 3470 et
825 3418 1048 3470 colimus
1062 3443 1102 3470 a.

545 3498 657 3552 132.
676 3503 791 3550 Non
814 3500 860 3548 si
876 3501 995 3550 milti
1009 3515 1254 3550 murmura
1273 3511 1482 3551 centum.

467 3580 614 3632 Trita
653 3577 768 3631 baec
811 3577 1070 3630 sententia
1106 3577 1302 3648 poetis,
1323 3595 1484 3648 quam

463 3671 638 3712 tamen
673 3655 1007 3728 exaggeravit
1039 3655 1308 3710 Licentins
1345 3657 1485 3710 ultra

467 3737 690 3791 modum
707 3779 722 3804 ‚
749 3749 807 3788 ut
840 3755 904 3789 ex
941 3736 1334 3806 comparatione
1363 3737 1486 3789 alio-

464 3837 586 3872 rum
622 3816 912 3888 intelligere
955 3827 1049 3868 est.
1080 3815 1234 3886 virg.
1278 3815 1474 3888 Georg.

1571 1595 1786 1667 linguis,
1808 1595 2192 1668 Ingeniumque
2208 1615 2385 1668 capax,
2403 1609 2599 1651 totum-

1573 1693 1679 1746 que
1712 1671 1965 1728 Helicona
1990 1673 2277 1727 dedisset».
2310 1676 2599 1730 Claudian.

1573 1755 1628 1806 in
1666 1754 1825 1806 Cons.
1863 1753 2020 1805 Prob.
2060 1753 2126 1806 55
2148 1771 2164 1806 :
2207 1779 2230 1802 ιι
2257 1756 2376 1807 Non
2393 1794 2407 1816 ,
2458 1755 2595 1808 mihi

1574 1833 1806 1886 centenis
1831 1844 2081 1886 resonent
2126 1833 2170 1885 si
2206 1834 2425 1887 vocibus
2462 1853 2557 1887 ora
2577 1877 2595 1900 ,

1573 1906 1979 1984 Mnlffidusque
2001 1923 2125 1965 ruat
2150 1925 2363 1966 centum
2389 1932 2489 1985 per
2508 1933 2601 1986 pe·

1574 2003 1721 2045 ctora
1740 1991 1968 2044 Phoebus
1987 2029 2003 2054 ,
2039 1992 2169 2044 Acta
2190 1992 2351 2045 Probi
2378 2011 2601 2046 narrare

1573 2089 1765 2143 queam
1784 2095 1829 2122 ι.
1872 2069 2127 2142 Displicet
2152 2071 2424 2142 inprimis,
2449 2071 2597 2143 quod

1576 2167 1731 2203 voces
1764 2161 1815 2202 et
1841 2149 2042 2203 animas
2079 2167 2107 2202 a
2146 2152 2313 2205 Borea
2344 2152 2490 2223 petit.
2524 2184 2599 2193 —

1573 2227 1676 2283 Sed
1707 2235 1889 2280 Boreas
1922 2228 2146 2282 subinde
2178 2249 2279 2302 pro
2313 2230 2507 2302 spiritu
2544 2243 2599 2283 et

1574 2307 1700 2360 flatu
1720 2307 2135 2374 vehementiore,
2149 2309 2235 2362 vel
2251 2311 2363 2382 ejus
2380 2325 2595 2374 caussa,

1574 2387 1699 2458 poni
1722 2385 1866 2457 apud
1892 2398 2072 2458 poetas
2097 2387 2329 2450 videtur,
2348 2399 2407 2440 ut
2422 2387 2481 2440 in
2503 2389 2599 2441 illo

1573 2466 1809 2529 Manilii,
1831 2465 1907 2528 V,
1953 2467 2093 2534 3²9²
2134 2493 2161 2512 α
2196 2467 2333 2520 Hinc
2372 2468 2599 2520 veniunt

1573 2546 1717 2598 vocis
1762 2543 1909 2596 dotes
1936 2585 1951 2610 ,
1999 2545 2283 2616 Boreaque
2320 2547 2559 2599 sonantis
2578 2587 2595 2610 ,

1573 2625 1803 2678 Garrula
1826 2641 1947 2693 qum
1976 2624 2204 2678 modulis
2228 2623 2437 2680 diverse
2462 2626 2599 2679 tibia

1575 2705 1767 2758 format
1782 2741 1799 2766 ,
1816 2713 1913 2754 etc.
1934 2728 1961 2749 ι·
1986 2706 2159 2776 Atque
2187 2704 2291 2758 hoc
2319 2703 2464 2758 dicto
2500 2705 2595 2758 Li-

1575 2783 1732 2836 centii
1780 2779 2125 2836 continuatur
2188 2777 2346 2837 lectio
2394 2783 2596 2837 codicis

1572 2860 1967 2916 Gemblacensis
1998 2862 2051 2914 in
2084 2861 2305 2916 Manilio
2326 2871 2600 2931 Boreaque

1574 2945 1831 3001 sonantis,
1858 2957 1957 3011 pro
1992 2960 2099 3012 qua
2131 2943 2395 2996 Bentleins
2420 2943 2599 3014 posuit

1572 3027 1865 3092 citharaque
1876 3025 2098 3074 sonantis
2110 3043 2129 3073 .·
2140 3023 2601 3094 quamquamVos-

1574 3104 1681 3156 sius
1704 3103 1775 3158 ad
1796 3104 2063 3158 Catullum
2082 3139 2098 3165 ,
2127 3121 2183 3173 p.
2209 3120 2335 3172 ²²7³
2369 3121 2433 3154 ex
2458 3102 2599 3173 opti-

1570 3201 1661 3236 mo
1684 3183 1970 3258 exemplari
1998 3182 2169 3252 legere
2196 3181 2401 3233 mavult
2430 3201 2599 3232 aare·

1574 3281 1669 3330 que
1692 3268 1931 3316 sonantis.
1951 3261 2056 3315 En.
2074 3291 2145 3302 -·-
2158 3267 2363 3312 Ventum
2380 3270 2597 3336 quoqne

1572 3359 1669 3413 pro
1698 3361 1856 3409 sono,
1880 3341 1974 3414 qui
2015 3359 2077 3393 ex
2108 3336 2241 3392 flatu
2270 3350 2382 3406 est,
2416 3340 2599 3411 posuit

1570 3421 1836 3488 Asianus,
1854 3422 1961 3475 fab.
1986 3421 2053 3492 39
2070 3455 2086 3483 ‚
2116 3437 2171 3474 ν.
2201 3437 2287 3482 11,
2315 3420 2410 3472 ubi
2429 3420 2597 3472 lituus

1570 3499 1643 3552 ait
1662 3517 1676 3551 ε
1698 3523 1724 3546 ι
1746 3499 1848 3554 Sed
1864 3511 2071 3552 tamum
2090 3499 2259 3552 ventis
2282 3510 2335 3551 et
2348 3499 2597 3553 cantibus

1571 3596 1720 3633 arma
1740 3579 1891 3652 coegi
1913 3605 1954 3631 ιι.
1973 3579 2044 3631 Et
2058 3577 2405 3640 Claudianus,
2424 3579 2593 3650 Nupt.

1570 3656 1769 3711 Pallad.
1790 3669 1843 3711 et
1861 3657 2028 3711 Celer.
2046 3677 2098 3710 v·
2118 3657 2184 3710 38
2202 3675 2257 3710 :e
2269 3654 2595 3711 Dissimilem

1576 3737 1722 3789 tenui
1747 3738 1990 3791 variabat
2022 3734 2285 3789 arundine
2308 3747 2527 3788 ventum
2546 3763 2593 3789 ο.

1570 3815 1672 3870 Sed
1696 3829 1881 3871 auctor
1901 3831 2197 3888 anonymus
2219 3816 2274 3869 in
2292 3815 2597 3872 observate.

465 3899 518 3950 11
533 3935 549 3960 ,
573 3897 640 3962 43
663 3915 677 3949 :
718 3920 741 3943 ι
763 3897 908 3958 Non,
928 3893 1061 3947 mihi
1083 3894 1128 3947 si
1146 3895 1336 3966 linguas
1353 3913 1474 3948 cen-
1563 3895 1915 3949 Miscellaneis
1934 3897 2068 3947 Nov.
2086 3906 2121 3945 t.
2145 3894 2172 3945 1
2193 3930 2209 3955 ,
2228 3911 2351 3966 pag.
2376 3895 2495 3959 115,
2522 3895 2601 3948 le·

464 3991 577 4030 tum
609 3977 743 4039 sint,
771 3993 970 4047 oraque
1003 3985 1244 4040 centum,
1285 3974 1476 4028 Ferrea
1567 3975 1794 4027 ctionem
1820 3974 1879 4028 in
1906 3975 2024 4028 loco
2050 3971 2290 4036 Manilii,
2328 3979 2601 4041 Bon-eque

465 4075 563 4109 vox
587 4081 626 4106 ι.
653 4053 800 4108 Ovid-
818 4054 1084 4107 Met.vl11
1099 4095 1114 4118 ,
1142 4053 1240 4106 532
1261 4095 1276 4120 ,
1312 4079 1336 4099 ‹-
1355 4055 1476 4108 Non

464 4134 595 4186 mihi
619 4135 665 4186 si
700 4147 914 4186 centum
951 4134 1093 4187 Deus
1117 4143 1212 4188 ora'
1241 4135 1481 4189 sonantia

1568 4057 1791 4106 sonantis
1801 4093 1819 4116 ,
1838 4069 2162 4126 magnopere
2178 4052 2445 4125 improbat
2462 4093 2477 4118 ,
2494 4071 2597 4125 pro

1569 4153 1736 4208 eoque
1763 4134 1979 4220 rem-ribi
2000 4133 2115 4188 vult
2132 4136 2383 4200 eborisque
2402 4149 2595 4184 sonan·
