2975 4684
543 376 680 447 326

1316 344 1867 449 REPoslANI

633 497 1375 594 Carminedoctiloquo
1411 497 1702 570 Vulcani
1738 500 1955 571 vincla
1992 516 2247 595 parate,

636 612 807 701 Quae
841 614 1128 680 Martem
1166 623 1471 698 nectant,
1498 612 1781 680 Veneris
1815 636 1937 680 nec
1970 610 2243 679 brachia
2278 606 2557 691 laedant,

632 725 814 790 Inter
850 719 1114 788 divitias
1157 744 1347 791 roseo
1381 744 1591 814 prope
1634 719 1835 789 livida
1868 736 2062 791 serto.

633 831 938 923 Namque
985 828 1208 898 ferunt
1245 829 1547 923 Paphien
1581 830 1869 901 Vulcani
1908 846 1977 900 et
2003 832 2243 901 Martis
2276 853 2575 900 amorem

635 944 824 1010 Inter
857 939 1264 1009 adulterium
1295 939 1398 1008 vel
1429 942 1595 1035 justi
1632 940 1787 1035 jura
1826 943 2051 1011 mariti

638 1051 868 1121 Indice
905 1051 1028 1121 sub
1065 1050 1320 1120 Phoebo
1357 1066 1621 1145 captam
1660 1054 1934 1148 gessisse
1974 1067 2258 1122 catenae.
2630 1072 2678 1109 2⁵

641 1161 763 1231 Illa
801 1186 1040 1230 manus
1077 1160 1282 1230 duros
1321 1185 1532 1231 nexus
1565 1161 1749 1251 tulit,
1784 1161 1897 1234 illa
1932 1164 2152 1233 mariti

639 1274 878 1341 Ferrea
913 1269 1140 1341 vincia
1177 1272 1275 1339 sui
1309 1297 1325 1340 :
1358 1296 1507 1365 quae
1542 1274 1645 1342 vis
1677 1273 1807 1343 fuit
1844 1274 1969 1343 ista
2002 1266 2287 1341 doloris!

643 1387 747 1452 An
793 1382 1032 1451 fortem
1078 1380 1361 1451 faciebat
1393 1384 1648 1453 Amor?
1684 1382 1885 1479 quid,
1918 1406 2121 1469 saeve,
2156 1380 2463 1452 laboras?

1461 1608 1487 1626 κ
1506 1580 1573 1633 Et

549 1676 744 1729 cupere
791 1658 984 1729 optatis
1031 1658 1262 1711 animam
1307 1657 1575 1731 deponere

547 1736 712 1798 labris
737 1762 759 1784 ι
775 1779 791 1805 ,
813 1738 904 1791 ubi
925 1738 1091 1791 miror
1109 1756 1141 1791 a
1157 1738 1370 1792 nemine
1391 1738 1577 1795 docto·

549 1835 670 1870 rum
697 1816 1124 1871 animadversum
1143 1836 1256 1871 esse
1268 1856 1285 1881 ,
1303 1816 1393 1872 hio
1410 1820 1578 1874 mnlto

553 1578 796 1632 miscere.
825 1580 1061 1650 Propert.
1087 1580 1144 1643 1,
1184 1579 1278 1645 13,
1315 1598 1374 1650 17
1401 1599 1415 1632 :

553 1896 748 1951 rectius
800 1896 905 1969 legi
957 1899 1135 1965 aptota}
1156 1936 1171 1958 ‚
1231 1916 1328 1969 pro
1358 1904 1537 1968 optatis
1556 1922 1577 1963 ‚-

551 1976 948 2029 Brouckhusius
969 1987 1146 2030 tamen
1165 1978 1427 2042 observat,
1453 1980 1579 2033 Pro-

553 2057 782 2127 pertium
800 2056 858 2108 in
884 2057 1060 2109 auimo
1083 2056 1332 2111 habuisse
1356 2059 1579 2111 versicu-

557 2136 635 2189 los
651 2134 886 2188 Platonis
906 2172 921 2200 ,
947 2153 1082 2206 quos
1111 2148 1164 2189 et
1188 2135 1380 2190 Noster
1399 2154 1576 2208 respe-

559 2214 694 2269 xisse
735 2211 948 2267 videtur
963 2251 980 2278 ,
1017 2214 1159 2286 apud
1193 2214 1448 2277 Gellium,
1486 2216 1583 2269 lib.

559 2292 720 2359 XIX,
761 2310 881 2363 cap.
926 2311 994 2345 2:
1041 2318 1063 2341 ι
1095 2292 1225 2347 dum
1270 2295 1584 2348 semihiulco

559 2372 744 2426 suavio
795 2372 976 2425 Meum
1034 2374 1274 2444 puellum
1340 2376 1584 2440 suavior;

560 2450 886 2522 Dulcemque
915 2449 1098 2506 florem
1123 2454 1333 2524 spiritus
1352 2454 1503 2509 Duco
1522 2474 1584 2509 ex

565 2542 748 2602 aperto
773 2530 1032 2584 tramite
1041 2532 1190 2588 ‚Sed
1213 2544 1266 2586 et
1283 2532 1586 2601 Petroniu,

564 2627 681 2679 cap.
722 2627 828 2679 79.
876 2571 1180 2679 «haesimus
1216 2614 1478 2678 calentes,
1567 2628 1589 2668 t

565 2635 943 2741 transfudimus
977 2690 1104 2745 hinc
1139 2704 1193 2743 et
1226 2692 1351 2745 hinc
1384 2694 1591 2749 labellis

567 2768 818 2821 Errantes
837 2768 1074 2823 animas·
1083 2768 1268 2825 ‚Idem
1283 2789 1435 2844 ‚.aap
1455 2774 1589 2827 132:

565 2872 591 2893 α
615 2848 732 2900 Jam
759 2847 979 2920 alligata
1012 2861 1203 2903 mutuo
1241 2848 1446 2904 ambitu
1471 2872 1593 2907 cor-

568 2944 700 2999 pora
735 2926 1032 2982 animarum
1067 2948 1283 3002 quoque
1319 2931 1596 2987 mixturam

579 3006 873 3060 fecerant..

650 3104 734 3137 υ.
775 3091 913 3139 luter·
945 3089 1138 3139 divitias
1174 3108 1314 3141 roseo
1345 3110 1502 3159 prope
1541 3096 1603 3143 11·-

579 3166 690 3215 vida
717 3180 870 3225 serto,
907 3164 962 3217 h.
996 3184 1040 3219 e.
1068 3184 1185 3238 qun
1215 3167 1337 3222 iaedi
1365 3182 1416 3221 et
1440 3187 1608 3242 prope

574 3242 830 3297 livescere
855 3244 1027 3298 solent
1049 3286 1064 3312 ,
1092 3246 1308 3318 quando
1331 3250 1525 3305 mediis
1552 3252 1608 3303 in

583 3322 802 3375 lautitiis
845 3336 897 3377 et
937 3322 1140 3379 deliciis
1183 3340 1324 3381 serto
1355 3348 1509 3383 roseo
1551 3348 1611 3384 ea

581 3400 748 3453 vinxit
771 3420 784 3455 :
815 3414 922 3454 tam
942 3413 1126 3458 tenera
1142 3418 1196 3458 et
1217 3406 1442 3461 delicata
1467 3421 1612 3473 sunt,

580 3480 666 3534 Sic
695 3481 876 3533 Amori
913 3483 1070 3536 etiarn
1101 3498 1241 3539 serto
1275 3504 1428 3539 roseo
1459 3504 1493 3540 a
1511 3488 1617 3542 Ve-

587 3578 718 3613 nere
743 3560 958 3633 pulsato
990 3566 1206 3635 sanguis
1241 3584 1515 3638 expressus
1538 3567 1618 3620 di·

587 3640 727 3693 citur
753 3640 814 3693 in
837 3642 1065 3695 Ausonii
1095 3643 1291 3716 Cupid.
1328 3663 1476 3699 cruc.
1506 3644 1617 3701 ads.

588 3740 640 3774 v.
671 3722 756 3775 88.
785 3720 886 3773 Pro
913 3726 1105 3775 divitias
1140 3724 1473 3779 Burmannus
1496 3745 1621 3779 con-

586 3800 703 3874 jicit
727 3804 950 3863 delicias,
974 3822 1066 3874 per
1087 3822 1280 3875 easque
1303 3802 1514 3859 videtur
1527 3824 1615 3859 vo·

591 3881 820 3951 luptates
857 3892 910 3933 et
947 3882 1093 3935 lusus
1124 3882 1392 3937 venereos
1428 3885 1617 3939 intelli·

596 3976 722 4030 gere
739 3999 754 4025 ,
774 3959 1226 4030 quemadmodum
1263 3964 1396 4019 inira
1431 3966 1620 4019 Noster

597 4055 651 4089 v.
673 4045 767 4106 47:
796 4064 821 4083 α
839 4042 1192 4095 substramina
1209 4041 1390 4111 flores,
1403 4044 1621 4099 Deliciis

603 4114 827 4177 Veneris
852 4117 998 4201 dives
1021 4134 1210 4175 natura
1245 4122 1450 4179 laborat
1467 4150 1490 4176 ι
1506 4166 1523 4193 ,
1568 4137 1619 4183 et

1659 1581 2008 1637 Maximianus
2036 1592 2329 1653 utrumque
2340 1576 2517 1652 jungit
2534 1577 2690 1649 Eleg-

1660 1661 1737 1723 Ὺ,
1758 1664 1859 1715 88:
1904 1688 1928 1708 α
1952 1662 2203 1714 festorum
2239 1657 2433 1712 cultrix
2460 1675 2693 1730 operosa

1664 1738 1867 1795 dierum
1887 1779 1903 1805 ,
1934 1738 2219 1807 Quondam
2243 1737 2443 1792 divitie
2458 1735 2697 1791 delicia·

1665 1838 1770 1891 que
1808 1838 1938 1874 mese
1956 1846 2001 1873 n.
2034 1816 2140 1873 Sed
2165 1829 2343 1871 tamen
2364 1817 2699 1871 vocabulum

1666 1900 1857 1951 divicias
1884 1898 2010 1953 satis
2036 1899 2173 1951 bene
2196 1897 2287 1951 hic
2312 1894 2567 1968 quadrat,
2584 1914 2699 1967 quo

1666 1979 1837 2031 omnis
1870 1978 2104 2044 lautitia,
2144 1976 2384 2042 luxuria,
2412 1974 2699 2029 affluentia

1663 2076 1841 2112 rerum
1856 2055 2215 2131 jucundarum
2230 2055 2563 2126 intelligitur,
2582 2053 2705 2127 qni·

1665 2138 1764 2191 bus
1786 2150 1837 2191 et
1856 2138 2015 2191 alitur
2036 2154 2207 2200 amor,
2224 2147 2279 2189 et
2291 2176 2308 2202 ,
2334 2135 2429 2207 qui
2450 2145 2703 2199 utuntur,

1671 2217 1856 2270 molles
1881 2215 2198 2287 delicatique
2224 2213 2380 2267 flunt.
2404 2212 2567 2267 ovid.
2598 2214 2706 2265 Re-

1672 2294 1815 2351 med.
1837 2296 1973 2367 746:
2007 2323 2032 2343 .-
2047 2294 2253 2348 Divitiis
2272 2293 2436 2348 alitur
2457 2292 2703 2346 luxurio-

1672 2394 1761 2431 sus
1790 2394 1943 2429 amor
1968 2403 2009 2427 a.

1749 2454 1836 2509 23.
1876 2460 2105 2525 Namque
2120 2460 2301 2526 jerunt
2330 2456 2563 2523 Paphien.
2602 2458 2708 2504 Pa-

1668 2538 1802 2605 plaioe
1826 2552 2021 2589 nomen
2040 2554 2141 2608 pro
2164 2536 2405 2601 Venere,
2432 2530 2581 2605 quod
2594 2532 2712 2587 No-

1676 2626 1782 2668 ster
1818 2615 2008 2688 sapius
2044 2627 2300 2687 usurpat,
2326 2630 2589 2684 nusquam
2619 2629 2709 2663 ex·-

1680 2706 1817 2749 stare
1834 2694 2183 2766 inAntiqnis,
2210 2691 2434 2748 saltem
2416 2711 2473 2744 ιιι
2498 2708 2713 2744 morem

1680 2774 1963 2828 novissime
2028 2771 2305 2827 inductum
2374 2790 2487 2827 esse
2555 2782 2717 2842 putat

1684 2854 1876 2909 Franc.
1893 2854 2177 2918 vavassor,
2202 2850 2272 2907 de
2297 2851 2351 2905 vi
2374 2862 2427 2903 et
2448 2868 2551 2903 usu
2571 2868 2716 2921 qno-

1684 2932 1935 2987 rumdam
1972 2933 2297 2995 verborum,
2331 2950 2387 2984 v.
2425 2932 2617 2998 (ἂμ-ὑ.
2650 2930 2719 2981 At

1686 3012 1921 3067 occurrit
1960 3012 2021 3065 in
2064 3010 2349 3103 Epitaphio
2380 3008 2723 3073 Homom,

1692 3111 1745 3147 v.
1766 3095 1817 3160 5,
1840 3093 1991 3164 cujus
2012 3090 2297 3163 antiquitas
2312 3088 2496 3162 negari
2512 3090 2721 3161 nequit.

1696 3204 1768 3213 —
1796 3171 2041 3225 Occurrit
2063 3171 2219 3223 etiam
2242 3170 2295 3221 in
2323 3168 2517 3223 Lucilii
2534 3170 2727 3235 AEtna‚

1699 3270 1776 3306 vs.
1806 3254 1940 3319 589,
1967 3262 2125 3321 atque
2148 3248 2281 3302 illud
2302 3246 2537 3301 melioris
2562 3248 2725 3300 etiam

1703 3332 1796 3385 ovi
1816 3332 2097 3401 scriptores
2118 3329 2255 3383 tueri
2281 3326 2438 3381 docet
2461 3325 2725 3383 Schrade-

1701 3428 1823 3477 rus,
1850 3410 2070 3463 Observ.
2091 3408 2183 3461 lib.
2213 3408 2271 3475 1,
2291 3426 2411 3479 cap.
2448 3424 2509 3469 ι,
2540 3426 2597 3479 p.
2634 3408 2723 3461 13.

1702 3490 2097 3557 En.—0·pridis
2117 3486 2377 3541 vocabulo
2386 3526 2404 3553 ,
2414 3484 2565 3557 quod
2578 3482 2727 3539 idem

1708 3571 1897 3623 Noster
1925 3569 2085 3621 habet
2100 3586 2152 3620 v.
2176 3584 2247 3639 79
2260 3606 2277 3633 ,
2312 3567 2579 3639 sequium
2610 3578 2729 3621 tan-

1710 3660 1827 3702 tum
1844 3647 2020 3702 Latini
2037 3646 2286 3701 videntur
2304 3645 2419 3713 usi,
2446 3657 2506 3696 nt
2522 3644 2725 3717 Pei-vig,

1711 3730 1849 3783 Ven.
1874 3748 1929 3781 v.
1967 3730 2068 3791 23;
2105 3726 2402 3791 Ausonius,
2444 3724 2607 3797 epigr.
2642 3724 2730 3795 57,

1702 3823 1757 3863 et
1796 3808 2180 3873 Maximianus,
2228 3806 2375 3877 Eleg.
2401 3805 2463 3868 1,
2518 3822 2596 3856 vs.
2640 3822 2729 3869 9²·

1704 3920 1776 3929 —
1808 3890 2023 3939 Vulcani
2056 3902 2105 3939 et
2142 3890 2317 3939 Martis
2352 3902 2587 3937 amorem.
2634 3883 2730 3937 Li·

1706 3968 1892 4021 benter
1930 3964 2201 4035 adsentior
2232 3961 2589 4019 emendationi
2614 3962 2730 4015 Ou-

1706 4046 1985 4118 dendorpii
2002 4083 2019 4109 ,
2046 4064 2211 4117 quam
2242 4044 2445 4117 profert
2474 4042 2731 4095 Burman-

1706 4145 1841 4187 nus:
1877 4153 1903 4173 ι
1922 4126 2147 4181 Vulcani
2186 4136 2238 4177 et
2276 4122 2462 4177 Mania
2495 4138 2733 4177 amorem
