2975 4684
749 390 878 457 AD
933 390 1330 460 LUCILII
1388 390 1595 461 JUN.
1651 390 2045 460 AETNAM.
2331 414 2456 487 ¹97

328 512 733 595 obruerunt,
772 528 837 576 et
885 511 1174 577 Locridis
1222 513 1391 577 latus
1412 562 1429 596 ‚
1467 514 1536 576 in
1589 534 1724 600 quo
1766 513 2056 577 Atalante
2105 513 2422 602 oppidum
2445 563 2463 598 ‚

328 618 520 680 maris
551 616 802 704 impetu
834 615 1186 679 abscissum
1208 666 1224 693 ,
1254 614 1321 679 in
1353 615 1632 679 insulam
1665 614 1840 679 abiit.
1875 617 2018 679 Hoc
2047 632 2262 679 autem
2297 616 2466 679 acci-

328 716 427 781 dit
470 716 855 807 Olympiade
901 715 1020 798 88,
1061 738 1236 782 anno
1284 718 1518 805 quinto
1566 717 1718 782 belli
1767 716 2314 804 Peloponnesiaci.
2366 718 2465 781 De

329 818 563 883 eodem
625 818 945 907 profluvio
995 818 1161 907 ignis
1206 816 1445 882 AEtnaei
1493 819 1787 906 loquitur
1827 815 2238 906 Thucydides
2263 866 2280 899 ,
2338 816 2469 882 fine

326 922 476 986 libri
506 922 638 1002 111,
666 942 902 1008 nempe
929 920 1111 1007 quod
1142 920 1527 1009 Olympiade
1565 920 1650 986 88
1668 969 1685 1001 ,
1711 943 1886 983 anno
1915 918 2201 983 secundo
2222 919 2466 984 factum

328 1039 445 1104 est,
480 1044 657 1087 anno
687 1037 838 1086 ante
874 1039 1101 1103 natum
1122 1022 1361 1086 Christ.
1395 1026 1546 1111 427.
1575 1020 1904 1110 Additque
1919 1021 2048 1086 hoc
2073 1020 2466 1110 profluvium

328 1124 871 1213 quinquagesimo
904 1146 939 1187 a
982 1123 1317 1211 superiore
1346 1146 1523 1189 anno
1556 1146 1914 1207 emanasse3
1957 1124 2140 1189 omni
2191 1130 2465 1188 numero

324 1249 485 1290 vero
510 1243 609 1291 ter
633 1226 951 1308 evenisse,
991 1248 1071 1290 ex
1106 1249 1241 1315 quo
1266 1220 1548 1291 Siciliam
1571 1225 1776 1290 Graeci
1797 1225 2079 1290 incolere
2103 1225 2464 1311 coepissent.

330 1326 533 1410 Quod
561 1328 761 1416 igitur
784 1328 1146 1393 secundum
1172 1352 1209 1391 a
1236 1329 1449 1416 primo
1476 1327 1857 1391 incendium
1882 1327 2073 1408 dicit,
2107 1328 2346 1390 factum
2371 1340 2468 1389 est

330 1430 739 1519 Olympiadis
774 1430 857 1518 75
877 1478 894 1511 ,
933 1453 1108 1494 anno
1142 1434 1216 1510 4,
1250 1452 1387 1516 quo
1420 1444 1714 1517 tempore
1749 1432 1993 1493 Xerxes
2040 1429 2106 1491 in
2156 1426 2466 1491 Graeciam

330 1532 582 1594 transiit
601 1579 619 1612 ,
648 1546 841 1618 atque
872 1531 1035 1595 adeo
1068 1530 1399 1617 antiquius
1432 1546 1530 1594 est
1565 1552 1677 1614 en,
1710 1552 1844 1618 quo
1863 1529 2157 1595 AElianus
2191 1530 2470 1616 Amphi-

326 1631 510 1695 nomi
530 1647 595 1695 et
612 1632 877 1717 Anapiae
893 1631 1137 1694 factum
1158 1629 1467 1695 enituisse
1489 1630 1646 1695 dicit
1662 1678 1680 1711 ,
1700 1631 2084 1719 Olympiade
2106 1630 2182 1695 81
2197 1680 2210 1694 .
2241 1632 2466 1713 Quum

324 1748 547 1796 autem
574 1732 845 1797 minime
867 1731 1173 1797 credibile
1196 1731 1312 1813 sit,
1336 1732 1622 1821 ignorari
1647 1733 1776 1795 hoc
1797 1748 1927 1797 tam
1956 1733 2206 1796 celebre
2234 1755 2270 1795 a
2293 1732 2474 1795 Thu-

326 1836 558 1925 cydide
584 1840 895 1927 potuisse,
922 1839 1058 1903 fere
1086 1860 1165 1903 eo
1191 1837 1556 1926 propendet
1582 1838 1857 1919 animuS,
1882 1855 1958 1902 ut
1982 1854 2288 1926 putemus
2303 1888 2321 1921 ‚
2345 1838 2474 1903 hoc

326 1940 541 2026 ipsum
564 1940 727 2005 illud
751 1942 944 2006 fuisse
962 1989 981 2023 ,
1007 1940 1188 2030 quod
1208 1938 1626 2027 Thucydides
1651 1938 2012 2003 secundum
2036 1962 2072 2003 a
2097 1938 2471 2004 Graecorum

326 2042 395 2105 in
450 2036 731 2107 Siciliam
788 2042 1071 2108 adventu
1120 2040 1307 2120 dicit,
1346 2056 1415 2104 et
1464 2040 1793 2105 AElianum
1849 2062 2198 2103 numerum
2259 2040 2476 2128 Olym-

326 2146 533 2235 piadis
567 2171 701 2213 non
739 2165 1031 2213 accurate
1051 2147 1435 2235 designasse.
1458 2146 1713 2210 Cluver.
1745 2145 1812 2208 in
1846 2145 1970 2209 Sic.
1987 2150 2141 2210 Ant.
2178 2144 2259 2208 de
2293 2146 2474 2209 Cam-

326 2270 415 2336 po
443 2249 714 2313 Piorum
749 2249 925 2338 apud
953 2250 1247 2313 Catinam
1280 2269 1498 2337 agens,
1535 2270 1601 2335 p.
1643 2268 1763 2310 122
1782 2294 1801 2329 ‚
1820 2248 2014 2310 etiam
2049 2246 2472 2335 quaestionem

328 2349 411 2414 de
458 2366 754 2439 tempore
800 2351 955 2414 facti
1002 2350 1296 2440 attingit,
1336 2348 1538 2438 idque
1581 2350 1771 2436 plane
1811 2348 2131 2413 incertum
2175 2345 2314 2413 esse
2353 2348 2472 2430 ait,

330 2452 453 2517 nisi
499 2451 683 2541 quod
734 2467 882 2516 ante
919 2451 1259 2517 Alexandri
1303 2450 1393 2516 M.
1437 2466 1688 2515 aetatem
1742 2452 1981 2515 factum
2003 2500 2020 2531 ,
2053 2474 2132 2515 ex
2180 2452 2473 2516 oratione

326 2555 611 2644 Lycurgi
658 2554 1099 2643 perspiciatur,
1147 2576 1343 2642 quam
1404 2553 1513 2617 hic
1571 2552 1737 2616 circa
1792 2552 1947 2616 dicti
1999 2554 2166 2641 regis
2221 2568 2473 2617 aetatem

330 2655 608 2721 Athenis
640 2671 865 2720 contra
898 2654 1560 2741 Leocratemhabuit.
1598 2654 1938 2718 Cluverius
1966 2654 2206 2719 AEliani
2239 2672 2307 2719 et
2343 2656 2477 2744 Hy-

331 2757 466 2845 gini
498 2756 898 2838 testimonia,
924 2780 961 2819 a
989 2754 1177 2819 nobis
1204 2753 1558 2843 producta,
1587 2754 1940 2842 ignoravit,
1966 2754 2204 2841 quibus
2234 2756 2289 2818 si
2317 2778 2474 2819 usus

332 2873 532 2938 esset,
560 2858 879 2945 potuisset
910 2878 1065 2921 sane
1096 2857 1165 2918 in
1204 2871 1454 2920 aetatem
1486 2854 1657 2920 illius
1686 2854 1836 2919 facti
1867 2856 2087 2944 paullo
2116 2857 2472 2921 accuratius

335 2959 666 3047 inquirere
696 2958 812 3047 (1).

420 3060 561 3123 Etsi
593 3048 750 3122 vei-o
796 3058 877 3123 de
926 3081 1099 3123 anno
1152 3075 1216 3123 et
1264 3074 1590 3146 tempore,
1627 3082 1761 3146 quo
1808 3056 2186 3121 incendium
2225 3056 2472 3140 AEtnae,

339 3158 573 3250 insigni
609 3160 861 3248 pietatis
898 3158 1295 3225 documento
1326 3160 1719 3225 illustratum
1738 3210 1756 3237 ,
1786 3159 2059 3248 contigit
2077 3208 2096 3241 ,
2125 3159 2290 3223 nihil
2317 3162 2476 3225 certi

338 3276 627 3341 constat,
658 3260 793 3349 ipsa
835 3276 1051 3325 tamen
1096 3261 1299 3348 pietas
1337 3260 1652 3339 juvenum
1701 3261 2142 3326 monumentis
2199 3260 2478 3349 publicis

336 3364 704 3428 Siculorum
729 3362 812 3426 ad
836 3364 1213 3427 memoriam
1242 3364 1698 3452 sempiternam
1721 3378 2093 3427 consecrata
2121 3378 2236 3428 est.
2261 3363 2479 3428 Testa-

340 3482 449 3528 tur
479 3466 717 3530 Conon
741 3488 755 3528 τ
786 3473 875 3526 Διὰ
906 3478 1069 3527 ταῦτα,
1103 3476 1145 3527 οἱ
1174 3480 1461 3528 Σικελιῶται
1485 3475 1665 3535 λιθίνας
1703 3475 1890 3535 εἰκόνας
1924 3477 1970 3529 ἐν
2008 3476 2143 3543 αὐτῷ
2166 3482 2264 3527 τῶν
2291 3470 2478 3546 ἀνδρῶν

343 3582 409 3646 τῷ
437 3577 659 3648 μνημείῳ
682 3580 931 3632 ἀνέθισαν.
967 3566 1095 3629 Has
1126 3581 1367 3630 statuas
1400 3588 1437 3630 a
1470 3566 1940 3631 catanensibus
1973 3566 2249 3654 positas,
2283 3583 2350 3631 et
2395 3566 2478 3629 ad

410 3752 491 3821 (1)
526 3751 713 3805 Paullo
739 3751 1031 3811 distinctius
1058 3776 1226 3810 annos
1246 3756 1610 3811 incendiorum
1645 3760 1814 3811 AEtntc
1849 3768 1996 3811 notat
2019 3756 2256 3809 Thomas
2287 3754 2481 3829 Lydia-

341 3848 423 3888 ωε
443 3875 459 3900 ,
494 3834 550 3887 in
586 3836 1008 3893 adnotationibus
1048 3840 1116 3893 ad
1153 3841 1477 3893 chronicum
1504 3860 1862 3895 marmoreum
1879 3880 1894 3905 ,
1929 3839 2138 3912 Epoch.
2164 3840 2230 3893 53
2246 3880 2262 3905 ,
2305 3850 2357 3892 et
2379 3850 2480 3892 ter-

343 3920 477 3971 tium
526 3918 799 3975 effluvium
835 3926 1003 3977 AEtnae
1026 3962 1041 3989 ,
1079 3924 1225 3996 quod
1258 3923 1601 3997 Thucydides
1643 3926 1936 3996 significat,
1977 3921 2229 3977 accidisse
2261 3920 2482 3995 conjicit

344 4000 663 4075 Olympiade
685 4008 777 4073 96,
798 4006 1013 4060 ineunte
1040 4008 1291 4060 archonte
1310 4008 1526 4061 Athenis
1544 4008 1878 4073 Phormione,
1901 4026 2040 4061 anno
2067 4018 2190 4061 ante
2209 4006 2479 4060 Christum

350 4091 449 4150 424
472 4128 487 4153 ,
510 4086 673 4159 idque
692 4091 975 4144 memorari
999 4110 1026 4143 a
1054 4090 1285 4144 Diodoro
1304 4092 1485 4145 Siculo
1504 4132 1519 4158 ‚
1547 4092 1640 4145 lib.
1657 4092 1777 4145 XV.
1807 4092 1908 4143 En.
