2975 4684
459 367 602 453 464
1181 368 1313 436 DE
1371 367 1849 437 AUCTORE

459 519 604 586 quae
633 519 668 559 e
700 493 1180 584 comparatione
1207 497 1355 584 styli
1376 545 1394 578 ,
1427 498 1493 559 in
1523 497 1697 580 Arati
1726 495 2155 584 Dionysiique
2182 497 2595 586 metaphrasi-

461 605 616 684 bus,
642 601 802 692 etin
827 601 1051 665 Latina
1071 602 1338 664 Homeri
1361 600 1559 666 Iliade
1586 601 1972 666 observandi
1988 615 2263 691 petatur.
2292 602 2419 667 Sed
2446 625 2589 667 eam

457 707 1002 796 comparationem
1030 707 1098 770 in
1124 707 1332 772 tribus
1363 707 1541 772 hisce
1561 708 1973 797 poematibus
2002 707 2379 774 difficillime
2404 709 2593 774 insti-

457 816 592 896 tui,
621 815 822 878 immo
838 813 945 876 vix
963 813 1182 878 locum
1206 813 1446 877 habere
1468 835 1679 903 posse,
1707 835 1904 878 nemo
1924 814 2216 878 miretur.
2238 815 2318 878 In
2347 815 2593 879 Arateis

455 942 638 1008 aeque
663 935 738 984 ac
767 919 836 982 in
871 918 1320 1007 Descriptione
1352 918 1531 982 orbis
1560 936 1747 982 terrae
1774 919 2097 1008 singulare
2132 935 2591 1008 argumentum

457 1042 523 1090 et
544 1025 867 1113 peculiare
892 1023 1194 1088 narrandi
1221 1046 1450 1113 genus,
1473 1045 1627 1088 cum
1652 1025 1834 1088 nullo
1854 1023 1981 1088 alio
1999 1041 2191 1113 poeta
2218 1045 2592 1107 commune,

457 1145 702 1220 regnat.
730 1131 896 1196 Nam
933 1128 1062 1193 illic
1097 1131 1390 1194 recensio
1421 1146 1743 1194 astrorum
1760 1179 1779 1212 ,
1815 1131 2039 1216 paucis
2074 1130 2463 1194 intermixtis
2494 1131 2591 1194 fa-

458 1238 651 1314 bulis,
683 1236 790 1300 hic
812 1256 988 1299 mera
1014 1234 1335 1298 enarratio
1367 1250 1685 1298 terrarum
1711 1250 1777 1298 et
1800 1235 2091 1324 gentium
2118 1250 2333 1300 totum
2359 1249 2591 1324 ’poema

462 1345 705 1432 implet.
737 1343 979 1408 Contra
1005 1341 1072 1404 in
1097 1340 1327 1421 Iliade,
1354 1341 1468 1405 ubi
1501 1341 1655 1404 belli
1678 1341 1945 1406 historia
1972 1340 2394 1406 describenda
2418 1361 2591 1424 crab,

460 1450 778 1538 vulgatior
821 1463 1161 1537 poetarum
1207 1447 1472 1511 materia
1506 1463 1605 1512 est
1620 1495 1639 1528 ,
1668 1463 1734 1511 et
1777 1449 2119 1512 continens
2148 1465 2594 1537 perpetuaque

457 1556 666 1620 oratio
687 1601 706 1636 ‚
739 1554 822 1633 ab
859 1555 984 1617 isto
1017 1551 1475 1617 Astronomico
1510 1568 1576 1616 et
1606 1553 2053 1642 Geographico
2081 1572 2414 1643 poemate,
2444 1577 2593 1644 quae

458 1662 859 1750 singularum
903 1659 1184 1750 partium
1216 1659 1593 1724 recensione
1625 1676 1956 1741 constant,
1986 1660 2229 1725 mirum
2270 1677 2591 1750 quantum

459 1768 729 1833 diversa.
763 1769 838 1831 In
862 1766 1000 1831 istis
1025 1765 1354 1830 modicum
1386 1787 1643 1830 carmen
1674 1766 2062 1831 vertendum
2094 1783 2159 1831 et
2190 1766 2591 1834 dilatandum

461 1891 635 1955 erat3
676 1874 745 1937 in
777 1872 976 1938 Iliade
1009 1889 1262 1937 vastum
1298 1894 1463 1961 opus
1508 1873 1575 1934 in
1620 1872 1881 1937 brevius
1917 1872 2458 1939 contrahendum.
2509 1876 2588 1939 In

459 1981 596 2046 istis
633 1979 990 2046 scribendis
1029 1979 1163 2044 fere
1193 1979 1436 2043 nullius
1468 1995 1674 2068 poetae
1706 1980 1980 2044 imitatio
2019 1980 2234 2045 locum
2270 1980 2548 2046 habebat
2572 2032 2590 2062 ,

460 2090 526 2151 in
554 2087 682 2152 hoc
711 2087 930 2176 plures
949 2086 1468 2175 sibiproponere
1503 2085 1850 2151 imitandos
1873 2134 1891 2168 ,
1914 2087 2003 2150 ob
2031 2109 2381 2152 commune
2412 2111 2595 2178 argu-

461 2209 756 2258 mentum
772 2239 791 2272 ,
817 2207 1089 2281 poterat.
1122 2190 1303 2256 Nihil
1337 2191 1556 2279 itaque
1587 2191 1825 2256 mirum
1842 2241 1861 2274 ‚
1893 2192 1949 2256 si
1980 2213 2197 2281 neque
2232 2193 2592 2258 similitudo

459 2321 688 2388 magna
715 2298 863 2385 styli
885 2297 1143 2361 interea
1161 2313 1458 2385 poemata
1485 2297 1667 2360 facile
1698 2296 2091 2385 reperiunda
2115 2309 2245 2380 est,
2276 2321 2493 2387 neque
2514 2323 2593 2363 ex

459 2402 940 2492 comparatione
971 2401 1106 2482 ejus
1139 2417 1365 2466 auctor
1395 2402 1583 2467 facile
1614 2402 2033 2492 colligendus.
2088 2403 2153 2469 Si
2193 2404 2338 2493 quis
2370 2421 2589 2470 tamen

459 2511 635 2573 locos
661 2505 977 2595 quosdam
1008 2508 1078 2570 in
1107 2507 1372 2596 singulis
1400 2529 1517 2572 sua
1542 2523 1771 2572 natura
1804 2509 2265 2597 comparabiles
2288 2509 2593 2598 indagare

460 2629 525 2677 et
564 2613 925 2678 accuratius
968 2611 1376 2677 considerare
1403 2613 1557 2677 velit
1575 2661 1593 2695 ,
1655 2616 1923 2678 fortasse
1954 2637 2088 2680 non
2122 2616 2327 2682 levem
2358 2615 2594 2680 dictio-

461 2741 620 2784 num
645 2735 712 2782 et
738 2718 1204 2783 sententiarum
1237 2719 1727 2784 similitudinem
1764 2721 2060 2809 reperiet.
2082 2723 2275 2786 Certe
2298 2723 2592 2811 epilogus

459 2827 521 2889 in
555 2823 686 2890 fine
717 2822 1126 2913 Periegeseos
1153 2840 1220 2889 et
1252 2823 1486 2890 Iliados
1519 2826 1775 2915 legitur,
1812 2828 1997 2909 cujus
2028 2829 2358 2918 utrimque
2384 2829 2592 2917 persi-

457 2930 624 2994 milis
659 2946 762 3000 est
791 2929 1124 2994 sententia.
1163 2932 1406 2994 Auctor
1438 2929 1655 2996 Iliadis
1688 2931 1779 2995 sic
1810 2929 1951 2996 finit
1978 2925 2007 2996 ἐ’

735 3087 840 3142 Sed
860 3089 974 3161 jam
1001 3090 1121 3143 siste
1147 3087 1370 3160 gradum
1390 3129 1405 3154 ,
1433 3089 1703 3160 finemque
1726 3089 1943 3161 impone
1962 3089 2164 3154 labori,

731 3175 968 3248 Calliope
980 3212 2121 3231 .................................

745 3301 1503 3318 ......................
1514 3263 1639 3319 ades
1664 3264 1865 3339 inclyta
1891 3265 2095 3330 Pallas,

729 3353 920 3424 Tuque
949 3354 1070 3407 fave
1093 3373 1254 3408 cursu
1283 3354 1411 3408 vatis
1431 3355 1544 3428 jam
1558 3396 1572 3421 ‚
1589 3353 1785 3408 Phoebe
1804 3396 1820 3421 ‚
1843 3367 2071 3428 peracto.

456 3508 538 3571 Et
568 3506 865 3593 Dionysii
903 3506 1218 3596 interpres
1249 3508 1375 3572 sic:

734 3664 802 3715 At
824 3674 882 3716 tu
902 3699 917 3726 ,
945 3663 1140 3716 Phoebe
1164 3675 1336 3734 pater,
1357 3683 1454 3742 yos
1477 3663 1609 3718 clari
1629 3666 1783 3718 turba
1798 3705 1814 3732 ,
1835 3665 2076 3722 Camenae
2094 3705 2109 3729 ,

529 3813 566 3848 ae
733 3751 978 3804 Nominis
1010 3749 1180 3804 Aonio
1207 3752 1400 3806 famam
1431 3753 1678 3824 inspirate
1703 3753 1891 3806 labori.

540 3894 854 3958 Latinitas·
880 3894 947 3956 in
985 3909 1312 3958 contracta
1343 3894 1542 3960 Iliade
1575 3895 1715 3959 talis
1750 3912 1879 3976 est,
1923 3912 1998 3959 ut
2026 3897 2277 3961 auctori
2307 3898 2444 3977 ejus
2478 3899 2583 3961 vix

454 4001 570 4062 alia
591 4016 762 4082 aetaS‚
792 4021 986 4086 quam
1008 3999 1258 4080 Avieni,
1279 4001 1484 4087 possit
1506 3999 1849 4090 adsignari.
1870 3999 2049 4066 AEtas
2070 4001 2334 4089 quidem
2351 4003 2581 4067 Avieni

455 4102 613 4182 ejus,
647 4103 758 4188 qui
788 4102 972 4190 plura
1005 4103 1286 4167 carmina
1317 4104 1605 4191 scripsit,
1636 4127 1771 4169 non
1806 4106 1993 4194 plane
2020 4123 2191 4170 certa
2222 4125 2350 4191 est,
2374 4109 2580 4196 siqui-
