2975 4684
1141 375 1277 442 AD
1340 377 1743 445 AENEAM.

2379 372 2507 445 361

489 495 750 566 Fraude
783 497 986 590 perit,
1020 521 1160 565 non
1195 511 1406 585 sorte,
1442 496 1635 583 fides3
1670 495 1791 566 sed
1828 520 2033 590 regna
2070 497 2343 592 petebas

489 607 769 694 Debita,
797 631 924 676 nec
957 631 1180 677 rerum
1218 621 1486 703 poteras
1517 609 1913 677 convincere
1948 621 2211 676 sortem.

493 719 564 787 si
597 716 796 785 datur
829 718 962 803 ire,
988 715 1242 812 placet:
1283 741 1439 786 nam
1472 743 1609 812 quo
1646 717 1867 812 fugis?
1897 718 2077 786 unde
2110 719 2450 788 recursus?

493 829 672 896 Vota
707 827 1014 921 nocentis
1048 827 1293 916 habes3
1330 827 1497 897 nihil
1541 844 1674 913 est,
1712 829 1895 924 quod
1932 829 2098 899 dura
2134 827 2419 923 querelis

495 938 720 1008 Verba
756 936 1090 1032 fidemque
1115 963 1322 1027 voco;
1349 939 1652 1035 quisquis
1688 964 1838 1010 mea
1866 938 2141 1010 vulnera
2178 939 2409 1026 deflet,
2479 961 2531 999 ³⁵

495 1045 826 1116 Invidiam
861 1046 1091 1118 fecisse
1127 1065 1324 1145 negat
1341 1103 1360 1138 ‚
1397 1049 1606 1119 trahit
1640 1051 1866 1119 omnia
1900 1075 2108 1121 casus.

387 1273 517 1341 satis
541 1275 661 1324 meis
684 1272 838 1345 jungi
865 1287 1111 1344 possunt:
1133 1291 1308 1346 neque
1328 1275 1421 1328 Di-

403 1351 475 1405 do
495 1351 629 1406 scire
644 1364 774 1406 tunc
797 1366 1004 1424 poterat
1021 1394 1038 1422 ,
1064 1355 1288 1408 Romula
1314 1355 1424 1410 sive

403 1431 534 1485 Itala
580 1449 746 1504 regua
792 1451 904 1486 esse
922 1473 939 1499 ,
982 1451 1101 1506 quse
1149 1434 1271 1488 satis
1315 1453 1425 1488 non

405 1523 592 1582 sponte
613 1510 826 1582 petebat
851 1512 1060 1566 AEneas.
1101 1513 1273 1567 Bm.
1294 1519 1423 1565 Ten-

404 1595 522 1643 dere
543 1609 704 1658 regna
721 1588 1152 1664 Oudendorpius,
1169 1593 1430 1646 referente

403 1671 714 1722 But-manno
737 1707 755 1734 ,
792 1671 1024 1742 positum
1046 1709 1065 1737 ,
1117 1673 1322 1728 notavit
1371 1683 1432 1725 ut

404 1754 606 1802 tendere
619 1752 811 1802 diversa
830 1749 1058 1823 Apuleio
1072 1793 1088 1818 ,
1109 1753 1205 1806 lib.
1229 1753 1286 1807 11
1304 1752 1430 1805 Met.

404 1848 462 1900 p.
485 1833 584 1897 66,
619 1841 673 1881 et
687 1829 799 1892 vl,
823 1848 879 1902 p.
904 1849 1026 1885 ποι.
1047 1831 1152 1885 Sed
1177 1831 1337 1904 hujus
1354 1830 1431 1885 lo·

405 1906 630 1962 cutionis
644 1907 853 1962 diversa
867 1911 1019 1963 ratio.
1036 1909 1434 1964 conferendum

407 1987 584 2060 potius
614 2007 738 2040 cum
767 1987 866 2041 ista
905 2001 1022 2042 erat
1057 1990 1161 2042 hoc
1183 1989 1394 2060 Virgilii
1412 2026 1429 2052 ,

409 2071 532 2122 ΑΕΒ.
551 2068 630 2119 vl
645 2105 662 2132 ,
682 2071 788 2135 696
805 2105 822 2132 ,
840 2095 867 2116 κ
881 2067 998 2122 hoc
1015 2068 1232 2124 tendere
1251 2068 1430 2122 limina

411 2145 589 2218 adegit
605 2173 647 2200 ιο.
682 2147 892 2202 Scilicet
918 2161 1086 2221 poeta
1124 2148 1297 2201 verbis
1325 2151 1426 2210 ire,

413 2230 614 2288 venire,
636 2231 833 2280 tendere
853 2229 1072 2282 nomina
1090 2229 1330 2281 locorum
1352 2225 1438 2280 nd-

411 2307 638 2378 jungere
656 2305 830 2360 solent
853 2308 970 2361 sine
990 2307 1364 2381 praepositione
1383 2310 1436 2358 in

413 2385 494 2437 vel
515 2389 600 2438 ad.
619 2386 773 2458 Virg.
795 2385 910 2440 Ecl.
934 2386 963 2439 Ι
983 2427 1000 2452 ,
1032 2388 1126 2440 65:
1161 2412 1186 2431 κ
1208 2387 1440 2440 sitientes

415 2464 610 2518 ibimus
626 2466 784 2518 Afros
801 2493 846 2520 n.
874 2497 946 2507 —
963 2466 1052 2519 Sic
1070 2465 1264 2521 Statius
1279 2503 1296 2531 ,
1312 2465 1437 2519 Silv.

417 2544 444 2595 1
459 2581 476 2608 ,
508 2562 529 2595 1
541 2580 558 2608 ,
580 2544 677 2597 83:
697 2557 995 2600 «tentasses
1011 2565 1098 2600 me
1116 2565 1224 2599 non
1240 2545 1440 2598 auden-

415 2634 470 2676 te
505 2623 798 2693 profundos
827 2627 930 2678 Ire·
949 2625 1096 2680 lacus
1120 2651 1166 2679 ι.
1191 2625 1444 2680 Similiter

418 2702 609 2755 Cicero
627 2740 643 2766 ,
680 2702 750 2757 de
773 2703 896 2758 Fiu.
921 2705 980 2758 11
1001 2744 1017 2770 ,
1061 2707 1130 2772 34
1155 2721 1172 2758 2
1205 2732 1232 2752 a
1259 2705 1444 2770 Quum

421 2783 620 2834 Xerxes
633 2821 650 2848 ,
669 2782 1014 2856 Hellesponto
1028 2785 1216 2859 juncto
1235 2824 1251 2848 ,
1282 2782 1446 2836 Atho-

421 2879 527 2932 que
547 2863 788 2933 perfosso
805 2902 821 2926 ,
849 2865 1014 2917 maria
1045 2863 1447 2928 ambulavisset,

423 2951 617 2994 terram
637 2942 929 3014 navigasset
954 2968 997 2995 a».
1019 2949 1082 2998 Et
1110 2944 1265 3014 plura
1287 2941 1446 3014 hujus

424 3019 632 3091 generis
653 3021 890 3092 exempla
909 3021 1254 3095 produximus
1275 3021 1332 3072 in
1350 3021 1450 3072 Ex·

425 3116 588 3152 cursu
604 3097 672 3152 ad
691 3099 858 3154 Gratii
875 3120 1009 3154 vers.
1027 3105 1118 3166 62,
1141 3101 1256 3173 huj.
1277 3101 1451 3172 operis

428 3188 468 3230 t.
493 3177 522 3229 Ι
538 3216 554 3241 ,
589 3197 642 3250 p.
666 3195 766 3250 79,
801 3195 855 3232 et
879 3181 985 3234 hoc
1024 3193 1171 3234 tomo
1197 3197 1356 3251 supra
1379 3177 1451 3232 ad

429 3257 677 3313 Albinov.
701 3259 891 3332 fragm.
909 3279 991 3314 vs.
1013 3265 1068 3323 4.
1089 3261 1196 3313 En.
1226 3289 1295 3301 —
1315 3259 1456 3310 Nihil

430 3351 528 3399 ese,
552 3341 688 3405 quod
697 3377 713 3398 ,
729 3342 933 3411 perfide,
945 3342 1126 3409 jactes.
1145 3339 1252 3392 Pro
1263 3339 1452 3411 perfide

431 3416 485 3469 in
502 3416 950 3490 Divion.profide.
973 3419 1111 3472 Hinc
1127 3418 1358 3472 ‘fortasse
1385 3417 1452 3469 le-

430 3494 664 3567 gendum
684 3507 764 3550 est
772 3501 999 3566 provide,
1029 3509 1091 3551 ut
1111 3497 1258 3552 dicat
1274 3497 1416 3554 Dido
1433 3513 1450 3548 t

431 3575 580 3630 Nihil
599 3587 678 3629 est
695 3615 712 3642 ‚
730 3576 878 3648 quod
897 3577 1285 3650 providentiam
1309 3589 1456 3630 tuam

433 3653 569 3708 adeo
590 3657 758 3728 jactes
775 3693 792 3720 ,
829 3675 936 3729 qua
964 3657 1062 3709 tibi
1093 3675 1308 3728 operam
1333 3653 1459 3708 dau·

436 3735 562 3788 dam
583 3746 738 3808 putas
751 3774 768 3800 ,
785 3753 857 3788 ne
877 3735 1060 3808 spretis
1079 3735 1307 3790 sortibus
1327 3735 1462 3786 iram

437 3815 670 3867 Deorum
688 3815 784 3867 tihi
805 3815 1056 3870 attrahas.

511 3895 594 3948 31.
615 3899 809 3948 Fraude
831 3898 982 3963 perit,
1013 3915 1110 3946 non
1132 3908 1282 3954 sorte,
1295 3897 1432 3964 fides
1444 3916 1464 3954 ,-

439 3973 495 4025 h.
519 3993 564 4025 e.
583 3985 676 4027 tua
695 3975 860 4046 ipsius
882 3976 1026 4028 fraus
1045 3986 1144 4036 est,
1166 3992 1283 4044 quae
1299 3973 1466 4025 fidem

443 4052 758 4120 labefactat,
775 4073 882 4107 non
901 4067 1066 4108 sortes
1087 4054 1340 4104 Deorum.
1355 4053 1464 4104 Ta·

1508 1275 1582 1329 lia
1605 1273 1746 1331 Dido
1768 1272 1913 1345 apud
1929 1271 2117 1345 Virgil.
2140 1274 2261 1326 AEn.
2283 1272 2386 1334 IV,
2406 1269 2533 1340 377,

1514 1379 1536 1401 ι
1564 1355 1720 1408 Nunc
1740 1353 1917 1427 Lycio
1949 1365 2115 1406 sortes
2130 1393 2143 1404 .
2161 1391 2175 1404 .
2191 1389 2204 1403 .
2223 1390 2240 1405 .
2262 1351 2469 1407 Scilicet
2492 1349 2536 1402 is

1512 1433 1729 1506 Superis
1747 1434 1899 1486 labor
1920 1443 1999 1486 est
2016 1471 2032 1497 ,
2052 1445 2156 1488 etc.
2178 1456 2205 1478 υ

1588 1513 1675 1568 32.
1700 1516 1993 1565 convincere
2008 1527 2185 1565 sortem
2197 1532 2217 1562 .·
2238 1508 2297 1563 id
2314 1509 2541 1562 insolen-

1516 1604 1595 1646 ter
1615 1592 1831 1646 videtur
1848 1610 1949 1663 pro
1966 1591 2194 1662 simplici
2216 1593 2420 1642 vincere
2442 1606 2542 1660 po·

1519 1674 1680 1728 situm
1692 1711 1708 1736 ‚
1725 1683 1786 1723 nt
1804 1689 1962 1742 supra
1985 1673 2145 1722 incole
2161 1687 2260 1740 pm
2278 1671 2401 1719 eoIe.

1596 1753 1685 1806 33.
1722 1755 1857 1804 Nam
1896 1769 1993 1818 quo
2018 1751 2197 1818 fiagis:
2230 1747 2306 1800 sic
2331 1747 2540 1800 Divion.

1520 1835 1656 1900 qnod
1667 1829 1831 1886 Salm.
1852 1841 1905 1882 et
1926 1827 2076 1882 Leid.
2098 1826 2219 1881 cod.
2238 1827 2419 1880 Bmut.

1596 1911 1680 1974 34.
1723 1916 1849 1961 Vota
1873 1911 2097 1960 nocentis
2116 1910 2289 1967 habes,
2312 1905 2547 1976 proposi·

1522 2003 1637 2042 tum
1662 1986 1927 2042 nocendi:
1960 1987 2163 2058 cogitas
2192 2003 2281 2038 me
2308 1983 2545 2055 perdere.

1518 2069 1607 2121 Sic
1638 2067 1814 2133 infra,
1850 2087 1905 2120 v.
1928 2075 2030 2135 94:
2075 2091 2098 2114 ι
2122 2065 2257 2130 Quis
2297 2063 2450 2117 vellet
2489 2062 2546 2116 in

1519 2147 1728 2220 hospite
1750 2161 1961 2201 tantum
1994 2145 2110 2199 Hoc
2135 2145 2333 2198 audere
2356 2143 2549 2198 nefas?

1526 2228 1647 2301 quis
1668 2239 1791 2281 vota
1813 2227 2053 2280 nocentis
2074 2223 2305 2278 habere?
2323 2250 2345 2271 ι

1599 2310 1683 2362 35.
1709 2309 2130 2380 Verba-fidemque
2144 2325 2275 2358 voco
2292 2325 2313 2356 .-
2342 2303 2400 2357 id
2422 2319 2549 2374 prae-

1529 2386 1629 2440 tuli
1657 2405 1719 2438 ex
1742 2386 1899 2442 Salm.
1927 2397 1982 2439 et
2011 2383 2158 2439 Leid.
2186 2382 2309 2437 cod.
2347 2389 2475 2433 Vota
2498 2381 2550 2433 in

1530 2467 1741 2522 Divion.
1762 2465 1856 2521 sed
1873 2465 2137 2539 proecessit
2152 2461 2342 2517 modo:
2368 2487 2389 2510 ι
2412 2462 2556 2514 Vota

1528 2545 1765 2602 nocentis
1790 2545 1955 2599 habes
1971 2571 1993 2592 ι
2008 2585 2021 2598 .
2054 2545 2244 2597 Buun.
2286 2544 2400 2614 Ego
2430 2559 2557 2594 vero

1531 2625 1868 2681 retinendum
1890 2639 2018 2698 puto
2043 2632 2197 2687 Vota,
2218 2621 2461 2696 quam‘vis
2483 2639 2557 2674 re-

1534 2707 1777 2779 petitum.
1799 2705 2003 2778 Recipit
2042 2723 2097 2758 se
2117 2742 2133 2768 ,
2172 2715 2225 2756 et
2268 2715 2391 2756 aute
2415 2699 2553 2754 dicta

1534 2785 1754 2857 corrigit
1772 2783 1940 2847 Dido;
1960 2796 2013 2836 et
2030 2810 2055 2830 ιι
2067 2782 2209 2837 Nihil
2226 2793 2305 2834 est
2318 2821 2333 2846 ,
2353 2779 2527 2853 inquit
2541 2816 2559 2843 ,

1536 2864 1681 2936 quod
1699 2863 1835 2917 dura
1867 2863 2097 2934 querelis
2112 2861 2257 2914 'Vota
2292 2857 2561 2930 fidemque

1537 2963 1672 2998 voco
1696 2969 1719 2990 ι
1743 2982 1759 3010 ,
1797 2943 1903 2996 hoc
1920 2952 2029 3007 est,
2067 2941 2261 2994 frustra
2284 2949 2359 2992 est
2380 2975 2396 3002 ,
2413 2935 2561 3009 quod

1536 3024 1763 3077 multum
1780 3021 1849 3074 de
1864 3021 1999 3074 dura
2018 3020 2135 3093 ejus
2154 3019 2422 3072 voluntate
2437 3035 2565 3088 erga

1540 3122 1627 3156 me
1660 3119 1876 3174 queror,
1914 3114 1969 3155 et
1998 3099 2163 3152 fidem
2190 3097 2452 3152 desertam
2479 3097 2559 3149 in·

1539 3200 1687 3236 cuso.

1612 3263 1700 3315 36.
1720 3264 1963 3314 Invidiam
1968 3260 2160 3328 fecisse
2181 3271 2386 3327 negant.
2406 3257 2564 3312 Salm.

1540 3356 1707 3394 necat.
1724 3339 1971 3394 Leidens.
1992 3354 2198 3400 necant,
2226 3349 2279 3391 et
2303 3357 2457 3391 versu
2483 3353 2566 3389 se-

1540 3421 1722 3494 quenti
1760 3435 1905 3473 sorte.
1947 3420 2131 3476 Bunn.
2181 3418 2264 3472 Ad
2310 3415 2571 3470 indicium

1545 3499 1741 3555 codicis
1772 3499 1933 3553 Salm.
1963 3499 2309 3553 scribendum
2342 3507 2455 3550 erat
2485 3515 2573 3547 ne·

1542 3595 1665 3650 gae,
1684 3579 1829 3652 quod
1861 3592 1913 3633 et
1952 3581 2127 3653 aptius
2154 3590 2261 3642 est,
2279 3589 2369 3631 aut
2395 3574 2572 3648 potius

1552 3674 1715 3730 neget.
1739 3659 2027 3732 Quisquis,
2064 3659 2236 3730 inquit
2254 3700 2270 3722 ,
2310 3674 2429 3707 mea
2460 3653 2575 3708 vul·

1553 3759 1678 3792 nera
1701 3778 1718 3802 ,
1755 3759 1935 3793 meum
1975 3737 2328 3791 infortunium
2366 3733 2578 3786 misera-

1557 3832 1664 3882 tur,
1684 3819 1771 3874 hic
1798 3829 1951 3891 neget
1979 3817 2135 3870 etiam
2157 3854 2173 3879 ,
2211 3813 2463 3867 iuvidiam
2494 3813 2576 3866 vel

1557 3899 1736 3952 odium
1772 3919 1857 3952 me
1894 3901 2073 3950 AEneae
2106 3895 2371 3950 concitare
2407 3893 2575 3946 velle:

1557 3999 1709 4032 casus
1746 3977 1996 4031 adversus
2028 3977 2208 4048 potins
2247 3975 2427 4029 omnia
2464 3971 2579 4024 haec

1558 4059 1751 4110 intulit.
