2975 4684
615 437 913 508 CORN.
966 436 1333 506 SEVERI
1389 435 1952 505 FRAGMENT
1969 436 2141 505 ΠΜ.

2301 460 2444 533 209

412 562 781 653 Tamquam
816 556 960 629 sola
991 556 1199 641 foret,
1236 557 1408 653 rapti
1446 556 1792 627 Ciceronis
1828 558 2068 652 imago,

410 672 601 739 Tunc
634 668 919 737 redeunt
956 666 1195 737 animis
1231 667 1529 763 ingentia
1563 666 1873 739 Consulis
1913 683 2092 755 acta,

410 782 785 874 Jurataeque
816 801 1085 861 manus,
1118 776 1578 873 deprensaque
1608 777 1856 847 foedera
1885 802 2108 865 noxae,
2422 804 2444 841 s

405 890 903 984 Patriciumque
938 887 1121 958 nefas
1153 887 1588 974 exstinctum,
1619 903 1684 957 et
1717 914 1916 983 poena
1946 888 2262 983 Cethegi,

316 1094 441 1167 Pap.
470 1094 687 1157 Statius,
721 1092 896 1146 Theb.
918 1091 997 1144 vt
1018 1129 1033 1157 ,
1063 1094 1204 1161 669:
1240 1118 1263 1140 ι
1288 1105 1341 1145 et

313 1175 467 1229 simul
484 1192 671 1227 omnes
692 1172 917 1225 Abstulit
938 1172 993 1225 in
1020 1190 1073 1225 se
1097 1172 1281 1224 oculos
1297 1197 1338 1223 a.

311 1252 511 1308 Pariter
530 1252 625 1307 sil.
652 1252 771 1305 Ital.
794 1252 987 1315 xvn,
1009 1252 1141 1317 648,
1161 1250 1253 1303 nbi
1273 1248 1341 1303 de

310 1334 579 1407 triumpho
604 1331 891 1406 Scipionis:
920 1356 945 1376 α
964 1330 1071 1384 Sed
1096 1350 1206 1383 non
1235 1330 1339 1383 ulla

310 1411 481 1486 magis
524 1426 833 1483 mentesque
872 1411 1157 1481 oculosque
1194 1421 1340 1461 tene-

309 1492 400 1547 bat
417 1532 433 1559 ,
454 1493 635 1559 Quam
658 1490 770 1543 visa
788 1489 1103 1543 Hannibalis
1141 1487 1342 1559 campis

310 1570 557 1645 fugientis
593 1570 771 1641 imago
786 1594 830 1621 a.
868 1566 1129 1621 En.—Sic
1156 1566 1341 1620 Livius

308 1648 401 1704 lib.
428 1651 517 1715 11,
538 1668 655 1722 cap.
679 1649 736 1715 5,
758 1647 827 1701 de
848 1648 997 1701 Bruti
1019 1646 1171 1699 filiis:
1193 1672 1219 1692 οι
1237 1644 1341 1699 Sed

309 1749 338 1782 a
358 1730 580 1793 caeteris,
596 1726 740 1781 velut
762 1728 831 1780 ab
846 1726 1038 1799 ignotis
1056 1726 1339 1797 capitibus,

310 1808 556 1865 Consulis
582 1808 738 1861 liberi
764 1806 1005 1859 omnium
1030 1806 1085 1858 in
1110 1824 1167 1859 se
1193 1823 1341 1859 aver·

306 1900 477 1943 terant
491 1886 732 1941 oculos».
768 1886 835 1938 In
854 1884 1099 1938 eumdem
1118 1882 1339 1937 modum

308 1986 371 2023 ac
392 1968 621 2023 Severus
642 2006 658 2031 ,
681 1964 750 2018 de
777 1965 1079 2037 spectaculo
1106 1982 1169 2017 eo
1197 1964 1339 2035 capi·

308 2048 372 2101 tis
388 2045 669 2103 Ciceronis
687 2042 943 2117 propositi
956 2042 1194 2115 loquitur
1208 2042 1338 2097 Cre·

306 2128 513 2180 mutius
548 2123 755 2179 Gordus
788 2122 931 2195 apud
973 2123 1155 2177 Senec.
1187 2121 1337 2179 Suas.

308 2206 413 2259 vn
428 2226 441 2261 ι
457 2204 753 2277 -Praecipue
768 2215 941 2257 tam·
955 2202 1115 2257 solvit
1124 2213 1339 2274 pectora

306 2286 547 2340 omnium
598 2285 657 2337 in
705 2284 966 2356 lacrymas
1014 2282 1339 2353 gemitusque

306 2364 417 2420 visa
450 2362 523 2418 ad
556 2376 719 2436 caput
754 2364 867 2435 ejus
900 2360 1126 2433 deligata
1150 2378 1340 2415 manus

306 2444 547 2505 dextera,
584 2442 777 2497 divina
822 2441 1139 2515 eloquentia
1184 2439 1339 2491 mini-

306 2536 411 2580 stra
429 2542 446 2590 3
466 2536 887 2593 ceterorumque
908 2520 1076 2574 codes
1104 2518 1340 2590 privatos

304 2602 479 2657 luctus
509 2601 875 2657 excitaverunt
898 2638 913 2666 ,
936 2599 1028 2652 illa
1058 2616 1164 2652 una
1192 2616 1338 2653 com·

307 2701 529 2737 munem
552 2706 599 2735 ι.

378 2766 433 2817 3.
462 2764 613 2831 Rapa·
626 2763 887 2814 acer-onis.
904 2758 1211 2813 Gronovius
1238 2758 1341 2830 legi

305 2843 419 2896 vult
457 2843 619 2910 empti
660 2842 933 2899 Ciceronis,
980 2838 1014 2889 i.
1042 2856 1087 2890 e.
1118 2836 1342 2891 desectis

304 2920 559 2975 membris
576 2959 593 2986 ,
616 2919 743 2991 quia
758 2919 1035 2971 Vomanus
1058 2915 1115 2969 in
1134 2916 1345 2970 tumulo

310 2998 627 3054 Ciceronis.
612 3016 626 3029 ·
651 3003 752 3050 Sed
763 3004 979 3049 Fortuna
1003 3016 1185 3049 nocens
1209 3001 1345 3049 miso-

307 3084 468 3132 mndo
479 3078 671 3149 fimet-e
700 3092 890 3146 raptum
928 3078 1145 3146 Carpsi,1e
1167 3092 1217 3129 et
1250 3081 1343 3130 hoc

304 3160 471 3212 voluit
489 3160 705 3210 mbr-a
718 3160 894 3227 jacere
919 3170 1039 3207 toro.
1062 3154 1169 3222 Qui
1191 3156 1342 3209 locus

306 3238 527 3293 minime
561 3236 786 3291 suadere
816 3254 933 3289 eam
960 3234 1237 3289 lectionem
1265 3234 1343 3288 vi-

306 3318 536 3373 deretur.
570 3319 717 3385 nupti
750 3313 1001 3368 dicuntur
1028 3331 1213 3367 omnes
1240 3314 1343 3367 vio-

304 3396 453 3453 lenta
478 3406 534 3449 et
557 3395 778 3467 inopina
806 3404 975 3447 morte
1000 3392 1183 3447 ablati.

380 3478 434 3531 5.
462 3479 669 3528 Παιὰν-α
706 3493 887 3533 noa-ee,
916 3474 952 3525 i.
984 3490 1033 3525 e.
1061 3472 1206 3527 noxii
1234 3492 1343 3526 sce-

304 3556 431 3610 leris
448 3595 465 3621 ,
492 3554 579 3609 vel
622 3553 901 3606 noxiorum
919 3592 935 3619 ,
970 3552 1340 3606 sceleratorum

304 3634 611 3690 hominum.

379 3718 429 3769 6.
457 3714 816 3780 Patriciumque
841 3712 987 3778 nefas
1005 3748 1023 3771 ‚
1048 3730 1076 3763 a
1108 3710 1343 3766 Patriciis

306 3791 690 3866 conjurationis
739 3790 889 3863 sociis
904 3830 920 3855 ,
965 3800 1339 3863 perpetratum.

308 3872 511 3927 Versus
542 3870 635 3924 hic
671 3868 1001 3924 eruditorum
1032 3871 1342 3943 conjecturis

308 3951 504 4005 mirum
522 3988 539 4015 ,
562 3961 825 4022 quantum
845 3959 1081 4003 vexatus.
1102 3948 1345 4021 Vulgata

306 4030 519 4085 Seneca
538 4028 798 4083 editiones
812 4066 827 4091 ‚
846 4038 907 4080 ut
926 4039 977 4080 et
993 4028 1221 4081 Pithoeus
1241 4027 1347 4081 edi·

309 4110 415 4165 dit:
443 4125 521 4163 ese
544 4124 664 4161 ωηο
702 4122 755 4159 ee
782 4126 935 4177 poena
964 4110 1178 4179 Cethegi,
1202 4107 1349 4181 quod

310 4188 682 4263 Schultingius
710 4186 780 4241 ad
806 4188 955 4243 Suos.
976 4188 1002 4239 1
1022 4226 1039 4253 ,
1060 4208 1116 4260 p.
1144 4190 1207 4243 15
1222 4226 1239 4255 ‚
1256 4208 1349 4243 ex-

558 4282 705 4349 III.

1423 1092 1590 1165 plicat
1611 1130 1628 1157 ,
1655 1112 1884 1163 presens
1908 1106 2146 1147 versatur
2173 1108 2296 1151 ante
2320 1116 2452 1153 ocu·

1424 1172 1526 1239 los,
1537 1191 1712 1245 neque
1723 1174 1914 1227 animis
1933 1172 2143 1228 excidit.
2159 1176 2316 1249 Apud
2333 1179 2451 1233 Cri·

1426 1252 1596 1304 nitum
1621 1252 1842 1324 legitur,
1870 1267 1943 1305 est
1961 1274 2092 1305 mmo
2119 1268 2166 1306 ee
2178 1277 2335 1326 poena
2364 1264 2448 1313 Ce-

1423 1332 1556 1401 tloegae’
1565 1353 1586 1393 ,-
1613 1330 1755 1403 apud
1768 1331 2117 1404 Stephanum,
2138 1338 2282 1404 nefas
2303 1340 2448 1393 etiam

1410 1423 1550 1472 -τιηη,
1591 1426 1802 1479 ecpoena
1830 1414 2036 1480 Cethegi.
2057 1412 2240 1486 Scalig.
2263 1418 2322 1470 in
2348 1419 2448 1473 Ca-

1426 1490 1652 1542 talectis:
1672 1493 1816 1541 etiam
1835 1504 1958 1551 uem,
1988 1506 2226 1562 uepoena.
2247 1498 2453 1555 Fecun-

1425 1567 1555 1621 dum
1577 1568 1820 1622 Barthii
1804 1570 2099 1643 ingenium,
2125 1574 2340 1632 Advers.
2352 1578 2447 1641 IX,

1432 1660 1526 1715 ¹4,
1553 1634 1729 1722 plures
1757 1648 2000 1721 procudit
2025 1653 2448 1714 emendationes:

1426 1731 1595 1797 nefas,
1609 1744 1658 1779 ec
1673 1734 1797 1780 Sura
1817 1744 1866 1781 et
1873 1750 2055 1797 poena,
2079 1730 2162 1784 vel
2179 1739 2340 1788 Statili
2352 1752 2450 1790 mm

1418 1808 1687 1876 poena,vel
1703 1812 1766 1859 Su
1769 1812 1914 1860 llarur
1879 1829 1942 1860 cm
1960 1824 2010 1861 ee
2017 1830 2172 1877 poena
2183 1852 2198 1873 ‚
2218 1817 2300 1868 vel
2315 1822 2452 1870 Suroe

1424 1900 1525 1938 tum
1548 1906 1733 1954 [κωκυ
1757 1886 1986 1959 denique
2010 1900 2064 1943 et
2093 1896 2324 1946 Autronii
2353 1916 2453 1951 no-

1424 1984 1550 2018 men
1575 1964 1732 2019 valde
1755 1965 1924 2019 simile
1957 1978 2109 2038 putat
2136 1969 2236 2024 illis
2260 1973 2420 2029 literis
2437 2014 2454 2041 ,

1424 2063 1544 2117 quae
1565 2044 1739 2097 locum
1760 2043 2023 2098 obsident.
2045 2048 2090 2099 E
2108 2052 2305 2106 caeteris
2325 2055 2453 2108 Bar-

1426 2123 1528 2177 thii
1548 2124 1638 2177 illa
1661 2138 1708 2174 ee
1725 2129 1848 2175 Sura
1868 2140 1918 2176 ee
1927 2146 2081 2195 poena
2106 2133 2307 2200 Cethegi
2321 2132 2454 2188 adeo

1426 2223 1483 2257 se
1509 2202 1750 2277 probavit
1773 2206 2004 2277 Ruperto
2022 2244 2038 2271 ,
2063 2219 2122 2259 ut
2149 2209 2204 2261 in
2230 2210 2453 2267 Observ.

1426 2283 1495 2337 ad
1536 2284 1749 2339 Sallust.
1785 2303 1838 2355 p.
1882 2287 1976 2339 ²81
1997 2322 2013 2349 ‚
2052 2304 2168 2341 eam
2213 2310 2311 2361 pro
2358 2314 2452 2349 sua

1424 2362 1802 2437 propinaverit.
1849 2362 2152 2420 Gronovius
2189 2372 2414 2443 conjecit
2437 2416 2454 2441 ,

1424 2446 1782 2511 Pam'cr'umque
1835 2446 1980 2512 nefas
2033 2450 2322 2501 exstinctum
2342 2492 2358 2515 ,
2410 2468 2460 2505 et

1415 2542 1595 2591 poena,
1621 2540 1684 2593 ex
1713 2522 1814 2575 hac
1838 2522 2070 2576 ratione:
2097 2538 2156 2577 ut
2182 2528 2321 2583 enirn
2351 2532 2454 2585 Ca·

1426 2600 1630 2654 tilinam
1657 2620 1762 2654 non
1789 2602 2062 2669 nominat,
2087 2606 2185 2659 nisi
2213 2612 2451 2677 dejectum

1426 2685 1585 2741 votis,
1613 2692 1662 2733 et
1689 2680 1982 2753 Cethegum
2009 2700 2116 2735 non
2142 2685 2253 2739 sine
2272 2710 2423 2757 poena
2437 2732 2454 2757 ,

1426 2760 1502 2813 ita
1535 2779 1634 2815 nec
1667 2758 1812 2814 nefas
1837 2760 2013 2832 posuit
2047 2764 2159 2816 sine
2192 2769 2456 2824 mentione

1427 2853 1649 2893 eventus
1672 2838 1750 2893 rei
1772 2840 1996 2912 publice
2023 2853 2075 2893 et
2097 2848 2379 2900 necessarii
2405 2862 2454 2903 et

1428 2920 1586 2972 utilis.
1629 2918 1876 2972 Heinsius
1915 2918 2128 2973 editioni
2171 2922 2455 2983 Pithoeanoe

1428 2998 1774 3070 adscripscrat
1797 3002 1941 3050 erucis
1968 3014 2018 3051 ee
2038 3016 2155 3053 tunc
2186 3026 2340 3072 poena
2371 3012 2456 3059 Ce-

1427 3081 1563 3147 thegi
1577 3098 1594 3129 :
1611 3077 1750 3130 idem
1769 3077 1824 3129 in
1845 3078 2012 3132 altero
2027 3075 2211 3135 codice
2225 3102 2459 3140 correxe-

1429 3169 1514 3211 rat
1559 3159 1913 3225 Patriciumque
1960 3160 2106 3229 offas
2121 3200 2136 3221 ,
2176 3168 2364 3217 exserti
2411 3182 2458 3219 et

1424 3256 1580 3305 poena
1607 3240 1823 3305 Cethegi,
1844 3256 2005 3308 quam
2032 3241 2458 3300 emendationem

1430 3317 1630 3371 ceteris
1665 3315 2046 3387 praeferendam
2083 3322 2288 3390 putavit
2325 3324 2458 3379 Bur-

1430 3412 1660 3447 mannus
1702 3412 1804 3449 sec.
1851 3394 2088 3468 Denique
2133 3398 2380 3457 Gorallus
2427 3424 2458 3459 e

1434 3474 1644 3546 vulgata
1655 3474 1880 3527 lectione
1897 3490 1972 3527 ese
1985 3490 2102 3529 tunc
2120 3477 2241 3532 fecit
2252 3496 2334 3533 ast
2343 3499 2456 3539 euno

1430 3569 1478 3605 et
1499 3574 1676 3622 poena,
1703 3554 2084 3623 infelicissime,
2114 3573 2170 3610 ut
2198 3559 2460 3617 Burman-

1429 3652 1532 3687 nus
1545 3644 1715 3707 putat.
1744 3632 1880 3687 Mihi
1907 3654 2015 3707 prae
2041 3639 2240 3690 caeteris
2260 3643 2460 3697 arridet

1429 3710 1728 3767 emendatio
1737 3712 1972 3767 Gronov.
1985 3717 2128 3785 nefas
2141 3722 2306 3771 exstin
2309 3737 2404 3774 etue
2387 3744 2454 3789 m,

1428 3810 1545 3865 quoe
1565 3804 1618 3845 et
1639 3792 1869 3864 vestigiis
1896 3794 2166 3867 scripture
2191 3798 2350 3854 codd.
2373 3822 2464 3857 ac.

1429 3870 1797 3937 commodata,
1809 3884 1862 3926 et
1879 3891 2101 3927 numero
2116 3879 2461 3953 orationeque

1432 3964 1600 4025 poetoe
1630 3952 1788 4025 digna
1824 3964 1936 4017 est,
1963 3964 2015 4005 et
2039 3952 2200 4008 fldem
2237 3960 2459 4015 maxime

1435 4032 1626 4104 accipit
1644 4031 1830 4085 abhoc
1845 4031 2082 4103 Virgilii,
2097 4034 2214 4091 AEn.
2237 4036 2310 4105 11,
2327 4040 2459 4105 585,

1438 4110 1794 4164 -Exstinxisse
1827 4110 1979 4164 nefas
2003 4122 2210 4177 tamen,
2236 4128 2285 4168 et
2318 4135 2460 4171 sum.

1436 4190 1603 4261 psisse
1629 4191 1878 4243 merentis
1905 4190 2192 4246 Laudabor
2227 4212 2405 4267 poemg
2425 4226 2467 4253 -,

2052 4286 2136 4369 14
