2975 4684
847 389 1263 461 CARMEN
1325 391 1457 458 AD
1522 388 2220 460 AUGUSTINUM,

2458 390 2589 472 441

572 518 840 598 Auuue,
872 514 966 581 sic
1001 511 1194 580 nobis
1233 535 1464 580 verum
1500 511 1758 579 ratione
1796 523 2122 602 patescat3

572 621 681 690 Sic
724 619 874 716 plus
910 619 1203 690 Eridano
1241 619 1434 707 fluat,
1474 635 1540 689 et
1585 621 1893 713 contagia
1930 618 2163 687 mundi

571 730 1040 826 Nequidquam
1079 730 1360 800 volitent
1393 730 1605 800 nostri
1650 732 1902 802 circum
1950 753 2107 798 arva
2146 727 2390 797 coloni.

473 927 713 998 appellat,
725 926 1051 981 immoratur.
1067 929 1130 981 lu
1141 939 1284 982 sexto
1295 941 1489 996 autem,

471 1007 566 1080 qui
594 1007 820 1060 maxime
849 1008 1142 1061 celebratus
1180 1020 1284 1076 est,
1315 1007 1488 1062 studet

471 1085 744 1140 ostendere
763 1104 994 1158 quonam
1021 1098 1174 1158 pacto
1204 1106 1238 1140 a
1265 1087 1488 1140 mutabi—

469 1165 608 1218 libus
627 1165 864 1218 numeris
883 1204 900 1228 ‚
923 1167 1034 1219 sive
1053 1168 1323 1238 corporeis
1343 1208 1358 1232 ,
1377 1167 1485 1220 sive

469 1245 786 1316 spiritalibus
801 1283 816 1308 ‚
837 1244 906 1299 ad
928 1246 1284 1299 immutabiles
1303 1265 1486 1300 nume-

468 1342 556 1376 ros
573 1365 590 1390 ,
629 1325 683 1376 in
742 1325 851 1378 sola
907 1325 1224 1378 immutabili
1269 1325 1486 1379 veritate

469 1404 774 1470 existentes,
796 1403 1112 1475 quibusdam
1131 1404 1290 1460 veluti
1312 1404 1486 1476 gradi·

467 1483 567 1535 bus
608 1483 964 1554 perveniatur,
999 1493 1051 1536 et
1090 1483 1165 1538 sic
1206 1483 1484 1538 invisibilia

469 1561 564 1614 Dei
580 1579 674 1634 per
696 1579 786 1628 ea,
812 1581 930 1635 qun
953 1563 1088 1616 facta
1113 1573 1265 1630 sunt,
1285 1563 1484 1618 intelle-

467 1653 552 1694 cta
569 1641 976 1712 conspiciantur.
1008 1642 1094 1697 Sic
1115 1655 1482 1714 argumentum

467 1737 648 1774 eorum
684 1721 940 1775 librorum
975 1722 1086 1795 ipse
1121 1721 1345 1792 explicat
1374 1725 1478 1777 An-

465 1799 706 1871 gustinus
739 1801 928 1872 partim
967 1801 1182 1872 epistola
1208 1801 1306 1864 CI,
1325 1821 1382 1856 u.
1409 1809 1442 1865 4
1460 1844 1476 1870 ,

464 1877 533 1931 ad
576 1879 894 1934 Memorium
912 1919 928 1944 ,
965 1882 1154 1952 partim
1196 1882 1476 1936 Retraotat.

461 1957 557 2010 lib.
586 1958 639 2025 1,
665 1978 782 2031 cap.
817 1979 898 2014 ιι.

537 2037 648 2092 15².
670 2045 866 2100 Annae,
881 2041 951 2090 sio
973 2041 1110 2090 nobis
1131 2057 1324 2092 verum.
1351 2039 1479 2093 For-

461 2117 598 2170 mula
620 2117 738 2172 hnc
757 2130 836 2171 est
853 2118 1138 2185 aTibullo,
1155 2119 1239 2185 11,
1261 2119 1320 2184 5,
1345 2138 1472 2173 121:

457 2223 482 2241 ..
501 2197 689 2250 Annne
701 2236 718 2260 ‚
738 2198 814 2251 sio
831 2198 926 2251 tibi
947 2197 1053 2250 sint
1071 2197 1295 2265 intonsi,
1315 2197 1472 2252 Phoe-

454 2275 548 2340 be,
567 2275 740 2346 capilli
757 2297 808 2339 ²3
841 2287 893 2331 et
910 2275 1098 2330 Sidon.
1117 2275 1434 2348 Apollinaris
1450 2309 1468 2337 2

1572 931 1760 1000 repetit
1786 948 1843 982 ea
1872 929 2025 980 verba
2052 943 2120 980 ex
2145 927 2248 979 hoc
2268 927 2529 995 carmine,
2544 940 2597 980 et

1575 1007 1747 1064 reddit
1770 1008 2007 1064 Licentio
2034 1007 2089 1058 in
2113 1006 2337 1078 epistola
2356 1042 2373 1068 ,
2401 1017 2460 1059 ut
2476 1025 2601 1079 per-

1575 1087 1811 1151 suadeat,
1824 1084 2167 1158 quarendum
2181 1103 2291 1138 esse
2305 1084 2595 1152 Christum,

1574 1167 1669 1239 qui
1688 1167 1803 1238 ipsa
1822 1166 1889 1217 sit
1908 1164 2134 1217 Veritas.

1650 1246 1767 1300 153.
1787 1247 1867 1296 Sic
1873 1247 1991 1313 plus
2005 1246 2227 1294 Eridano
2225 1245 2380 1314 fluat,
2404 1241 2463 1295 id
2481 1255 2559 1296 est
2576 1283 2593 1310 ,

1575 1325 1840 1378 uberrime
1876 1338 1929 1379 et
1977 1324 2338 1397 copiosissime
2357 1361 2374 1385 ‚
2430 1323 2594 1376 instar

1574 1403 1719 1458 fluvii
1740 1401 2073 1458 exundantis.
2092 1401 2301 1457 Servius
2320 1401 2388 1456 ad
2404 1401 2594 1474 virgil.

1575 1482 1812 1547 AEn.vl,
1836 1483 1968 1550 659,
1994 1483 2264 1547 observat,
2300 1478 2591 1534 Eridanum

1572 1581 1671 1633 pro
1710 1581 2046 1634 quocumque
2082 1562 2185 1614 alio
2220 1559 2439 1614 flumine
2477 1571 2592 1618 κατ’

1572 1643 1738 1712 ἐξοχὴν
1756 1642 1864 1696 dici
1876 1679 1893 1706 ‚
1922 1642 2047 1712 quia
2064 1653 2116 1694 et
2134 1641 2328 1712 Georg.
2346 1641 2373 1693 1
2392 1679 2408 1705 ,
2448 1643 2548 1705 48²
2572 1680 2589 1707 ‚

1568 1719 1791 1792 legimus
1810 1723 2077 1794 fluviorum
2100 1741 2195 1772 rea:
2226 1723 2475 1774 Eridanus
2492 1743 2513 1774 .·
2539 1732 2593 1773 et

1539 1863 1553 1880 l
1568 1812 1745 1854 amant
1780 1811 1946 1878 poeto
1982 1818 2080 1870 pro
2114 1800 2463 1871 appellatione
2499 1819 2596 1872 po-

1568 1897 1696 1932 nere
1734 1897 1939 1952 magnas
1974 1878 2050 1932 rei
2084 1880 2457 1950 proprietatem
2478 1917 2494 1942 ,
2530 1891 2591 1932 ut

1568 1957 1760 2030 Georg.
1789 1957 1817 2011 1
1837 1999 1851 2024 ,
1894 1977 1927 2026 9
1948 1996 1964 2022 ,
2004 1983 2029 2003 κ
2046 1959 2243 2030 pocula
2271 1958 2523 2012 Acheloia
2544 1985 2587 2009 n.

1565 2067 1637 2078 —
1664 2037 1771 2092 Sed
1788 2039 1901 2092 Nic.
1924 2038 2201 2102 Heinsius,
2237 2035 2461 2090 Advers.
2482 2038 2585 2105 IV,

1565 2135 1679 2189 cap.
1704 2137 1757 2184 a,
1777 2137 1831 2190 p.
1852 2118 1978 2188 575,
2017 2116 2105 2176 hic
2120 2116 2248 2189 legit
2270 2134 2283 2170 :
2307 2143 2333 2163 α
2350 2115 2436 2170 sic
2458 2135 2586 2170 suus

1562 2194 1829 2250 Eridanus
1846 2195 1974 2249 fluat
1992 2223 2035 2250 υ.
2068 2195 2229 2262 Quod
2248 2196 2319 2249 ita
2341 2195 2587 2268 intelligit

1562 2287 1623 2327 ut
1641 2296 1754 2327 suus
1774 2278 2021 2329 Eridanus
2038 2275 2178 2330 idem
2202 2275 2374 2329 valeat
2408 2296 2469 2330 ae
2502 2277 2585 2329 sui

453 2354 714 2418 Cau-miv,
733 2358 836 2410 600
855 2393 872 2421 ,
901 2381 929 2402 α
946 2357 1165 2419 Annue,
1184 2356 1262 2410 sic
1281 2354 1468 2408 vestris
1548 2355 1687 2428 juris
1705 2393 1721 2420 ,
1760 2368 1813 2408 et
1850 2355 1983 2409 liber
2028 2376 2059 2411 a
2098 2357 2299 2411 Geticis
2342 2357 2584 2412 catervis.

383 2447 392 2464 ⁹
451 2434 676 2506 respiret
687 2435 854 2508 Byrsa
873 2436 1080 2508 tropoeis
1100 2461 1144 2489 n.
1160 2435 1354 2490 Verbis
1371 2433 1436 2487 iis
1449 2473 1466 2498 ‚

451 2539 475 2558 κ
487 2514 562 2566 sic
581 2514 730 2567 nobis
749 2533 933 2572 verum
951 2516 1154 2568 ratione
1172 2526 1402 2586 patescat
1414 2539 1440 2560 a·
1451 2556 1467 2582 ,

449 2591 720 2646 Licentius
739 2593 949 2646 videtur
964 2593 1256 2666 Augustino
1275 2594 1332 2646 in
1355 2611 1467 2647 me-

451 2673 670 2726 moriam
709 2691 960 2727 revocare
992 2674 1206 2728 crebras
1237 2672 1468 2746 disputa-

449 2749 616 2804 tiones
633 2789 650 2814 ,
682 2770 817 2824 quas
839 2771 962 2806 cnm
993 2771 1057 2806 eo
1082 2751 1151 2805 de
1177 2751 1464 2807 studiwin-

447 2830 716 2900 quin-enda
761 2843 812 2884 et
851 2831 1180 2886 inveniendas
1230 2833 1464 2886 veritatis

446 2908 702 2963 habuerat
717 2952 732 2976 ,
775 2911 832 2966 iu
871 2911 1017 2964 libris
1052 2923 1234 2966 contra
1263 2910 1464 2966 Acade·

447 2987 609 3044 mices
649 2990 924 3062 expositas.
972 2991 1294 3062 Augustinus
1333 3011 1460 3045 vero

1556 2432 1707 2487 Idem
1761 2437 2003 2508 sequenti
2048 2455 2203 2492 versu
2241 2437 2357 2492 vult
2403 2442 2581 2490 noso-is

1555 2519 1757 2568 colonis.
1784 2517 1887 2570 En.

1632 2595 1747 2658 154.
1770 2600 2119 2664 Nequidquam
2148 2600 2367 2650 volitem.
2390 2597 2579 2652 Preca-

1554 2685 1661 2739 tur,
1686 2687 1746 2728 ut
1772 2678 2059 2747 pestilentia
2079 2715 2095 2742 ,
2116 2697 2237 2748 quo
2263 2690 2377 2732 tum
2396 2679 2575 2751 plures

1555 2754 1699 2808 orbis
1722 2757 1946 2812 Romani
1982 2757 2279 2830 provincias
2311 2760 2545 2818 vastabat
2560 2800 2578 2828 ,

1554 2833 1683 2889 fines
1702 2853 1948 2908 agrorum
1970 2856 2187 2892 suorum
2208 2857 2315 2890 nou
2340 2837 2572 2892 invadat.

1552 2913 1723 2987 Hujus
1742 2914 2021 2987 aliquoties
2041 2917 2241 2970 mentio
2262 2916 2322 2970 fit
2348 2917 2403 2970 in
2420 2917 2571 2971 libris

1550 2993 1848 3065 Augustini.
