2975 4684
479 300 618 370 218
789 302 921 370 DE
984 303 1063 368 C.
1118 245 1536 370 PEDONE
1599 301 2269 372 ALBINOVANO

473 427 717 496 'sextam
753 432 961 496 noetis
997 431 1345 496 clamorem
1386 431 1816 515 concitatum3
1843 452 2062 519 quaero
2090 429 2250 518 quid
2283 430 2409 493 sit?
2434 428 2600 493 dici-

474 551 587 601 tur
624 560 851 604 vocem
892 559 1209 603 exercere.
1245 539 1483 620 Quoero
1531 539 1696 604 cirea
1739 539 1968 602 horam
2009 553 2300 602 octavam
2351 537 2565 600 noctis
2583 585 2602 618 ,

475 644 621 732 quis
657 643 741 708 sit
768 643 874 708 ille
909 666 1111 709 sonus
1142 643 1481 710 rotarum?
1528 645 1689 710 velle
1716 645 1948 736 gestari
1980 643 2240 709 dicitur.
2281 643 2464 708 Circa
2497 643 2602 706 lu-

472 772 615 814 cem
648 748 1054 834 discurritur,
1082 752 1269 840 pueri
1291 769 1630 834 vocantur,
1661 751 1898 817 cellarii
1913 800 1932 834 ,
1963 749 2160 839 ooqui
2191 749 2604 814 tumultuan-

478 871 621 938 tur;
651 876 873 942 quaero
901 854 1062 944 quid
1091 855 1217 920 sit?
1262 855 1503 922 dicitur
1527 857 1810 922 mulsum
1847 873 1914 921 et
1949 857 2178 920 alioem
2197 854 2572 944 poposcisse
2585 902 2606 932 ,

474 985 514 1026 a
550 956 787 1025 balneo
824 961 1047 1026 exisse.
1093 962 1496 1046 Exeedebat,
1531 964 1781 1052 inquis,
1818 985 1999 1028 eoena
2043 962 2182 1042 ejus
2227 959 2448 1025 diem?
2481 959 2610 1023 mi-

477 1067 687 1149 nime,
714 1066 899 1132 valde
934 1067 1113 1132 euim
1149 1068 1481 1158 frugaliter
1506 1067 1792 1145 vivebat,
1836 1068 2000 1132 nihil
2027 1065 2455 1132 consumebat
2483 1063 2610 1128 nisi

477 1189 759 1240 noctem.
790 1172 1019 1264 Itaque
1050 1173 1280 1241 crebro
1319 1173 1683 1242 dicentibus
1716 1173 2105 1265 quibusdam
2134 1171 2316 1238 illum
2342 1193 2612 1238 avarum

476 1296 545 1345 et
574 1278 947 1364 sordidum3
981 1269 1131 1364 vos‘,
1158 1281 1406 1370 inquit,
1436 1281 1622 1346 illum
1655 1298 1721 1346 et
1753 1279 2179 1370 lychnobium
2207 1276 2456 1344 dicetis.

630 1517 741 1582 lv.
792 1518 1309 1600 Quamnam,
1355 1521 1594 1584 Insa-rr.
1634 1521 1842 1586 Ona-r.
1893 1543 2020 1584 un.
2066 1519 2168 1600 X,
2217 1541 2353 1582 mr.
2401 1539 2454 1580 1.

569 1739 863 1804 Rabirius
896 1761 971 1803 ac
1002 1738 1182 1803 Pedo
1216 1761 1350 1804 non
1381 1737 1634 1828 indigni
1663 1739 2035 1827 cognitione
2051 1786 2069 1817 ,
2099 1737 2154 1800 si
2189 1751 2390 1800 vacet.

678 1971 757 2034 V.
807 1959 1210 2055 Maa‘ruus,
1258 1995 1384 2036 mn.
1432 1973 1535 2052 11,
1587 1994 1795 2035 arma.
1843 1991 2208 2050 Lxxvufls,
2241 1965 2312 2050 5,
2351 1967 2414 2031 6.

576 2193 798 2272 Disce,
830 2191 1010 2280 quod
1046 2193 1303 2282 ignoras
1332 2242 1349 2274 ,
1396 2193 1592 2256 Marsi
1622 2190 1931 2279 doctique
1956 2187 2241 2253 Pedonis

750 2298 927 2385 Saepe
964 2295 1205 2386 duplex
1240 2320 1447 2361 unum
1480 2299 1713 2390 pagina
1749 2311 1980 2362 tractat
2006 2318 2194 2384 opuS.

1051 2537 1161 2602 VI.
1208 2538 1413 2616 Imm,
1452 2559 1578 2600 ma.
1599 2535 1680 2616 V,
1727 2558 1942 2600 amca.
1976 2559 2038 2601 v.

576 2737 672 2802 Sit
704 2739 885 2802 locus
922 2757 988 2804 et
1019 2741 1255 2804 nostris
1292 2741 1506 2828 aliqua
1537 2741 1656 2803 tibi
1687 2755 1866 2830 parte
1896 2739 2159 2819 libellis,

755 2844 902 2929 Qua
928 2843 1130 2928 Pedo,
1167 2867 1296 2934 qua
1325 2845 1578 2912 Marsus
1595 2893 1614 2928 ,
1651 2868 1911 2935 quaque
1939 2845 2229 2910 Catullus
2257 2845 2399 2908 erit.

754 3091 895 3158 VII.
942 3094 1249 3158 Summus
1294 3096 1606 3158 Aronuu.
1655 3093 1867 3158 Canu.
1913 3091 2048 3172 lx,
2095 3114 2170 3154 v.-
2209 3089 2354 3154 256.

840 3295 901 3359 N
904 3316 991 3357 on
1026 3295 1375 3396 Gaetulicus
1406 3295 1516 3360 hic
1546 3294 1665 3359 tibi
1695 3295 1976 3384 legetur,

844 3399 994 3465 Non
1021 3401 1272 3467 Marsus
1289 3449 1309 3484 ,
1340 3399 1520 3465 Pedo
1537 3451 1556 3482 ,
1590 3399 1816 3476 Silius,
1847 3400 2164 3465 Tibullus.

592 3623 779 3687 VIII..
820 3623 957 3686 Lu..
1006 3623 1213 3687 Gaas.
1260 3621 1650 3703 vamus,
1697 3623 1880 3686 His‘r.
1929 3621 2120 3686 Pom.
2157 3621 2364 3684 Dru..
2416 3620 2526 3682 lv.

579 3845 731 3908 Erat
774 3867 924 3908 cum
972 3845 1070 3908 his
1113 3859 1177 3907 et
1225 3842 1505 3909 Pedonis
1556 3842 1940 3908 Albinovani
1984 3845 2198 3932 imago
2223 3893 2241 3924 ,
2295 3841 2478 3922 cujus
2499 3889 2518 3922 ,
2570 3839 2622 3901 si

492 3966 710 4032 vacet,
743 3967 997 4015 oratore
1032 3973 1164 4015 non
1203 3947 1536 4038 indignam
1580 3949 1776 4014 fuisse
1825 3950 2166 4016 lectionem
2209 3947 2458 4036 putavit
2505 3945 2622 4009 Fa·

496 4053 661 4119 bins.
698 4055 977 4144 Reponit
1008 4079 1156 4120 eum
1190 4053 1455 4142 quidem
1497 4057 1664 4119 inter
1702 4071 1922 4143 poetas
1958 4055 2276 4119 heroicos.
2317 4051 2470 4132 Ejus
2499 4073 2623 4114 me

631 4264 641 4301 l
