2975 4684
504 376 645 471 296
750 376 954 447 Exc.
1003 378 1102 445 IV
1155 376 1283 443 AD
1333 376 1628 451 SALEII
1677 374 1924 444 BASSI
1974 374 2371 447 CARMEN.

503 500 617 588 qui
653 520 790 563 non
825 514 1126 564 movetur
1146 546 1164 581 ,
1209 520 1331 563 nec
1359 497 1605 563 moveri
1636 512 1871 586 potest.
1898 496 2107 585 Igitur
2140 496 2239 561 ad
2276 497 2501 560 incitas
2532 519 2627 560 re-

502 600 730 665 dactus
774 599 1034 689 proprie
1077 601 1258 665 lusor
1291 598 1532 683 dicitur
1552 646 1571 680 ,
1620 598 1737 686 qui
1766 597 2063 685 plurimis
2098 598 2355 663 calculis
2390 598 2629 687 spolia-

505 716 643 784 tus,
672 700 958 790 reliquos
1003 700 1220 765 nullos
1259 700 1492 781 habet,
1530 699 1654 763 nisi
1700 700 2019 788 alligatos,
2052 721 2337 786 quorum
2374 698 2630 763 nullum

505 824 768 867 movere
789 802 928 865 sine
951 824 1189 892 magno
1217 799 1611 865 detrimento
1633 815 1884 891 potest3
1908 800 2211 867 translate
2235 815 2455 865 autem
2479 800 2633 865 infe·

505 903 592 966 lix
617 919 683 967 et
703 902 980 969 afflictus
998 951 1017 986 ,
1053 904 1170 991 qui
1191 903 1472 967 fortunis
1508 918 1705 990 atque
1734 900 1971 991 opibus
2000 901 2247 967 accisus
2282 902 2349 965 in
2380 924 2631 965 summa

505 1026 722 1069 rerum
749 1004 1128 1070 difficultate
1161 1018 1228 1069 et
1251 1004 1502 1069 consilii
1526 1004 1743 1093 inopia
1768 1018 2060 1068 versatur
2080 1051 2099 1087 ‚
2122 1018 2201 1067 ut
2234 1002 2542 1092 expedire
2568 1026 2635 1069 se

509 1122 808 1194 nequeat.

595 1208 749 1271 Haec
783 1223 976 1289 sunt,
1019 1229 1162 1295 quoe
1191 1207 1273 1271 ad
1305 1208 1627 1272 rationem
1659 1207 1891 1271 veteris
1927 1204 2065 1270 ludi
2114 1205 2633 1271 latrunculorum

510 1308 958 1375 elucidandam
985 1309 1301 1375 disserere
1324 1309 1587 1398 placuit.
1608 1310 1773 1391 Quae
1802 1308 1970 1373 forte
1988 1307 2106 1371 alia
2124 1306 2257 1371 huc
2274 1307 2504 1371 referri
2530 1328 2641 1394 po·

509 1426 722 1475 terant
741 1458 760 1491 ,
793 1427 859 1475 et
895 1411 977 1476 ab
1005 1410 1143 1475 aliis
1177 1410 1584 1493 referuntur,
1617 1411 1718 1474 vel
1747 1408 1830 1473 ad
1873 1410 2073 1473 aleam
2106 1422 2172 1471 et
2201 1406 2331 1471 XII
2362 1407 2639 1494 scripto·

507 1532 655 1573 rum
678 1510 911 1576 ludum
935 1512 1263 1599 pertinent
1281 1561 1300 1594 ‚
1334 1533 1623 1600 quocum
1648 1510 1768 1575 iste
1789 1533 1827 1574 a
1848 1509 2069 1573 multis
2096 1506 2417 1573 confundi
2444 1508 2639 1590 solet;

506 1612 607 1675 vel
644 1610 728 1676 ad
761 1634 1082 1685 summam
1117 1612 1212 1675 rei
1242 1610 1689 1676 declarandam
1730 1633 1961 1699 parum
1980 1612 1989 1621 '
2006 1610 2272 1673 faciunt.
2306 1608 2641 1673 Nonnulla

435 1796 448 1807 ι
507 1728 722 1777 tamen
763 1714 882 1777 alia
913 1712 996 1777 ad
1023 1713 1308 1802 reliquos
1339 1728 1547 1801 poetae
1593 1712 1805 1779 nostri
1852 1734 2077 1779 versus
2109 1711 2181 1774 in
2214 1709 2642 1776 adnotatione

509 1830 726 1879 nostra
759 1836 1154 1881 monuimus.
2056 1809 2073 1831 ⁸

595 1978 682 1990 -
708 1941 907 2029 Apud
937 1956 1160 2032 poetas
1192 1944 1455 2008 Latinos
1492 1943 1921 2025 recentiores,
1966 1957 2200 2031 praeter
2234 1941 2438 2006 Marci
2480 1940 2638 2004 Hie-

507 2044 767 2133 ronymi
786 2042 969 2108 Vidae
999 2044 1495 2109 celeberrimum
1528 2066 1791 2132 poema,
1824 2041 2007 2132 quod
2043 2040 2421 2107 inscribitur
2444 2041 2642 2105 Scae·

506 2144 688 2225 chia,
741 2146 966 2210 Romae
1010 2146 1200 2234 1527,
1238 2160 1444 2212 exstat
1487 2161 1554 2210 et
1606 2146 1673 2211 in
1726 2168 1924 2233 opere
1974 2145 2081 2209 cui
2128 2145 2355 2208 titulus
2389 2142 2645 2208 Deliciae

509 2247 846 2311 Poetarum
879 2248 1222 2329 Italorum,
1272 2266 1318 2312 t.
1353 2248 1419 2312 11
1441 2296 1460 2329 ,
1522 2270 1667 2337 pag.
1702 2245 1891 2333 1187,
1938 2245 2091 2311 Julii
2125 2246 2382 2309 Ascanii
2410 2244 2644 2309 Tuccii

509 2349 874 2413 Cremensis
893 2349 1190 2413 Duellum
1205 2349 1644 2428 Scae-chorum,
1662 2348 2063 2437 poematium
2086 2346 2299 2436 lyricis
2321 2346 2641 2426 versibus,

511 2470 644 2511 non
689 2471 844 2514 vero
883 2450 1032 2513 satis
1079 2450 1374 2514 felicibus
1411 2466 1813 2516 contextum.
1860 2450 2056 2515 Hunc
2098 2471 2367 2537 quoque
2406 2446 2639 2512 ludum

505 2547 799 2613 versibus
831 2548 1089 2615 Gallicis
1125 2549 1519 2639 descripsere
1554 2552 1673 2615 viri
1708 2550 2039 2616 clarissimi
2084 2550 2323 2616 Cemtti
2348 2548 2651 2639 (Recueil

505 2648 584 2713 de
607 2647 987 2715 Litte'rature
1017 2675 1096 2715 en
1111 2675 1303 2741 prose
1334 2669 1396 2719 et
1427 2676 1507 2717 en
1540 2676 1681 2717 vers
1696 2700 1719 2734 ,
1752 2651 2045 2719 Glascow
2068 2668 2130 2717 et
2158 2653 2375 2732 Paris,
2404 2650 2643 2739 1784),

514 2766 578 2814 et
627 2750 878 2815 Roman
941 2752 1080 2838 (les
1119 2754 1182 2816 E
1183 2754 1356 2819 okeos
1369 2802 1390 2835 ‚
1431 2752 1658 2843 poema
1704 2778 1782 2818 en
1832 2766 2054 2843 quatre
2100 2753 2325 2817 chants
2337 2800 2359 2833 ,
2416 2752 2607 2816 Panis
2618 2800 2641 2834 ,

521 2852 683 2940 1807
701 2852 746 2940 ).
779 2852 907 2918 Sed
933 2872 1300 2927 noscuntur
1327 2857 1683 2945 praesertim
1715 2878 1938 2921 versus
1970 2856 2219 2943 aliquot
2241 2855 2527 2943 insignes
2562 2852 2644 2918 de

511 2952 669 3017 ludo
705 2954 1046 3019 Seacchico
1085 2956 1486 3021 celeberrimi
1518 2958 1839 3023 Nostratis
1874 2956 2132 3036 Delille,
2178 2954 2494 3020 I’Homme
2538 2955 2647 3019 des

519 3055 790 3145 Champs
809 3106 830 3138 ‚
876 3058 906 3120 Ι
927 3106 946 3140 ,
985 3081 1044 3122 v.
1079 3080 1200 3145 197
1236 3081 1416 3147 seqq.
1455 3060 1779 3122 Caeterum
1814 3059 2019 3122 multa
2052 3056 2135 3123 de
2167 3057 2415 3146 origine
2444 3055 2643 3136 hujus

427 3166 441 3181 ‘
511 3154 650 3220 ludi
678 3179 715 3219 a
750 3156 956 3221 doctis
987 3160 1138 3223 viris
1165 3159 1463 3249 indagata
1489 3176 1674 3235 sunt,
1705 3182 1917 3247 neque
1945 3175 2163 3223 tamen
2202 3156 2285 3223 ad
2317 3180 2467 3224 eum
2494 3180 2643 3221 om-

512 3258 671 3321 nino
697 3258 920 3323 referri
951 3277 1228 3349 possunt
1259 3285 1401 3350 quae
1433 3260 1517 3326 de
1542 3260 1919 3326 latrunculis
1941 3262 2387 3325 Romanorum
2414 3257 2644 3323 dicun-

513 3375 647 3441 tur,
681 3362 971 3448 quamvis
1000 3363 1202 3427 multa
1227 3362 1664 3427 similitudinis
1691 3361 1927 3427 indicia
1960 3362 2067 3427 hic
2098 3361 2345 3426 adferat
2366 3362 2641 3426 Werns-

511 3448 777 3525 dorfius.
824 3463 1094 3550 Hispani
1137 3480 1204 3527 et
1231 3466 1424 3553 Angli
1457 3480 1752 3529 accurate
1790 3464 1871 3528 de
1897 3464 2191 3529 Scacchis
2226 3477 2530 3554 egerunt,
2578 3478 2644 3527 et

509 3563 700 3653 primi
746 3563 1041 3626 omnium
1091 3581 1406 3653 praecepta
1451 3566 1681 3630 ludicri
1727 3566 1911 3631 istius
1952 3566 2105 3631 belli
2157 3568 2325 3655 typis
2376 3564 2640 3629 manda·

507 3681 758 3729 verunt.
812 3664 1286 3729 celeberrimus
1330 3665 1507 3754 apud
1562 3690 1681 3731 nos
1726 3666 1815 3730 -in
1869 3668 1993 3732 hac
2050 3666 2315 3731 scientia
2362 3666 2641 3731 habetur

509 3769 594 3837 A.
635 3767 711 3829 D.
750 3762 1054 3849 Philidon
1093 3767 1206 3855 qui
1243 3790 1417 3831 anno
1462 3772 1627 3855 1749
1674 3767 1915 3833 librum
1962 3767 2225 3857 prodire
2260 3768 2480 3847 jussit,
2532 3767 2639 3831 cui

511 3868 773 3932 titulus:
809 3868 1088 3956 Αηαζγεε
1119 3870 1226 3933 des
1249 3870 1507 3935 Echecs.
1549 3872 1623 3933 In
1660 3868 2007 3935 Germania
2038 3872 2135 3933 vir
2164 3868 2634 3950 nobilissimus,

508 3970 659 4033 Dux
687 3972 1180 4037 Brunovicensis
1201 4020 1220 4055 ‚
1256 3988 1539 4061 quatuor
1581 3989 1792 4037 tomos
1840 3975 2003 4037 Vom
2039 3972 2455 4038 Schuch-und
2482 3971 2636 4034 Κω-

507 4074 852 4160 mgs-Spiel
877 4072 1078 4138 edidit
1113 4074 1236 4139 sub
1270 4074 1537 4138 nomine
1572 4075 1835 4140 Gustav.
1872 4075 2103 4139 Seleni.
2142 4072 2262 4138 En.
