2975 4684
799 405 1386 494 EORUMQUE
1450 407 2093 479 FRAGMENTA.
2172 361 2175 364 ⁴
2366 405 2509 501 475

373 538 486 602 lib.
521 539 613 601 Vl
645 535 726 602 de
751 538 822 601 L.
852 539 924 600 L.
959 535 1240 625 denique
1274 537 1693 602 Grammatici
1720 538 2077 620 Charisius,
2117 535 2467 602 Diomedes
2489 587 2507 618 ,

375 643 669 725 Nonius,
705 643 1092 708 Priscianus.
1111 645 1300 708 Varie
1333 661 1549 710 tamen
1585 645 1722 725 ejus
1756 667 1996 708 nomen
2016 693 2033 726 ,
2066 642 2283 724 judice
2316 644 2512 708 Scali-

377 771 534 838 gero
553 798 570 830 ,
603 749 1026 839 depravatum
1057 749 1236 838 apud
1268 751 1741 815 Grammaticos
1772 751 2112 839 reperitur.
2141 748 2341 839 Apud
2372 750 2514 814 Ma-

275 849 297 862 *
379 857 682 922 crobium
699 857 998 939 Attilius,
1031 856 1206 946 apud
1239 859 1531 922 Nonium
1566 859 1833 922 Crassus
1852 906 1869 939 ,
1904 855 2077 947 apud
2112 857 2514 921 Priscianum

377 964 636 1029 Nimius
663 965 920 1030 Cassius
939 981 1006 1029 et
1032 967 1152 1030 Cn.
1181 965 1493 1046 Manlius,
1524 964 1698 1054 apud
1716 963 2099 1030 Diomedem
2122 965 2243 1038 Cn.
2268 963 2514 1027 Atticus

379 1069 540 1134 falso
575 1071 951 1160 appellatur.
991 1072 1091 1135 De
1123 1069 1348 1135 Crasso
1383 1069 1599 1135 adhuc
1641 1070 1937 1136 dubitem
1960 1119 1977 1152 ,
2017 1087 2243 1135 utrum
2284 1069 2515 1133 vitiose

379 1173 448 1240 id
467 1197 710 1240 nomen
737 1177 1022 1266 positum
1051 1201 1174 1266 pro
1202 1177 1404 1241 Matio
1422 1227 1440 1259 ,
1475 1201 1559 1241 an
1584 1199 1739 1242 vero
1768 1177 1967 1242 alium
1999 1175 2236 1242 Iliados
2260 1175 2515 1264 scriptae

377 1297 712 1346 auctorem
741 1282 1009 1348 indicet.
1045 1283 1276 1370 Neque
1308 1285 1482 1347 enim
1516 1285 1585 1347 in
1616 1306 1753 1347 uno
1782 1299 2037 1347 tantum
2068 1281 2269 1347 Nonii
2293 1303 2513 1345 exem-

381 1387 546 1476 plari
565 1388 830 1477 legitur,
851 1387 966 1452 sed
989 1387 1148 1452 etin
1167 1388 1529 1471 Prisciano,
1556 1388 1669 1454 lib.
1702 1390 1799 1453 IX
1814 1411 1917 1477 ,p.
1942 1388 2105 1469 866,
2124 1387 2240 1450 ubi
2261 1385 2513 1475 Msptus

379 1491 670 1556 Putschii
701 1492 906 1557 codex
928 1493 1209 1559 Ninnius
1241 1493 1500 1558 Crassus
1517 1494 1677 1584 legit
1704 1516 1827 1584 pro
1856 1516 1970 1573 eo,
1997 1492 2223 1581 quod
2206 1514 2345 1580 ipse
2366 1492 2519 1555 Put-

381 1597 601 1662 schius
624 1613 775 1662 ante
809 1621 960 1662 eum
980 1600 1346 1687 inspectum
1369 1599 1607 1681 edidit,
1642 1601 1890 1664 Nimius
1916 1599 2161 1664 Cassius
2182 1597 2298 1686 (1).
2323 1597 2517 1661 Hunc

383 1703 660 1769 Matium
711 1705 994 1792 Scaliger
1041 1705 1087 1778 l
1129 1727 1184 1768 c.
1227 1706 1320 1768 ait
1363 1707 1434 1770 C.
1487 1707 1757 1770 Caesaris
1799 1705 2263 1770 amicissimum
2294 1686 2519 1768 '1³uisse.

381 1810 460 1873 In
496 1832 632 1898 quo
657 1810 789 1874 falli
817 1833 1126 1900 magnum
1148 1810 1360 1874 virum
1387 1811 1687 1876 arbitror.
1726 1811 1893 1875 Nam
1934 1812 2055 1875 Cn.
2088 1791 2361 1874 Matium
2386 1808 2516 1873 Mi-

331 1901 336 1906 ⁶
383 1915 818 1980 miamborum
845 1933 910 1981 et
940 1913 1156 1980 Iliadis
1192 1917 1573 2006 scriptorem
1598 1917 2035 2003 antiquiorem
2056 1915 2317 1980 Caesaris
2336 1929 2519 1980 aetate

383 2021 580 2086 fuisse
608 2023 904 2086 existimo
926 2073 943 2101 ,
978 2023 1288 2110 quoniam
1313 2046 1350 2086 a
1378 2024 1673 2087 Varrone
1698 2023 1969 2106 citatur,
1993 2038 2058 2088 et
2074 2022 2337 2086 Caesaris
2364 2021 2524 2085 ami·

384 2150 498 2192 cus
529 2129 775 2218 ubique
799 2129 992 2194 Caius
1013 2129 1252 2194 Matius
1276 2128 1515 2194 dicitur
1530 2177 1549 2210 ,
1578 2152 1776 2217 quam
1800 2129 1889 2194 ob
1923 2152 2062 2193 rem
2086 2147 2151 2194 et
2170 2127 2517 2193 Torrentio

381 2232 463 2297 ad
486 2235 662 2300 Suet.
687 2235 810 2303 Jul.
845 2233 924 2300 52
955 2235 1452 2326 distinguendus
1471 2261 1509 2300 a
1533 2237 1739 2302 Cneio
1770 2235 2050 2301 videtur.
2097 2237 2159 2302 Is
2182 2237 2257 2300 C.
2279 2234 2519 2298 Matius

382 2339 575 2404 etiam
607 2341 674 2406 in
707 2342 1036 2407 Ciceronis
1070 2359 1136 2406 et
1166 2343 1450 2406 Trebatii
1481 2343 1909 2408 familiaritate
1942 2343 2123 2406 vixit.
2166 2341 2335 2406 Nam
2382 2339 2519 2418 ejus

385 2447 652 2535 epistola
709 2449 790 2512 ad
824 2448 1206 2514 Ciceronem
1263 2467 1329 2514 et
1385 2450 1717 2514 Ciceronis
1774 2449 1857 2514 ad
1904 2451 2179 2514 Matium
2235 2459 2520 2528 exstant,

384 2553 496 2618 lib.
523 2555 618 2618 IX
641 2555 842 2644 Epist.
871 2556 954 2620 ad
975 2557 1152 2620 Fam.
1177 2557 1277 2621 De
1297 2579 1378 2632 eo
1407 2557 1599 2621 etiam
1623 2558 1855 2621 Cicero
1874 2554 1957 2620 ad
1969 2555 2229 2619 Trebat.
2255 2553 2521 2632 lib.V11,

327 2722 334 2732 ,
391 2655 494 2740 ι5,
531 2673 596 2722 et
637 2653 719 2723 ad
753 2661 885 2724 Att.
918 2660 1051 2742 IX,
1095 2659 1170 2724 13
1205 2661 1353 2749 agit.
1394 2661 1478 2724 Et
1511 2660 1879 2725 communis
1908 2661 2090 2726 Matii
2137 2675 2203 2724 et
2233 2657 2519 2723 Trebatii

383 2765 654 2852 epistola
688 2765 771 2829 ad
797 2765 1181 2830 Ciceronem
1211 2767 1448 2858 scripta
1483 2767 1794 2831 inseritur
1816 2767 1928 2830 lib.
1953 2767 2049 2831 IX
2069 2764 2152 2830 ad
2175 2770 2310 2831 Att.
2332 2765 2517 2853 epist.

395 2892 492 2956 19.
547 2869 730 2935 Idem
770 2872 843 2935 C.
887 2871 1128 2936 Matius
1163 2895 1302 2936 esse
1331 2871 1593 2936 videtur
1624 2895 1820 2961 quem
1855 2871 1937 2936 de
1962 2873 2061 2936 Re
2089 2871 2323 2934 rustica
2358 2869 2518 2934 scri-

381 2975 584 3066 psisse
605 2977 982 3057 Columella,
995 2977 1108 3040 lib.
1129 2979 1281 3060 XII,
1296 3001 1354 3042 c.
1385 2982 1449 3059 4,
1479 2977 1697 3060 tradit,
1722 2999 2051 3065 quemque
2068 2977 2229 3042 falso
2244 2975 2519 3040 Cneium

386 3083 662 3148 Matium
699 3083 1003 3172 appellari
1034 3106 1072 3146 a
1101 3082 1354 3166 Plinio,
1400 3084 1513 3149 lib.
1565 3084 1829 3166 X11,c.
1882 3105 1951 3164 a,
1986 3098 2050 3146 et
2079 3105 2115 3146 a
2146 3081 2523 3161 Prisciano,

383 3189 496 3253 lib.
501 3188 622 3270 VI,
653 3212 718 3279 p.
742 3211 868 3277 722
884 3189 1147 3253 Putsch
1175 3189 1431 3312 opinor.
1455 3189 1623 3253 Nam
1646 3189 1893 3253 Plinius
1919 3131 2039 3257 Cn.
2056 3187 2261 3270 Matii,
2290 3187 2523 3276 equitis

383 3293 695 3380 Romani,
747 3295 1075 3378 meminit,
1133 3295 1244 3383 qui
1299 3295 1548 3384 primns
1607 3317 1871 3358 nemora
1931 3294 2181 3358 tonsilia
2241 3293 2525 3376 invenit,

384 3379 580 3488 quein
614 3344 778 3464 adeo
815 3401 997 3466 illum
1033 3401 1126 3464 rei
1156 3394 1411 3465 rusticae
1439 3399 1807 3466 studiosum
1845 3417 1909 3465 et
1936 3401 2313 3490 scriptorem
2346 3423 2522 3480 esse,

385 3505 522 3595 ipsa
543 3529 645 3572 res
667 3505 978 3591 declarat,
999 3524 1064 3571 et
1082 3508 1448 3573 Priscianus
1477 3508 1591 3573 l.c
1596 3508 1773 3573 .hoc
1798 3507 2236 3598 fragmentum
2258 3509 2378 3572 Cn.
2396 3508 2529 3572 Ma-

384 3613 456 3676 tii
475 3611 896 3703 (quamquam
907 3557 1016 3678 hic
1033 3614 1201 3688 facili
1213 3615 1398 3704 lapsu
1411 3615 1654 3688 librarii
1670 3615 1949 3679 Martius
1962 3615 2291 3702 scribitur)
2302 3615 2492 3678 affert
2510 3636 2525 3677 ε

387 3745 551 3786 meos
572 3723 855 3788 hortulos
871 3723 1024 3812 plus
1056 3740 1324 3789 ster-coro
1357 3748 1553 3814 quam
1580 3725 1783 3805 olem,
1817 3749 1961 3813 quoe
1987 3725 2179 3789 verba
2200 3747 2333 3789 non
2362 3724 2525 3788 alius
2590 3785 2602 3792 .

389 3831 717 3922 scriptoris
739 3880 757 3914 ,
796 3854 990 3920 quam
1013 3832 1132 3896 Rei
1168 3833 1450 3916 rusticae,
1489 3851 1665 3898 sunt.
1698 3835 1927 3922 Itaque
1960 3831 2135 3921 apud
2172 3847 2529 3919 utrumque

461 4115 536 4178 (1)
572 4109 812 4166 Fortasse
854 4111 1010 4166 etiam
1055 4115 1152 4167 sub
1199 4117 1384 4166 Ninnio
1424 4115 1507 4168 vel
1547 4117 1709 4166 Nimio
1746 4113 1940 4170 Licinii
1980 4131 2175 4172 nomen
2215 4113 2358 4173 latet.
2395 4113 2531 4169 Nam

389 4198 582 4254 Licinii
605 4201 782 4254 Crassi
809 4201 940 4254 noti.
