2975 4684
519 420 657 468 200
1217 385 1758 466 EXCURSUS
1819 397 1942 463 VI.

518 516 726 598 sium,
766 515 875 579 h'b.
926 538 1110 595 xxix,
1150 532 1215 581 et
1249 515 1522 604 Appian.
1551 517 1660 582 lib.
1693 517 1772 598 V,
1834 539 1898 604 p.
1929 539 2058 606 720
2097 538 2230 604 seq.
2259 515 2383 604 legi
2409 531 2646 603 potest.

520 613 709 680 Unde
725 615 930 704 figura
950 638 1046 698 ea,
1065 639 1210 704 quae
1232 618 1400 680 inter
1418 617 1647 682 fratres
1667 617 1916 682 Siculos
1941 617 2154 682 media
2175 633 2272 682 est
2285 665 2304 699 ,
2322 632 2389 681 et
2409 617 2643 705 pedem

515 740 723 808 prorae
754 718 931 782 navis
963 719 1272 808 imponit,
1302 719 1514 808 ipsum
1547 720 1932 809 Pompeium
1966 717 2308 809 significari
2341 719 2644 802 arbitror,

517 819 699 908 quod
725 821 779 884 is
806 821 976 886 bello
1006 822 1209 886 navali
1244 823 1518 886 maxime
1547 837 1794 910 patrem
1823 822 1998 886 ultus
2027 837 2125 885 est
2143 867 2161 900 ,
2191 843 2402 908 eoque
2433 818 2608 884 bello
2624 869 2642 902 ,

515 943 724 1009 quum
752 921 1165 1003 Messanam,-
1190 923 1397 1012 Mylas
1442 940 1510 988 et
1555 923 1966 987 Natssochum
1981 969 2002 1002 ‚
2031 943 2425 1009 omnemque
2461 943 2644 985 oram

518 1025 905 1090 maritimam
932 1025 1243 1114 praesidiis
1273 1042 1542 1107 teneret,
1562 1024 1757 1089 AEtna
1783 1023 2150 1088 immaniter
2177 1023 2454 1114 fremere
2479 1023 2646 1087 inci·

518 1124 726 1212 piens,
758 1143 825 1191 et
852 1127 1149 1217 regiones
1179 1129 1371 1192 simul
1406 1143 1568 1192 aestu
1595 1125 1955 1216 flagrantes,
1983 1125 2186 1213 copiis
2212 1125 2485 1214 Augusti
2513 1140 2646 1189 ter·-

518 1227 650 1289 rori
692 1243 758 1290 et
794 1227 1081 1317 periculo
1122 1228 1413 1310 fuerant,
1442 1243 1519 1292 ut
1541 1228 1872 1318 Appianus
1901 1229 2097 1292 refert
2125 1227 2237 1290 lib.
2273 1227 2382 1291 cit.
2411 1226 2648 1315 Neque

517 1329 691 1391 enim
710 1327 1033 1394 adsentire
1050 1329 1126 1393 iis
1153 1330 1612 1417 interpretibus
1633 1351 2056 1393 nummorum
2075 1350 2365 1417 possum,
2385 1329 2497 1415 qui
2521 1326 2648 1391 sub

516 1450 589 1490 ea
616 1427 819 1517 figura
842 1431 1223 1518 Neptunum
1248 1431 1656 1521 intelligunt,
1683 1452 1966 1519 eumque
1992 1430 2281 1494 medium
2306 1429 2477 1494 inter
2501 1430 2647 1518 pios

520 1530 747 1594 fratres
771 1532 1059 1619 positum
1086 1531 1487 1614 existimant,
1532 1531 1714 1620 quod
1739 1532 1786 1594 ii
1811 1532 2101 1619 Neptuni
2129 1531 2387 1595 monitu
2411 1552 2647 1618 paren-

517 1646 611 1696 tes
640 1631 905 1698 AEtnaeis
944 1633 1262 1698 incendiis
1306 1633 1683 1720 eripuerint.
1716 1633 1902 1698 Falso
1946 1633 2120 1696 enim
2161 1647 2394 1720 putant
2437 1631 2568 1694 hoc
2609 1653 2650 1694 a

516 1733 833 1798 Strabone
876 1735 1232 1824 perhiberi,
1265 1734 1379 1822 qui
1414 1734 1581 1798 libro
1609 1733 1698 1798 VI
1717 1781 1734 1816 ‚
1763 1759 1826 1824 p.
1863 1734 2012 1819 269,
2041 1749 2192 1822 post
2223 1747 2648 1797 memoratam

510 1835 934 1924 Amphinomi
972 1853 1037 1901 et
1060 1837 1321 1925 Anapiae
1362 1823 1702 1923 pieta'tem,
1737 1837 1949 1924 pergit
1967 1883 1985 1917 ,
2015 1834 2231 1900 AEtnae
2269 1831 2648 1897 incendium

516 1951 582 1998 et
606 1936 983 2016 ejectionem
1008 1938 1233 2002 favinae
1259 1938 1636 2028 contingere
1652 1985 1669 2018 ,
1699 1935 1963 2025 quando
1990 1937 2076 1999 ita
2102 1936 2411 2021 Neptuno
2433 1933 2651 1998 videa-

514 2051 645 2119 tur,
664 2047 784 2101 ὅταν
808 2055 881 2120 τῷ
901 2045 1174 2102 Ποσειδῶνι
1202 2049 1450 2118 φαίνηται.
1474 2039 1630 2118 Quo
1651 2059 1827 2118 sane,
1853 2036 1906 2099 si
1927 2036 2067 2123 ipse
2091 2036 2270 2100 locus
2293 2057 2489 2100 Sanus
2511 2050 2647 2116 est,

514 2138 677 2203 nihil
707 2138 883 2202 aliud
913 2138 1109 2202 tradit
1136 2138 1402 2220 Strabo,
1428 2159 1628 2225 quam
1655 2152 2030 2223 tempestate
2059 2137 2252 2200 maris
2273 2185 2291 2218 ‚
2321 2152 2388 2200 et
2417 2135 2650 2224 spiritu

514 2263 631 2327 per
650 2263 949 2304 cavernas
968 2227 1416 2304 subterraneas
1434 2238 1692 2327 agitato,
1713 2239 1894 2327 ignes
1913 2237 2125 2302 AEtnae
2145 2236 2430 2303 accendi.
2449 2241 2650 2302 Recte

518 2341 707 2405 etiam
736 2340 1135 2405 existimatur
1160 2339 1639 2427 Amphinomus
1673 2355 1921 2428 patrem
1954 2339 2170 2404 ferens
2199 2362 2540 2404 occurrere
2577 2341 2648 2403 in

518 2463 792 2504 nummo
818 2440 1027 2529 gentis
1056 2439 1419 2521 Herenniae‚
1454 2438 1632 2503 edito
1665 2439 1747 2502 ab
1777 2441 2040 2523 Ursino,
2073 2464 2138 2529 p.
2176 2464 2298 2506 120
2321 2457 2386 2505 et
2411 2463 2557 2522 121,
2583 2458 2652 2506 et

522 2543 593 2604 V
586 2541 823 2605 aillant
832 2590 854 2622 ,
890 2541 941 2604 F
943 2541 1111 2605 amil.
1142 2543 1335 2605 Rom.
1358 2540 1484 2604 vol.
1514 2541 1567 2623 1,
1591 2541 1720 2606 tab.
1738 2541 1974 2623 LXIX,
2001 2557 2068 2605 et
2093 2541 2324 2630 p.485.
2355 2543 2432 2605 In
2460 2541 2650 2622 cujus

515 2659 695 2732 parte
720 2641 1040 2706 anteriore
1062 2657 1159 2705 est
1178 2640 1527 2730 epigraphe
1548 2640 1844 2706 PIETAS
1866 2665 2016 2726 cum
2039 2645 2248 2732 capite
2271 2642 2554 2725 Pietatis,
2577 2642 2648 2706 in

406 2831 409 2834 ἡ
512 2744 873 2832 posteriore
900 2741 991 2806 M.
1021 2743 1445 2824 HERENNI,
1478 2759 1546 2808 et
1589 2742 1789 2808 homo
1832 2747 2156 2809 concitato
2201 2744 2404 2834 gradu
2445 2745 2650 2809 alium

513 2846 804 2910 humeris
817 2844 1205 2910 insidentem
1216 2845 1449 2910 ferens.
1472 2845 1960 2928 QuemUrsinus
1979 2846 2110 2911 hoc
2125 2868 2396 2911 nummo
2409 2847 2648 2935 signari

514 2949 768 3038 putavit
786 2946 1023 3012 AEneas
1043 2969 1194 3011 cum
1213 2946 1489 3010 Anchise
1507 2962 1688 3034 patre
1708 2996 1726 3029 ‚
1747 2947 1862 3034 qui
1884 2947 2033 3011 alias
2059 2947 2360 3034 frequens
2387 2947 2649 3012 Pietatis

514 3049 885 3139 symbolum
917 3048 1092 3137 apud
1125 3049 1453 3112 Romanos
1498 3063 1624 3128 est,
1661 3051 1822 3113 solet
1864 3049 2082 3137 paullo
2109 3049 2291 3113 aliter
2317 3047 2506 3139 fingi,
2534 3065 2650 3113 aut

520 3149 875 3214 Palladium
923 3166 1149 3213 tenens
1172 3199 1187 3226 ,
1235 3165 1349 3212 aut
1374 3149 1699 3214 Anchisen
1744 3152 1915 3214 Deos
1960 3150 2232 3216 Penates
2275 3167 2604 3241 gerentem
2630 3199 2651 3231 ,

520 3267 635 3316 aut
676 3251 980 3315 comitem
1029 3251 1250 3315 Iulum
1294 3250 1570 3333 habens3
1615 3252 1980 3316 Herennius
2025 3269 2243 3318 autem
2267 3301 2284 3334 ,
2319 3253 2432 3340 qui
2477 3253 2650 3317 forte

523 3355 873 3418 Praeturam
898 3351 1123 3415 Siciliae
1147 3350 1435 3441 gerebat,
1457 3351 1830 3441 symbolum
1853 3352 2110 3417 Pietatis
2126 3401 2145 3436 ‚
2169 3351 2348 3440 quod
2373 3353 2653 3418 Sicilien-

522 3475 621 3518 ses
647 3451 975 3516 babebant
993 3501 1011 3534 ,
1050 3452 1562 3541 Atnphinomum
1605 3476 1876 3517 nummo
1919 3477 2041 3518 suo
2068 3455 2350 3543 imprimi
2379 3455 2647 3519 curavit.

523 3553 823 3620 Pluribus
842 3553 969 3617 hoc
987 3553 1226 3618 evincit
1243 3555 1313 3618 P.
1331 3556 1740 3620 Burmannus
1759 3554 1840 3618 ad
1859 3556 1920 3620 N
1924 3556 2181 3621 umism.
2203 3555 2326 3620 Sic.
2351 3577 2494 3644 pag.
2521 3554 2560 3620 3
2573 3577 2654 3640 19

522 3676 655 3740 seq.
685 3653 767 3718 Et
793 3655 929 3718 haec
955 3653 1035 3718 de
1060 3655 1363 3720 fratribus
1390 3657 1855 3721 Catanensibus
1881 3656 2220 3723 sufficiant.
