2975 4684
746 412 1201 481 EP1TOME
1264 412 1688 481 ILIADOS
1754 414 2184 485 HOMERI.
2399 411 2532 511 597

487 534 728 604 Infelix
771 536 1030 630 portis:
1076 536 1697 628 sequitur'Nereius
1741 538 1958 606 heros.

583 651 664 716 In
706 648 957 715 somnis
997 644 1241 732 veluti,
1275 672 1486 740 quum
1532 662 1805 742 pectora
1851 648 2087 715 terruit
2129 648 2265 730 ira,

488 759 617 827 Hic
649 782 850 827 cursu
885 782 1085 851 super
1122 758 1517 851 insequitur,
1561 756 1791 853 fugere
1837 756 1945 827 ille
1982 758 2269 845 videtur‚
2456 788 2537 837 ⁹4⁵

491 868 966 962 Festinantque
1000 866 1232 953 amb03
1269 892 1565 962 gressum
1609 866 1800 937 labor
1838 868 1979 964 ipse
2015 886 2335 939 moratur.

493 981 782 1051 Alternis
817 996 1127 1077 poterant
1162 982 1468 1073 insistere
1510 1000 1725 1077 coepta
1774 983 2073 1077 pericliS‚

489 1096 628 1163 Nec
667 1096 926 1187 requies
962 1093 1222 1179 aderat,
1260 1077 1462 1160 tinior
1500 1092 1798 1187 undique
1833 1095 2125 1165 concitat
2158 1096 2311 1165 iraS.

391 1318 624 1371 timuisse
675 1330 956 1390 conspecto
1004 1319 1208 1375 Achille
1257 1318 1420 1373 armis

391 1398 624 1469 fulgente
643 1436 660 1462 ,
683 1399 846 1452 refert
871 1399 1028 1453 Hom.
1056 1400 1242 1467 XXII,
1267 1400 1380 1455 136.

463 1479 588 1546 943.
621 1481 847 1546 Sequitur
873 1482 1079 1530 Nereius
1103 1484 1244 1533 heros
1281 1481 1348 1531 H.
1369 1493 1418 1533 et

389 1556 455 1609 G.
483 1577 528 1609 2.
555 1558 748 1610 Excusi
770 1558 970 1612 habent
999 1564 1293 1614 Thetideius.
1329 1562 1420 1613 In·

391 1636 475 1689 fra
492 1675 511 1700 ‚
537 1656 588 1689 v.
613 1640 718 1705 980
735 1674 752 1701 ,
789 1637 932 1693 idem
949 1640 1172 1697 Nereius
1189 1640 1418 1695 dicitur:

390 1728 442 1769 et
458 1715 692 1783 Saleius,
721 1718 900 1771 Carm.
919 1720 974 1771 in
998 1720 1098 1775 Pis.
1123 1740 1174 1774 v.
1202 1726 1330 1786 164,
1358 1740 1422 1774 eo

391 1797 611 1849 nomine
649 1797 829 1850 utitur.
874 1800 938 1852 In
973 1798 1038 1852 G.
1070 1818 1092 1852 1
1123 1800 1212 1853 hic
1238 1819 1423 1853 versus

390 1894 570 1929 erasus
609 1889 661 1929 et
699 1874 900 1933 deletus
943 1890 1022 1933 est
1037 1917 1056 1943 ,
1095 1898 1282 1933 caussa
1311 1890 1424 1934 ‘non

391 1957 698 2029 adpetente.

462 2045 587 2105 944.
635 2043 883 2092 Insomm's
931 2052 982 2093 et
1025 2042 1224 2092 insolita
1273 2049 1420 2091 notat

389 2118 455 2170 G.
483 2138 528 2170 ι.
564 2117 662 2171 Hic
687 2138 869 2174 versus
893 2119 1074 2184 aliter,
1097 2138 1159 2172 ac
1181 2118 1302 2173 edd.
1321 2118 1419 2171 ha·

391 2198 538 2263 bent,
561 2198 966 2269 distinguendus
985 2212 1037 2253 et
1054 2218 1176 2251 cum
1195 2218 1418 2271 sequen-

391 2278 530 2331 tibus
582 2277 1024 2352 conjungendus,
1067 2280 1420 2351 comparatio-

393 2376 512 2411 nem
558 2360 825 2423 eontinet,
859 2361 926 2412 ab
963 2360 1228 2423 Homero,
1264 2359 1416 2414 iliad.

389 2438 576 2505 xxll,
618 2456 718 2508 199
741 2458 886 2511 seqq.
912 2452 966 2492 et
990 2439 1217 2511 Virgilio
1236 2481 1250 2506 ,
1295 2443 1413 2492 AEn.

389 2518 493 2570 ΧΠ
514 2560 530 2583 ,
557 2520 696 2588 908,
731 2533 1044 2591 usurpatam
1063 2561 1078 2585 ,
1111 2538 1237 2574 cum
1277 2538 1415 2573 som-

389 2597 687 2665 niantibus,
721 2598 814 2671 qui
853 2599 950 2651 sibi
989 2598 1238 2653 videntur
1281 2600 1414 2653 alte·

362 2696 508 2735 ,rum
555 2677 822 2732 currendo
867 2680 952 2733 vel
1003 2682 1293 2753 consequi,
1335 2680 1416 2733 vel

387 2756 570 2827 fugere
584 2794 600 2820 ,
628 2775 726 2810 nec
749 2771 929 2811 tamen
957 2778 1148 2831 sopore
1173 2762 1336 2830 pressi
1364 2773 1416 2813 et

384 2836 626 2907 languidi
637 2836 932 2909 quidquam
951 2838 1416 2911 proficiunt.Vide-

385 2927 474 2969 tur
501 2916 694 2969 Noster
723 2918 998 2991 utriusque
1025 2918 1200 2971 locum
1238 2938 1415 2992 respe-

385 2996 560 3061 xisse,
603 3007 657 3049 et
695 2998 884 3067 partim
925 2998 1120 3051 imitari
1153 2999 1410 3065 voluisse,

387 3074 481 3127 sed
508 3094 616 3127 non
642 3074 970 3147 adsequutus
997 3090 1094 3130 est.

457 3154 576 3223 945.
595 3154 730 3207 Edd.
749 3156 934 3226 legunt
959 3160 1052 3209 Hic
1079 3176 1242 3207 mnus
1271 3178 1416 3225 super

385 3238 674 3303 insequitur.
699 3235 946 3289 Barthim
968 3236 1003 3287 l.
1029 3256 1073 3289 c.
1103 3248 1247 3289 recte
1277 3236 1412 3289 vidit

383 3313 666 3383 legendum
691 3332 804 3367 esse
822 3318 914 3366 Hic
931 3336 1074 3367 eursu
1085 3338 1109 3377 ;
1127 3314 1220 3368 sed
1235 3314 1412 3369 adhuc

385 3393 700 3448 mendosum
721 3394 935 3449 videtur
953 3416 1100 3464 supet·
1127 3399 1408 3465 insequitur.

382 3475 553 3546 Igitur
577 3474 700 3546 lego
725 3493 848 3527 cum
877 3474 1094 3529 Helmst.
1137 3479 1228 3527 Hie
1261 3496 1404 3526 cursu

381 3576 600 3623 superum
636 3559 882 3624 sequitur,
923 3558 1006 3609 vel
1031 3558 1318 3625 insequitur,
1353 3568 1406 3609 et

341 3643 352 3654 '
381 3654 606 3702 superum
634 3633 874 3705 intelligo
902 3634 972 3687 de
995 3655 1060 3689 eo
1075 3673 1091 3699 ,
1131 3636 1222 3707 qui
1261 3636 1406 3705 prior

381 3727 435 3767 et
456 3734 618 3769 cursu
637 3716 877 3787 superior
894 3729 993 3778 est,
1012 3716 1211 3788 quique
1217 3718 1405 3785 fugere

379 3797 592 3849 videtur.

449 3878 570 3940 946.
603 3880 828 3927 Gressum
866 3878 1009 3927 labor
1037 3878 1142 3943 ipse
1169 3890 1401 3927 moratur.

377 3954 465 4007 Sic
491 3954 835 4007 scribendum
853 3954 1099 4007 Barthius
1116 3954 1156 4006 l.
1179 3974 1222 4007 c.
1250 3954 1404 4007 docet

377 4045 432 4086 et
452 4031 612 4086 codd.
638 4034 707 4087 H.
725 4048 778 4088 et
792 4034 856 4087 G.
879 4052 899 4087 1
921 4033 1221 4099 ostendunt,
1238 4053 1404 4106 quum

376 4112 602 4183 vulgatae
633 4112 860 4165 habeant
888 4117 1030 4165 labor
1053 4116 1163 4175 ille,
1207 4126 1258 4167 et
1285 4114 1350 4166 G.
1375 4134 1402 4166 α

378 4211 656 4266 perperam
689 4212 864 4262 gressu
895 4196 1037 4246 labor
1063 4196 1148 4247 ille
1181 4208 1404 4249 movetur.

1508 1317 1733 1373 videtur
1770 1332 1957 1374 auctor
1993 1321 2284 1394 exprimere
2314 1324 2539 1383 voluisse

1469 1472 1472 1477 Ι
1509 1402 1824 1454 sententiam
1846 1402 2085 1456 Maronis,
2109 1401 2165 1453 in
2185 1400 2370 1455 eadem
2398 1422 2538 1457 com-

1509 1481 1780 1551 paratione
1794 1522 1810 1547 ‚
1830 1480 2041 1535 AEneid.
2066 1482 2175 1533 x11
2190 1523 2206 1551 ,
2224 1500 2327 1552 9⁰9
2349 1502 2361 1535 :
2395 1510 2419 1528 u
2442 1502 2536 1537 ne-

1509 1560 1803 1633 quidquam
1830 1559 2017 1616 avidos
2038 1561 2321 1616 extendere
2352 1582 2539 1617 cursus

1510 1640 1663 1695 Velle
1689 1639 1949 1707 videmur,
1968 1656 2020 1695 et
2048 1642 2107 1694 in
2132 1641 2321 1697 mediis
2343 1644 2538 1697 conati·

1511 1720 1611 1773 bus
1631 1720 1757 1793 agri
1776 1720 2107 1775 succidimus
2128 1747 2174 1773 υ.

1582 1808 1702 1871 947.
1762 1806 1979 1854 Alternis
2030 1815 2263 1869 poterant
2318 1806 2539 1857 insistere

1510 1895 1687 1947 empta.
1714 1879 1803 1934 Sic
1838 1880 2093 1951 scriptum
2123 1892 2203 1934 est
2238 1880 2293 1933 in
2330 1880 2449 1935 edd.
2490 1895 2542 1937 et

1510 1957 1629 2015 Gur.
1648 1959 1837 2013 Caeteri
1868 1958 2053 2031 paullo
2086 1971 2308 2014 mutant.
2322 1965 2535 2015 Alterius
2644 2007 2667 2029 ,

1511 2036 1577 2089 Η.
1588 2038 1719 2091 etG.
1738 2059 1788 2093 2.
1805 2042 2021 2091 Alternis
2032 2054 2270 2108 poterant
2292 2044 2540 2095 eet-sistere

1511 2118 1575 2170 A.
1596 2128 1649 2171 et
1668 2118 1728 2171 L.
1760 2122 1998 2172 Insiseem
2030 2133 2189 2187 σῶμα
2214 2118 2305 2172 hic
2333 2121 2537 2192 signifi-

1508 2210 1593 2251 cat
1626 2199 1803 2269 fugam
1826 2194 2105 2271 persequi,
2135 2200 2335 2253 instare
2350 2220 2536 2267 cursu,

1508 2290 1567 2330 ut
1588 2276 1654 2328 V
1639 2295 1736 2349 lrg.
1762 2282 1901 2330 viam
1927 2282 2149 2331 insinere
2171 2277 2309 2332 dixit
2333 2280 2531 2354 Georg.

1507 2358 1943 2422 111,164.Tum
1970 2376 2105 2411 vero
2134 2382 2189 2414 το
2214 2373 2451 2426 poterant
2482 2374 2535 2415 et

1506 2456 1661 2490 versu
1690 2455 1798 2507 seq.
1827 2442 2007 2489 aderas
2034 2438 2255 2490 minime
2282 2442 2535 2494 convenit

1502 2517 1623 2570 loco
1641 2554 1657 2579 ‚
1685 2528 1767 2580 et,
1796 2518 1840 2569 si
1866 2516 2001 2587 quid
2026 2515 2219 2583 video,
2250 2518 2534 2589 legendum

1504 2608 1583 2649 est
1606 2599 1821 2647 Alternis
1838 2610 2116 2665 properant
2132 2600 2356 2649 insistere
2376 2612 2531 2667 eoepta

1494 2678 1695 2743 periclis
1708 2715 1723 2738 ‚
1740 2676 1793 2728 h.
1810 2694 1855 2728 e.
1874 2687 2161 2747 properant
2178 2688 2403 2748 uterque
2418 2696 2533 2749 per·

1502 2754 1655 2826 sequi
1671 2792 1689 2818 ,
1728 2773 1888 2826 quern
1933 2767 2206 2827 ceperunt
2223 2794 2238 2818 ,
2278 2774 2489 2810 cursum
2512 2800 2527 2824 ‚

1502 2834 1716 2887 alternis
1734 2833 1981 2903 periculis
1995 2873 2010 2898 ,
2030 2832 2193 2886 modo
2214 2832 2321 2888 hoc
2333 2875 2349 2901 ,
2370 2836 2530 2889 inodo

1502 2914 1596 2967 illo
1623 2914 1981 2985 periclitante,
2008 2926 2097 2966 eut
2127 2912 2424 2985 periculum
2452 2916 2529 2969 al-

1502 2993 1665 3047 terius
1692 3003 1958 3065 sperante.

1572 3075 1695 3143 948.
1717 3078 1823 3124 Nec
1840 3074 2033 3139 requies
2052 3078 2254 3135 aderat,
2269 3074 2425 3142 furor
2440 3096 2531 3127 un-

1500 3158 1649 3221 dique
1668 3154 1885 3204 eoncitat
1900 3156 2021 3203 iras.
2042 3152 2129 3205 Sic
2149 3154 2277 3225 legit
2296 3152 2377 3205 ed.
2399 3154 2526 3209 Tor.

1473 3214 2107 3298 'Sedce'enorundiquefl.
2131 3231 2195 3284 G.
2226 3251 2272 3284 ι.
2298 3233 2523 3285 A.et1..

1500 3310 1647 3384 quod
1679 3315 1875 3364 rectius
1910 3322 2003 3363 est.
2039 3312 2243 3383 Nempe
2272 3312 2401 3365 dum
2431 3313 2525 3366 he-

1500 3410 1614 3445 roes
1640 3392 1853 3463 utrique
1874 3390 2082 3455 timent,
2112 3410 2179 3445 ne
2204 3392 2338 3446 alter
2358 3394 2427 3445 ab
2454 3396 2530 3448 al-

1493 3485 1609 3525 tero
1628 3470 2037 3542 superetu1,hie
2056 3472 2217 3524 timor
2232 3454 2289 3524 in
2310 3472 2373 3526 iis
2390 3472 2523 3527 iram

1493 3552 1635 3605 acuit
1656 3562 1707 3604 et
1732 3550 2127 3603 contentionem
2146 3564 2319 3623 auget.
2344 3554 2523 3606 Guels.

1499 3652 1526 3685 2
1564 3632 1765 3703 profert
1804 3632 2017 3699 concipit
2050 3634 2154 3682 iras
2164 3670 2181 3693 ‚
2234 3631 2377 3701 quod
2414 3651 2521 3684 non

1495 3712 1673 3782 magni
1706 3711 1861 3765 facio.
1906 3712 1971 3763 ln
2014 3710 2189 3781 priore
2230 3723 2413 3763 autem
2442 3712 2527 3766 he·

1496 3791 1760 3845 mistichio
1796 3788 2081 3862 legendum
2112 3803 2240 3861 puto
2260 3818 2285 3836 ιι
2303 3790 2415 3843 Nec
2441 3811 2523 3845 re-

1494 3872 1647 3943 quies
1672 3870 1850 3937 datur,
1869 3884 1923 3921 et
1944 3870 2103 3923 timor
2130 3868 2371 3942 undique
2397 3890 2519 3924 con-

1493 3952 1620 4005 citat
1664 3952 1767 4004 iras
1794 3976 1836 4003 n.
1902 3950 1969 4001 Et
2022 3949 2242 4003 fortasse
2296 3952 2521 4022 respexit

1496 4034 1685 4087 Noster
1730 4032 1911 4102 fugam
1960 4030 2241 4100 Daphnes,
2279 4031 2521 4102 Apolline

1494 4122 1864 4185 persequente,
1884 4110 1952 4163 ab
1964 4108 2163 4162 Ovidio
2182 4108 2521 4182 descriptam,

1494 4192 1710 4245 Metam.
1732 4190 1759 4243 1
1774 4230 1791 4256 ,
1832 4189 1964 4257 539:
1996 4213 2018 4235 ι
2040 4188 2127 4244 Sic
2146 4188 2288 4242 Deus
2306 4200 2359 4243 et
2376 4189 2523 4262 virgo
