2975 4684
471 407 744 427 ΆΊ-ΌΜΜ
753 403 1763 428 ΜΜΜΜΜΜΜἉΜΜ
1770 407 2135 428 mmm
2141 407 2607 428 mmmm

909 709 1919 834 EXCURSUS
2033 714 2173 831 ΙΙ

700 989 834 1056 ΑΙ)
893 987 1358 1057 LICENTII
1420 985 1881 1072 CARMEN,
1932 1007 2033 1054 vs.
2083 981 2175 1069 45
2228 1009 2377 1080 seq.

753 1413 818 1467 Et
850 1431 1017 1487 quum
1056 1411 1306 1464 luciferos
1340 1408 1631 1482 pracordia
1666 1427 1850 1481 vesper
1884 1409 1939 1462 in
1975 1421 2121 1463 ortus

753 1497 1054 1560 Distulerit,
1074 1509 1422 1566 sanctumque
1443 1513 1604 1566 super
1628 1491 1960 1547 benedixeris
1986 1494 2159 1567 ignem
2177 1531 2191 1558 ‚

753 1581 834 1635 Sis
862 1598 1068 1634 memor
1097 1580 1209 1651 ipse
1231 1578 1348 1632 mei.

557 1769 652 1832 An
689 1767 826 1832 haec
857 1764 1050 1829 verba
1085 1764 1176 1828 sic
1209 1777 1687 1828 commentatur
1725 1763 1910 1851 Casp.
1948 1763 2245 1827 Bai-thius
2266 1811 2285 1843 ‚
2327 1762 2595 1829 Advers.

467 1871 576 1935 lib.
596 1871 784 1934 XVII
801 1918 819 1952 ,
839 1891 896 1932 c.
923 1891 948 1931 1
961 1867 1031 1931 8:
1053 1899 1078 1923 ιι
1091 1864 1273 1930 Nihil
1293 1863 1468 1929 aliud
1483 1863 1587 1928 his
1604 1864 1817 1928 verbis
1836 1886 1873 1927 a
1890 1865 2290 1928 sanctissimo
2308 1865 2599 1930 antistite

467 1973 903 2036 nobilissimus
931 1969 1257 2034 Licentius
1288 1967 1452 2054 petit
1469 2013 1487 2046 ‚
1518 1987 1713 2052 quam
1742 1981 1819 2029 ut
1845 1966 1914 2030 in
1942 1967 2243 2053 precibus
2268 1966 2350 2030 ad
2377 1967 2593 2032 Deum

466 2075 982 2162 omnipotentem
999 2119 1017 2153 ,
1051 2093 1168 2158 per
1191 2083 1406 2132 totum
1429 2065 1604 2131 diem
1632 2067 1714 2132 ab
1743 2091 1974 2133 aurora
1996 2067 2079 2132 ad
2101 2070 2591 2160 vesperuginem

463 2176 891 2254 continuatis,
915 2173 1018 2237 sui
1047 2171 1408 2235 meminens
1439 2191 1578 2233 esse
1602 2169 1776 2234 velit.
1813 2169 2033 2252 Quare
2062 2171 2395 2258 vulgatum
2428 2171 2593 2234 illud

448 2277 812 2365 pne-cordia
844 2275 1052 2338 nutrit
1086 2293 1369 2336 errorem
1411 2269 1791 2358 insipidum.
1828 2271 2131 2334 Emacula
2168 2274 2371 2358 precis
2413 2273 2591 2357 orgia

460 2401 682 2465 ‘vesper
731 2379 797 2439 in
847 2386 1018 2439 onus
1055 2397 1078 2436 .·
1139 2371 1391 2460 poetica
1449 2371 1765 2469 elegantia
1819 2373 2005 2459 orgia
2077 2372 2409 2436 solennem
2466 2373 2587 2437 Dei

462 2476 929 2565 omnipotentis
967 2474 1218 2538 cultum
1258 2471 1555 2560 appellat.
1616 2471 1829 2537 Possit
1864 2488 1931 2537 et
1967 2472 2149 2538 ordia
2184 2473 2399 2539 dicere
2416 2524 2435 2556 ‚
2472 2475 2587 2539 sed

462 2579 620 2643 illud
651 2577 839 2641 nobis
865 2575 1066 2663 magis
1099 2573 1400 2638 arridet».
1428 2572 1559 2638 Sed
1594 2573 1780 2638 abeat
1814 2575 2111 2640 Bar-thius
2135 2599 2287 2640 cum
2320 2578 2453 2642 suis
2480 2601 2587 2641 or-

453 2689 609 2774 giis,
643 2705 839 2773 quam
863 2703 1088 2746 vocem
1133 2679 1215 2744 de
1259 2678 1442 2743 cultu
1481 2700 1665 2745 sacro
1709 2695 1775 2743 et
1820 2680 2120 2768 precibus
2156 2683 2433 2770 publicis
2452 2731 2470 2764 ‚
2505 2683 2587 2748 de

460 2787 698 2876 quibus
732 2784 840 2848 hic
869 2805 1081 2846 sermo
1115 2795 1246 2858 est,
1269 2801 1609 2869 nunquam
1648 2782 1981 2869 usurpavit
2012 2783 2275 2846 ecclesia
2294 2832 2314 2865 ‚
2342 2807 2379 2847 a
2400 2807 2589 2848 vom·

458 2889 628 2954 bulis
681 2886 950 2976 profana
1005 2882 1341 2974 gentilium
1393 2904 1571 2946 sacra
1620 2881 2063 2947 redolentibus
2116 2885 2585 2952 studiosissime

457 2992 807 3056 abstinens.
845 2987 1077 3074 Neque
1105 2982 1329 3066 video,
1364 2983 1703 3071 quomodo
1746 2984 2045 3050 Barthius
2087 2987 2357 3051 Licentii
2390 2989 2581 3054 verba

457 3095 522 3158 E
523 3110 552 3157 t
580 3115 774 3182 quum
819 3087 1104 3176 lucfiros
1132 3136 1146 3151 .
1176 3135 1191 3148 .
1219 3134 1236 3150 .
1265 3084 1591 3151 Distulerit
1610 3086 2019 3174 interpretari
2048 3087 2131 3152 de
2162 3089 2463 3177 precibus
2500 3091 2583 3156 ad

410 3204 418 3212 “
459 3197 670 3260 Deum
714 3215 830 3282 per
865 3207 1080 3256 totum
1113 3187 1285 3253 diem
1321 3189 1404 3252 ab
1443 3210 1677 3252 aurora
1712 3187 1795 3252 ad
1828 3190 2319 3278 vesperuginem
2364 3194 2581 3258 conti·

455 3297 670 3362 nuatis
705 3293 926 3382 possit.
971 3292 1308 3378 Nusquam
1351 3290 1525 3353 enim
1558 3305 1722 3377 puto
1767 3291 1835 3352 in
1870 3291 2135 3354 ecclesia
2178 3293 2417 3368 veteri,
2460 3315 2583 3358 nec

452 3400 574 3464 nisi
625 3393 1038 3462 sanctissimis
1085 3390 1478 3480 quibusdam
1522 3389 1752 3455 diebus
1773 3439 1792 3472 ,
1820 3407 1896 3454 ut
1927 3391 1995 3454 in
2032 3391 2577 3482 Quadragesima,

449 3523 670 3593 preces
706 3497 994 3587 publicas
1034 3494 1122 3557 ita
1165 3494 1247 3558 ab
1279 3515 1511 3558 aurora
1546 3491 1627 3556 ad
1654 3515 1982 3581 vesperam
2026 3494 2432 3560 continuatas
2448 3545 2467 3577 ,
2498 3515 2581 3562 ut

449 3599 792 3671 Christiani
832 3620 948 3685 per
978 3611 1190 3660 totum
1224 3593 1394 3659 diem
1432 3595 1591 3658 nulli
1623 3595 1729 3658 alii
1758 3595 1887 3676 rei,
1921 3595 2045 3659 nisi
2086 3597 2361 3660 orationi
2388 3621 2575 3663 vaca-

448 3723 613 3773 rent.
648 3705 703 3768 E
730 3697 974 3788 vulgari
1006 3696 1225 3785 potius
1257 3719 1382 3761 usu
1407 3697 1758 3760 verborum
1790 3719 2006 3786 vesper
2032 3697 2279 3761 distulit
2304 3701 2371 3762 in
2399 3715 2577 3764 ortus

448 3828 691 3897 preceS‚
712 3801 822 3865 hic
849 3819 1074 3862 sensus
1101 3797 1393 3886 emergit,
1411 3819 1640 3886 vesper
1664 3819 1886 3884 preces
1914 3796 2141 3880 finivit,
2170 3822 2380 3888 usque
2410 3801 2573 3867 dum

443 3911 579 3973 aliae
611 3905 768 3970 fiant
798 3923 986 3965 mane
1021 3899 1338 3987 proximo,
1371 3897 1579 3988 Igitur
1608 3921 1827 3987 preces
1851 3901 2245 3988 vespertinas
2272 3919 2339 3966 et
2362 3893 2573 3969 lucer·

443 4011 616 4073 nales
647 4003 947 4089 intelligit
967 4049 985 4082 ‚
1017 4021 1251 4088 easque
1283 3998 1513 4064 eodem
1546 3999 1746 4066 modo
1780 4016 1843 4065 et
1874 4000 2003 4066 ritu
2038 4001 2174 4066 fieri
2216 4003 2467 4086 innuit,
2494 4029 2573 4070 ac

445 4107 810 4172 matutinas.
843 4102 974 4183 Qui
1001 4116 1218 4166 autem
1251 4123 1519 4188 precum
1552 4122 1774 4165 earum
1809 4100 2009 4168 ritum
2042 4119 2237 4192 atque
2268 4104 2567 4171 ordinem
