2975 4684
344 401 2450 434 mmmmmmmmmmmmm

752 638 1756 786 EXCURSUS
1851 639 2074 788 'III

603 925 742 994 An
804 926 1211 997 anlLu
1276 913 1830 1019 AETNAM‚'vs.
1880 929 2232 1018 [μθ-428.

628 1353 837 1408 Dicitur
860 1354 1085 1426 insignis
1101 1353 1349 1428 flagrasse
1365 1355 1577 1412 AEnaria
1600 1358 1906 1430 qnondam,

624 1439 779 1494 Nunc
802 1438 1059 1494 exstincta
1082 1449 1259 1512 stupet
1278 1457 1296 1506 ;
1328 1440 1574 1514 testisque
1589 1441 1846 1514 Neapolin
1864 1446 2005 1500 inter

623 1523 691 1575 Et
711 1525 907 1576 Cumas
925 1523 1078 1578 locus
1105 1534 1213 1590 est,
1242 1523 1421 1576 multis
1439 1527 1553 1596 jam
1580 1525 1802 1600 frigidus
1820 1529 1991 1583 annis.
2057 1561 2064 1569 -

426 1668 743 1733 Dmmms
769 1669 891 1734 hos
916 1688 1141 1732 versus
1164 1669 1382 1758 paullo
1410 1686 1696 1737 mutatos
1724 1695 1762 1736 e
1783 1689 2074 1740 veterum
2109 1677 2473 1747 editionum·

336 1769 729 1836 lectionibus
750 1817 770 1853 ,
793 1786 994 1859 prout
1022 1791 1135 1834 eos
1168 1785 1231 1834 et
1260 1769 1557 1835 facillime
1591 1771 1928 1862 fingendos
1945 1823 1965 1857 ,
1992 1792 2057 1841 et
2085 1777 2167 1841 ad
2203 1801 2469 1848 sensum

335 1874 623 1940 auctoris
648 1873 1051 1961 planissimos
1070 1872 1533 1961 opinabamur3
1552 1877 1844 1961 quamvis
1868 1876 2132 1942 diffiteri
2153 1883 2434 1948 nolimus
2447 1935 2473 1968 ,

334 1997 527 2062 posse
550 1989 619 2038 et
639 1974 791 2039 alias
813 1973 1011 2056 hujus
1032 1973 1159 2037 loci
1184 1973 1665 2040 emendationes
1689 1976 1826 2041 dari
1843 2025 1863 2059 ,
1881 1980 2113 2045 veteris
2134 1983 2465 2072 scripturae

335 2075 621 2166 vestigiis
672 2097 803 2139 non
850 2073 1189 2139 dissimiles
1206 2122 1225 2156 ,
1270 2097 1389 2138 nec
1436 2077 1769 2141 sententias
1815 2080 2097 2144 auctoris
2147 2082 2465 2152 adversas.

338 2178 434 2241 De
464 2175 708 2265 quibus
740 2198 919 2240 nnnc
946 2175 1077 2242 hoc
1108 2175 1402 2240 Excursu
1432 2199 1622 2267 agere
1651 2180 2060 2269 propositum
2090 2199 2189 2248 est
2203 2233 2222 2266 ,
2247 2187 2468 2252 simul-

336 2301 467 2364 que
510 2277 597 2342 de
630 2277 909 2342 AEnariae
944 2275 1169 2341 insulae
1214 2277 1345 2341 situ
1386 2291 1452 2342 et
1497 2294 1725 2343 natura
1764 2279 2057 2368 quaedam
2102 2306 2467 2355 memoratu

336 2379 533 2469 digna
581 2401 619 2441 e
646 2379 956 2442 Veterum
1006 2377 1391 2442 testimoniis
1440 2395 1748 2468 repetere.
1797 2382 2098 2470 Antiquae
2149 2385 2466 2455 editiones

335 2481 668 2568 pleraeque
706 2503 858 2544 cum
896 2479 1119 2567 Mspto
1164 2477 1435 2544 Helmst.
1469 2480 1732 2570 legunt:
1768 2481 2011 2548 Dicitur
2051 2485 2294 2554 insidiae
2316 2491 2469 2579 fla·

329 2603 534 2667 grans
562 2583 843 2646 AEnaria
871 2579 1213 2670 quondam.
1246 2580 1480 2645 Aldina
1515 2597 1730 2646 autem
1765 2585 2048 2674 vulgavit
2086 2587 2334 2656 Dicitur
2360 2593 2466 2657 in·

331 2681 847 2770 szigmkflagrans,
860 2697 981 2746 etc.
1001 2681 1097 2746 Ex
1119 2682 1362 2746 insidiis
1374 2695 1670 2747 veterum
1689 2681 1840 2750 edd.
1858 2687 2158 2779 Scaliger,
2181 2714 2468 2783 eumque

334 2800 655 2872 sequutus
688 2783 991 2849 Gorallus
1010 2831 1027 2866 ,
1076 2781 1371 2847 fecerunt
1418 2781 1695 2864 indiciis,
1739 2800 1804 2849 et
1829 2788 2151 2853 Antonius
2182 2790 2261 2854 de
2289 2791 2466 2879 Rooy

334 2887 528 2951 simul
576 2886 776 2951 suasit
819 2882 1170 2976 legendum
1202 2885 1476 2950 Discitur
1504 2885 1784 2966 indiciis,
1813 2885 1881 2952 h.
1921 2911 1978 2954 e.
2013 2888 2250 2955 indicia
2284 2915 2461 2981 quoe-

334 2987 481 3052 dam
508 2987 751 3054 docent
769 3037 787 3065 ,
810 2987 1140 3053 AEnariam
1166 2985 1498 3075 quondam
1527 2983 1841 3077 flagrasse.
1864 2987 2028 3053 Mihi
2055 3007 2268 3056 tamen
2291 3009 2461 3061 stare

332 3111 522 3177 posse
548 3087 807 3154 videtur
832 3087 1101 3169 insidiis,
1132 3103 1210 3151 ut
1238 3085 1654 3176 significetur,
1683 3087 2013 3153 AEnariam
2039 3091 2195 3155 olim
2221 3116 2341 3184 per
2363 3098 2469 3160 in·

332 3190 549 3272 sidias‚
568 3189 639 3256 h.
664 3214 721 3256 e.
744 3208 1007 3280 repente
1028 3207 1094 3254 et
1115 3189 1467 3278 improviso
1494 3191 1778 3278 erupisse
1803 3190 1873 3254 in
1901 3189 2205 3260 flammas.
2221 3197 2463 3282 Quam-

332 3315 531 3380 quam
548 3342 567 3374 ,
595 3317 801 3381 quum
831 3292 1157 3357 crederem
1191 3292 1320 3356 hoc
1354 3291 1694 3357 obscurius
1720 3293 1932 3358 visum
1961 3293 2042 3359 iri
2071 3296 2420 3366 lectoribus
2441 3351 2461 3386 ‚

334 3395 680 3460 lectionem
711 3393 956 3459 Aldinae
993 3392 1293 3483 praeferre
1340 3391 1519 3457 etin
1567 3409 1746 3458 textu
1778 3416 2092 3484 usurpare
2123 3399 2340 3466 malui.
2381 3403 2456 3466 In

330 3497 535 3560 altero
560 3517 752 3561 versu
775 3497 1047 3585 vulgatae
1071 3495 1288 3585 plures
1308 3494 1558 3559 habent
1595 3497 1789 3561 Nunc
1826 3495 2139 3564 exstincta
2163 3524 2348 3592 super
2368 3519 2459 3568 te·

330 3606 581 3692 ctis-que.
605 3601 835 3683 Aldus,
854 3601 1140 3666 Pithoeus
1162 3615 1228 3666 et
1243 3601 1481 3664 Lucius
1503 3603 1786 3690 testisque
1811 3601 2057 3693 legunt,
2083 3621 2151 3670 et
2169 3607 2458 3699 jungunt

333 3703 757 3793 sequentibus
800 3700 1119 3792 Neapolim
1153 3702 1318 3766 inter
1360 3715 1425 3766 et
1471 3702 1702 3767 Omna:
1747 3702 1920 3768 locus
1961 3719 2067 3769 est.
2114 3707 2393 3800 Scaliger
2421 3733 2462 3774 e

329 3807 587 3897 vulgata
619 3805 871 3871 effecit:
895 3806 1087 3870 Nunc
1117 3818 1279 3869 ast.
1303 3825 1606 3892 superque
1622 3807 1916 3892 satisque,
1942 3805 2124 3894 quod
2148 3807 2455 3900 frigidum

332 3923 568 3995 putans
588 3906 885 3973 Gorallus
908 3905 1162 3994 scripsit
1176 3903 1369 3970 Nunc
1388 3918 1552 3970 exst.
1570 3907 1976 3994 superte-‘cisse
1986 3953 2009 3987 ,
2037 3907 2344 3976 nimirum
2369 3913 2458 3977 la-

334 4008 515 4098 pides
532 4055 551 4088 ‚
580 4008 697 4096 qui
714 4005 885 4074 olim
913 4007 1133 4096 ignem
1158 4021 1620 4094 conceperant,
1649 4020 1905 4096 aggesta
1926 4003 2208 4094 desuper
2231 4009 2461 4074 insulae

336 4125 521 4174 terra.
550 4112 798 4174 Anton.
830 4106 909 4172 de
938 4107 1117 4194 Roqy·
1142 4104 1321 4171 haud
1350 4105 1690 4171 infeliciter
1713 4105 1976 4185 conjicit
1999 4129 2182 4196 super·
2199 4111 2422 4176 sedisse
2435 4161 2460 4194 ,
