2975 4684
494 321 589 394 56
726 323 921 394 INC.
956 325 1289 395 VERBA
1341 326 1826 396 ACHILLIS
1877 327 1984 397 IN
2031 327 2374 396 PARTH.

490 453 755 544 ingenio
784 476 919 519 non
952 454 1435 520 contemnendo
1460 479 1641 540 usus,
1669 458 1853 523 scivit
1877 456 2162 522 fabulam
2186 458 2378 522 variis
2401 480 2620 524 rerum

486 559 940 640 adjunctarum
999 560 1542 651 descriptionibus
1562 611 1581 646 ,
1653 579 1794 628 tum
1845 563 2180 628 sententiis
2239 563 2507 629 amoenis
2562 579 2626 628 et

490 667 879 730 commentis
908 667 1309 756 picturisque
1337 669 1608 757 poeticis
1641 691 1954 734 exornare
1970 717 1988 750 ‚
2025 691 2238 756 neque
2273 670 2490 733 minus
2523 670 2626 734 in·

490 771 741 860 signem
774 773 1175 862 antiquitatis
1204 789 1269 837 et
1298 791 1640 862 poetarum
1662 791 1958 840 veterum
1995 775 2294 839 notitiam
2324 773 2626 839 declarat.
2699 821 2716 830 -

492 876 661 958 Quis
696 891 911 942 tamen
945 879 1348 966 Reposianus
1376 879 1481 944 ille
1503 880 1732 963 fuerit,
1765 897 1831 945 et
1853 879 2119 968 quando
2138 880 2402 962 vixerit,
2437 881 2628 969 plane

488 983 853 1072 ignoratur,
876 983 1197 1072 siquidem
1239 983 1307 1049 id
1346 1007 1592 1050 nomen
1625 985 1778 1051 alias
1805 987 1871 1051 in
1907 1003 2045 1052 tota
2075 987 2460 1075 antiquitate
2489 1009 2626 1051 non

486 1089 823 1177 repetitur.
860 1089 1235 1178 Suspioetus'
1272 1113 1420 1154 sum
1470 1091 1820 1179 aliquando
1837 1139 1855 1174 ,
1914 1107 2298 1181 corruptum
2342 1094 2516 1156 forte
2559 1091 2628 1156 id

462 1217 733 1261 ,nomen
762 1197 833 1259 in
858 1195 1191 1261 codicibus
1210 1245 1227 1278 ,
1263 1211 1327 1260 et
1362 1197 1582 1262 notius
1606 1194 1952 1287 Nepotiani
1979 1197 2433 1286 reponendum
2461 1213 2625 1262 esse:

490 1303 643 1367 Fuit
694 1302 871 1366 enim
918 1303 1012 1367 Fl.
1052 1303 1345 1392 Popilius
1387 1303 1792 1392 Nepotianus
1818 1353 1837 1382 ‚
1885 1305 1999 1392 qui
2043 1327 2217 1368 anno
2252 1305 2335 1368 N.
2379 1303 2456 1368 C.
2499 1303 2620 1368 301

490 1408 919 1472 Consulatum
962 1409 1184 1474 Romoe
1221 1410 1416 1499 gessit
1435 1459 1453 1493 ‚
1501 1426 1566 1476 et
1598 1411 1760 1474 alius
1792 1411 2080 1493 ejusdem
2109 1411 2392 1475 nominis
2410 1459 2427 1492 ,
2457 1413 2630 1476 forte

490 1511 663 1577 filius
698 1513 871 1597 ejus,
916 1515 1031 1602 qui
1064 1537 1169 1581 an.
1200 1513 1329 1580 336
1365 1514 1482 1603 (1).
1525 1517 1736 1582 Taceo
1783 1517 2225 1606 Nepotianum
2279 1516 2628 1606 Presbyte-

490 1643 639 1684 rum
660 1669 681 1702 ,
706 1619 791 1684 ad
822 1644 1019 1708 quem
1048 1637 1253 1685 exstat
1278 1621 1547 1710 epistola
1569 1623 1990 1712 Hieronymi,
2018 1624 2132 1711 qui
2161 1624 2352 1688 etiam
2386 1622 2630 1687 defun-

488 1742 599 1789 cto
626 1726 687 1790 ei
720 1725 1141 1816 Epitaphium
1179 1724 1265 1790 ad
1290 1725 1719 1791 Heliodorum
1755 1723 1892 1808 e'jus
1922 1729 2317 1793 avunculum
2349 1728 2628 1817 scripsit.

486 1831 619 1896 Sed
650 1832 796 1920 quis
842 1848 989 1898 tuto
1030 1833 1159 1898 hoc
1191 1855 1433 1898 nomen
1466 1834 1714 1898 auctori
1749 1835 2052 1899 carminis
2091 1833 2380 1900 tribuat?
2422 1834 2504 1897 In
2549 1857 2632 1898 eo

486 1939 893 2006 recensendo
919 1940 1375 2006 adnotationes
1401 1939 1581 2004 Petri
1613 1941 1968 2004 Burmanni
1991 1963 2118 2005 sec.
2151 1941 2393 2028 quibus
2417 1938 2630 2005 diver-

490 2067 593 2110 sas
638 2045 941 2110 codicum
984 2046 1295 2110 lectiones
1340 2046 1652 2127 contulit,
1685 2045 1967 2136 integ-ras
2003 2045 2268 2134 quidem
2288 2096 2306 2127 ,
2339 2046 2456 2111 ubi
2488 2067 2629 2109 non

486 2150 557 2214 in
590 2151 799 2215 aliena
824 2150 1377 2240 dig-rediebantur,
1398 2149 1712 2234 adhibui,
1745 2173 1896 2216 cum
1931 2151 2222 2240 meisque
2245 2153 2634 2245 interpreta-

488 2256 783 2320 tionibus
812 2257 1142 2336 conjunxi.

576 2361 697 2426 lx.
748 2361 949 2443 Quod
995 2363 1292 2450 sequitur
1338 2386 1600 2428 carmen
1621 2412 1640 2446 ,
1676 2363 1888 2428 Verba
1927 2363 2200 2429 Achillis
2243 2367 2309 2429 in
2353 2364 2630 2429 Parthe-

488 2489 685 2550 none,
728 2466 884 2530 tizan
931 2469 1153 2532 tubam
1204 2468 1520 2533 Diomedis
1567 2469 1870 2534 audiisset
1899 2493 1936 2534 a
1973 2473 2350 2536 Bul-manno
2394 2471 2630 2535 inscri-

490 2589 679 2660 ptum
696 2622 715 2654 ‚
742 2595 923 2637 mera
948 2590 1047 2638 est
1076 2575 1447 2638 exercitatio
1472 2574 1852 2640 scholastica
1881 2577 1948 2639 in
1984 2599 2066 2641 eo
2096 2599 2368 2667 genere,
2401 2601 2536 2664 quo
2564 2593 2632 2641 et

488 2680 810 2746 Rhetoroe
836 2681 1133 2746 solebant
1152 2681 1373 2746 thema
1396 2705 1474 2746 ex
1492 2683 1774 2770 antiquis
1793 2683 2076 2768 historiis
2099 2684 2203 2748 vel
2228 2684 2438 2771 poetis
2463 2682 2632 2748 adeo

490 2803 747 2876 petere,
784 2804 853 2851 et
894 2788 1055 2874 quid
1095 2788 1408 2876 quisque,
1446 2811 1662 2876 quove
1703 2813 1923 2854 rerum
1972 2812 2124 2854 casu
2146 2838 2165 2872 ‚
2203 2789 2500 2871 dixisset,
2527 2790 2634 2854 vel

488 2891 709 2957 dicere
732 2894 1083 2982 potuisset,
1109 2893 1255 2958 ficta
1286 2895 1582 2958 oratione
1607 2895 1980 2983 complecti,
2009 2895 2230 2982 quales
2261 2895 2632 2959 Rhetorum
2663 2975 2668 2978 Ι

492 2997 869 3064 Gmcorum
890 3049 910 3080 ,
944 2999 1279 3080 Aristidis,
1318 3001 1550 3064 Dionis
1599 2999 1932 3089 Chrysost.
1985 3001 2239 3065 Libanii
2286 3001 2628 3066 habemus.

488 3107 905 3168 Burmannus
930 3129 1059 3170 sec.
1088 3107 1258 3169 hanc
1289 3106 1622 3170 metricam
1651 3106 2012 3170 orationem
2039 3130 2120 3170 ex
2145 3106 2402 3172 schedis
2433 3107 2631 3170 Salm.

496 3225 565 3274 et
594 3209 971 3274 Divionens.
1006 3226 1073 3275 et
1117 3235 1197 3275 ex
1241 3211 1465 3275 codice
1511 3210 1808 3276 Leidensi
1853 3213 2158 3299 protulit,
2185 3213 2456 3278 Anthol.
2489 3215 2634 3277 Lat.

494 3315 667 3378 libro
698 3317 763 3396 1,
790 3339 971 3379 num.
1010 3339 1095 3404 79
1114 3367 1135 3399 ‚
1162 3317 1500 3404 repetitam
1539 3319 1606 3381 in
1643 3317 2038 3382 Collectione
2091 3319 2460 3383 Pisaurensi
2489 3341 2638 3382 om-

499 3423 687 3486 nium
744 3439 1123 3509 poematum
1166 3439 1231 3486 et
1279 3423 1642 3486 oerminum
1665 3471 1684 3504 ,
1727 3440 1912 3486 tomo
1942 3424 2057 3506 IV,
2097 3448 2242 3514 pag.
2274 3423 2434 3489 438.
2468 3427 2635 3488 Cor-

494 3543 689 3614 rupte
728 3527 997 3614 quidem
1038 3528 1105 3590 in
1138 3526 1393 3591 schedis
1424 3528 1688 3592 Salmas.
1727 3529 2014 3592 exstabat
2049 3553 2120 3592 m
2165 3553 2370 3594 marn
2413 3553 2593 3594 nom
2613 3580 2634 3613 ,

493 3632 611 3698 sed
652 3633 937 3698 dubitari
970 3656 1105 3698 non
1142 3649 1393 3721 potest,
1418 3633 1912 3722 intelligendum
1947 3657 2088 3698 esse
2115 3651 2444 3716 Πηυινῶνα,
2470 3638 2538 3700 h.
2573 3661 2631 3702 e.

492 3761 869 3828 gynaeoeum
892 3737 1273 3828 Lycomedis
1290 3788 1309 3820 ,
1328 3741 1396 3803 in
1420 3739 1602 3826 quod
1631 3740 1820 3804 datus
1841 3765 1878 3805 a
1900 3761 2102 3806 matre
2119 3742 2401 3808 Thetide
2417 3743 2635 3808 Achil-

570 3986 653 4052 (1)
686 3983 755 4035 Et
798 3981 1157 4054 Nepotianum·
1192 3980 1612 4034 Grammaticnm
1655 3992 1708 4032 et
1749 3979 2028 4035 Rhetorem
2061 3982 2330 4036 Ausonius
2357 3981 2543 4036 laudat
2579 3986 2638 4036 in

498 4072 729 4124 profess.
758 4091 875 4143 cap.
898 4075 982 4124 15.
1012 4072 1118 4125 En.
