2975 4684
554 359 684 457 196
1150 451 1159 460 ι
1247 359 1780 428 EXCURSUS
1837 361 1942 426 Vl

539 483 711 548 finiri
730 480 842 569 (1).
872 483 961 546 Ac
992 477 1259 568 quidem
1282 526 1301 559 ‚
1335 501 1469 566 quo
1503 480 1786 567 primum
1813 480 2046 568 aperiri
2085 502 2274 546 mons
2302 497 2369 546 et
2393 484 2670 564 eiectare

538 585 777 649 favillas
810 583 1091 670 coeperit‚
1128 580 1197 644 id
1222 597 1475 668 tempus
1512 580 1704 668 plane
1739 581 2092 646 obscurum
2117 598 2183 646 et
2216 583 2514 672 ignotum
2553 603 2668 650 est.

534 687 765 773 Neque
801 707 954 748 vero
1000 683 1127 746 hoc
1174 705 1353 746 nunc
1394 681 1744 770 quaerimus
1765 731 1782 763 ,
1815 682 1927 748 sed
1978 683 2136 748 illud
2183 686 2459 750 maxime
2479 735 2498 767 ‚
2533 709 2670 775 quo

532 787 815 874 primum
860 784 1221 864 exundare,
1254 799 1317 846 et
1351 784 1679 871 liquefacti
1716 784 1942 873 lapidis
1974 802 2038 848 et
2069 786 2406 852 bituminis
2457 787 2669 854 fluviis

532 890 773 953 vicinas
824 888 1120 976 regiones
1170 885 1294 950 late
1346 884 1672 950 devastare
1723 888 1948 976 coepit,
1981 889 2158 976 quod
2211 889 2520 954 credibile
2570 909 2672 956 est

532 992 741 1054 multo
773 990 974 1052 serius
996 1037 1014 1070 ‚
1044 1004 1108 1052 et
1134 1002 1283 1075 post
1313 987 1501 1073 plura
1535 986 1799 1051 demum
1829 987 2127 1051 incendia
2159 989 2469 1054 evenisse.
2499 991 2668 1056 Talis

534 1093 706 1156 enim
738 1089 1086 1154 exundatio
1122 1088 1322 1151 fucrit
1351 1109 1612 1152 necesse
1649 1105 1783 1168 est,
1820 1109 1964 1176 quae
1989 1088 2222 1152 urbem
2255 1089 2552 1154 Catinam
2579 1091 2668 1155 ita

532 1193 838 1256 obrueret
859 1207 923 1255 et
948 1204 1242 1270 vastaret,
1266 1205 1343 1252 ut
1368 1188 1618 1254 civibus
1643 1190 1951 1254 omnibus
1977 1189 2364 1280 fugiendum
2384 1209 2500 1256 aut
2515 1213 2668 1280 per-

531 1293 821 1358 eundum
852 1308 1038 1364 esset.
1098 1289 1297 1372 Quod
1328 1290 1519 1354 etiam
1549 1289 1843 1355 videmus
1875 1315 1911 1355 a
1943 1293 2366 1380 scriptoribus
2403 1316 2663 1358 memo-

530 1397 695 1476 rari,
723 1395 838 1482 qui
856 1395 1097 1458 Catinae
1120 1393 1584 1482 calamitatem,
1613 1416 1648 1457 e
1676 1417 1804 1483 qua
1827 1393 2095 1473 juvenes
2129 1395 2332 1461 Siculi
2358 1413 2662 1484 parentes

530 1518 682 1561 suos
708 1496 1017 1584 eripuisse
1042 1497 1367 1577 feruntur,
1393 1497 1612 1583 paullo
1638 1495 1938 1560 disertius
1963 1495 2373 1580 describunt,
2393 1497 2476 1562 ab
2498 1499 2668 1562 Aris·

458 1635 461 1638 ⁴
526 1600 757 1680 tutele,
782 1601 1050 1662 Conone
1069 1647 1085 1678 ‚
1112 1597 1442 1662 Pausania.
1472 1597 1719 1661 Dicunt
1741 1595 2028 1662 flammas
2057 1613 2374 1662 torrentes
2400 1621 2436 1662 e
2462 1616 2668 1664 cmte-

524 1701 705 1766 ribus
734 1699 945 1764 AEtnae
966 1749 983 1780 ‚
1011 1700 1215 1763 instar
1246 1697 1457 1780 fluvii,
1484 1699 1554 1762 in
1585 1721 1770 1788 agros
1807 1701 2196 1762 Catanenses
2229 1699 2486 1763 effusas.
2520 1701 2666 1763 Hoc

521 1802 724 1890 igitur
775 1801 827 1864 si
875 1801 1159 1890 primum
1210 1797 1443 1864 accidit
1493 1816 1634 1864 tum
1651 1847 1670 1881 ‚
1709 1822 1914 1888 quum
1952 1801 2224 1879 juvenes
2270 1799 2662 1865 Catanenses

520 1904 770 1968 celebre
816 1903 1139 1992 specimen
1180 1902 1431 1990 pietatis
1468 1900 1769 1982 ederent,
1799 1900 2091 1964 AElianus
2130 1901 2366 1965 Stobaei
2397 1901 2664 1966 videtur

516 2005 667 2070 facti
696 2007 831 2083 ejus
859 2021 1115 2092 tempus
1144 2021 1209 2068 et
1238 2025 1483 2067 annum
1518 2002 1870 2094 designare.
1889 2013 2088 2083 Πρώτῄ,
2103 2002 2221 2084 ait,
2247 2011 2332 2065 καὶ
2349 2007 2664 2084 ὀγδοηκοστῇ

518 2097 808 2184 blois-moi&
830 2115 948 2186 φασὶ
968 2118 1053 2172 τὴν
1078 2116 1256 2170 Αἴτνην
1283 2116 1447 2184 ῥυῆναι
1460 2150 1474 2172 ,
1506 2103 1881 2192 Οζγνηρίαιίε
1905 2107 2274 2192 octogesima
2291 2107 2502 2192 prima
2519 2109 2666 2170 AEt-

518 2229 673 2270 nam
695 2207 917 2272 dicunt
934 2205 1381 2296 tgnefluxzkse.
1407 2204 1489 2271 Id
1512 2221 1768 2294 tempus
1795 2203 2021 2269 incidit
2042 2205 2108 2269 in
2131 2228 2379 2269 annum
2402 2206 2662 2271 circiter

515 2311 892 2374 vicesimum
918 2326 1066 2373 ante
1092 2309 1337 2372 bellum
1365 2307 2020 2394 Peloponnesiacum,
2048 2323 2359 2397 regnante
2395 2307 2465 2370 in
2502 2308 2664 2372 Per-

518 2411 605 2474 sis
625 2413 977 2476 Artaxerxe
997 2412 1052 2474 Ι.
1078 2409 1307 2497 Neque
1326 2430 1480 2472 vero
1505 2408 1670 2471 circa
1695 2430 1768 2471 ea
1792 2423 2084 2496 tempora
2101 2407 2365 2472 AEtnam
2385 2409 2664 2497 graviter

517 2511 745 2574 arsisse
765 2510 845 2574 ab
866 2511 1004 2574 aliis
1024 2509 1447 2599 scriptoribus
1464 2510 1740 2573 relatum
1764 2509 2059 2598 legimus,
2083 2508 2208 2572 nisi
2227 2508 2499 2575 velimus
2525 2510 2662 2576 hue

518 2610 774 2674 trahere
791 2658 809 2691 ,
847 2610 1028 2698 quod
1067 2610 1337 2675 Orosius
1353 2657 1372 2692 ‚
1406 2609 1487 2673 de
1526 2610 1697 2674 bello
1736 2610 1905 2674 civili
1942 2611 2112 2675 inter
2141 2612 2555 2676 Artaxerxem
2593 2629 2664 2677 et

516 2715 761 2800 Cyrum
778 2762 795 2796 ‚
826 2713 1003 2777 Darii
1036 2712 1195 2777 filios
1214 2761 1239 2794 2
1264 2736 1459 2803 agens
1480 2760 1498 2795 ‚
1525 2713 1637 2778 lib.
1665 2712 1730 2775 II
1747 2759 1765 2793 ‚
1793 2735 1930 2800 cap.
1974 2712 2050 2778 18
2067 2761 2086 2794 ,
2111 2730 2460 2777 memorat:
2489 2744 2514 2770 α
2539 2715 2660 2780 His

518 2814 919 2903 temporibus
953 2815 1325 2903 gravissimo
1356 2832 1542 2879 motu
1575 2828 1756 2877 terrae
1783 2835 2098 2878 concussa
2123 2815 2366 2896 Sicilia,
2391 2815 2662 2905 insuper

514 2915 1012 2980 exaestuantibus
1034 2913 1247 2979 AEtnae
1276 2916 1516 2980 montis
1543 2914 1802 3004 ignibus
1825 2914 2184 3003 favillisque
2212 2916 2461 2998 calidis,
2502 2939 2658 2980 cum

514 3015 905 3082 detrimento
935 3017 1219 3106 plurimo
1252 3039 1558 3106 agrorum
1585 3017 2048 3103 villarumque,
2069 3031 2306 3080 vastata
2335 3033 2433 3082 est
2454 3047 2500 3081 ι.
2531 3018 2660 3081 Hic

515 3135 699 3182 terrae
732 3135 950 3182 motus
982 3119 1207 3183 Siciliae
1241 3117 1416 3182 idem
1450 3134 1755 3182 censetur
1785 3117 2018 3197 fuisse,
2043 3138 2119 3180 ac
2149 3118 2237 3198 is,
2267 3139 2460 3204 quem
2495 3118 2659 3182 Dio-

514 3219 713 3282 dorus
748 3219 871 3284 Sic.
910 3219 1020 3284 lib.
1054 3221 1185 3284 XII
1203 3269 1221 3302 ,
1256 3221 1323 3283 in
1362 3219 1686 3309 plerisque
1725 3219 1982 3285 Graeciae
2020 3219 2310 3306 partibus
2345 3218 2658 3284 accidisse

513 3337 861 3401 memorat,
887 3321 999 3385 ubi
1026 3323 1372 3386 nonnullas
1397 3321 1592 3385 urbes
1617 3323 1966 3386 maritimas
1991 3343 2186 3409 super
2211 3321 2424 3386 infusa
2451 3322 2656 3387 maria

580 3580 658 3648 (ι)
693 3580 859 3630 AEtnae
895 3539 1292 3650 topographiam
1332 3589 1383 3630 et
1418 3576 1689 3630 historiam
1725 3574 2094 3628 incendiorum
2131 3575 2242 3645 ejus
2275 3571 2423 3626 dedit
2446 3575 2648 3626 Anton.

508 3663 815 3718 Philotheus
844 3661 910 3716 de
930 3660 1236 3716 Homodeis.
1270 3662 1562 3733 Descripsit
1595 3659 1834 3714 eamdem
1865 3659 2050 3712 Petrus
2083 3659 2304 3712 Carrera
2325 3697 2341 3722 ‚
2374 3677 2536 3728 quem
2562 3677 2650 3712 su-

506 3769 597 3820 pra
616 3789 631 3813 ,
649 3734 769 3822 pag.
812 3748 909 3818 193
929 3785 945 3812 ,
967 3745 1155 3818 allegat
1174 3745 1599 3802 Wernsdorfius.
1635 3744 1926 3816 Utriusque
1951 3743 2174 3810 libellus·
2196 3741 2423 3795 insertus
2457 3741 2654 3812 legitur

507 3835 789 3889 Thesauro
820 3831 1001 3904 Antiq.
1038 3831 1144 3885 Sic.
1198 3842 1237 3882 t.
1288 3830 1384 3883 IX.
1428 3830 1596 3883 Varia
1635 3847 1851 3901 quoque
1889 3847 2000 3880 -non
2040 3845 2103 3878 ex
2145 3825 2300 3878 trivio
2345 3825 2648 3878 observavit

506 3916 839 3992 Brydonius,
877 3915 932 3968 in
966 3915 1159 3976 Itinere
1188 3913 1386 3966 Siculo.
1424 3913 1510 3968 Sic
1538 3912 1720 3966 scribit
1748 3913 1856 3964 Jer.
1889 3912 2002 3964 Jac.
2032 3908 2315 3962 Oberlinus
2337 3905 2406 3961 ad
2425 3908 2646 3960 Vibium

508 4005 871 4074 Sequestrem,
902 4019 954 4072 p.
1000 4001 1115 4066 295.
1155 3999 1223 4049 Et
1266 3995 1510 4050 videatur
1548 3995 1693 4068 quod
1733 3995 2088 4049 recentissime
2128 3993 2182 4046 in
2227 3991 2401 4046 lucem
2427 3989 2645 4062 prodire

506 4088 657 4158 jussit
693 4087 773 4140 vir
805 4085 977 4138 clarus
1000 4087 1061 4134 de
1091 4084 1369 4133 Gourbc'llon
1388 4119 1401 4140 ‚
1442 4087 1648 4147 Voyage,
1671 4084 1704 4130 ὰ
1726 4084 1912 4131 I'Etna.
1957 4077 2131 4136 Paris,
2161 4075 2313 4128 1820.
2355 4075 2453 4128 En.
