2975 4684
510 442 1218 521 EPITHALAMIUM
1268 452 1655 521 AUSPICII
1701 455 1817 520 ET
1867 455 2200 524 AELLAE.
2284 453 2421 552 387

391 576 666 641 Latonae
708 575 1048 668 geminum
1082 581 1366 660 numen,
1403 574 1791 670 Cythereius
1829 577 2033 670 iginii,

393 682 656 775 Jupiter
690 684 830 778 ipse
861 709 1130 779 parens,
1173 699 1242 752 et
1271 685 1466 754 Maiae
1496 681 1741 753 mobile
1772 685 2045 780 pignuS‚

395 793 556 860 Tem
563 793 746 885 perie
787 795 1126 878 unanimi,
1159 793 1412 864 secluso
1449 793 1697 890 frigore
1734 795 1906 863 tristi

395 904 666 970 Saturni
707 905 982 986 veteris»,
1029 904 1264 974 mundi
1297 929 1418 999 per
1450 919 1683 998 aperta
1722 905 2052 993 nitebant3

396 1013 626 1100 Quum
657 1016 887 1082 Venus
923 1012 1148 1085 Idaliis
1179 1015 1495 1084 comitata
1529 1015 1871 1096 sororibus
1900 1018 2065 1104 exit,

397 1121 810 1193 Thessalicos
844 1125 1066 1194 visura
1099 1123 1295 1208 lareS‚
1321 1125 1436 1194 ubi
1465 1125 1703 1194 florida
1737 1128 1989 1220 Tempe

397 1234 742 1326 Perpetuis
774 1233 1000 1304 faciles
1031 1251 1420 1305 conservant
1450 1233 1739 1304 cultibus
1771 1236 2023 1306 hortos,

399 1345 468 1414 It
504 1345 759 1414 Natura
797 1366 1019 1414 comes
1055 1343 1326 1416 lactenti
1360 1346 1488 1415 feta
1528 1344 1807 1441 papilla,

397 1452 598 1521 Unde
633 1455 818 1522 venit
851 1454 1048 1524 vitale
1090 1457 1328 1544 decus;
1367 1481 1579 1560 prope
1616 1459 1849 1528 Gratia
1888 1457 2137 1529 blando

401 1565 660 1632 Intuitu
696 1565 983 1660 invergit
1019 1567 1252 1636 florem
1293 1567 1716 1638 nascentibus
1752 1568 1994 1636 herbis.

299 1831 458 1872 terra.
480 1820 630 1892 Virg.
651 1821 848 1894 Georg.
873 1823 927 1874 Π
941 1863 955 1887 ,
975 1823 1078 1876 330
1099 1839 1114 1873 τ
1147 1847 1168 1868 ι
1189 1823 1322 1874 Par-

299 1900 436 1952 turit
451 1901 623 1954 omnis
638 1919 781 1974 ager,
793 1900 1130 1974 Zephyrique
1145 1912 1322 1974 tepen-

299 1977 446 2032 tibus
470 1981 612 2034 auris
633 1983 832 2036 Laxant
851 2001 977 2036 arva
994 1983 1188 2036 sinus».
1207 1979 1325 2034 Per·

299 2059 406 2130 vig.
427 2060 682 2124 Veneris,
718 2070 780 2126 14
804 2080 818 2114 :
859 2088 885 2107 α
907 2063 1026 2132 Ipsa
1055 2070 1324 2132 surgentes

299 2139 532 2210 papillas
557 2141 626 2194 de
651 2141 846 2196 Favoni
868 2142 1053 2214 spiritu
1078 2141 1243 2211 Urget
1269 2141 1326 2194 in

302 2229 460 2272 notos
484 2235 703 2291 penates
719 2247 743 2266 a·
762 2261 778 2287 ‚
817 2221 911 2274 ubi
937 2220 1048 2274 vid.
1077 2219 1326 2272 adnotata

301 2307 346 2348 t.
365 2297 453 2361 11,
479 2318 536 2370 p.
563 2298 664 2353 516
690 2301 803 2373 huj.
829 2299 1020 2372 operis.
1048 2299 1148 2350 En.

375 2381 431 2430 6.
446 2384 654 2430 Lacona
667 2382 916 2447 geminum
935 2398 1112 2430 numen
1124 2415 1140 2438 ‚
1165 2376 1320 2428 th-

303 2455 407 2508 bus
451 2469 505 2510 et
541 2459 690 2511 Luna
713 2477 727 2510 :
765 2470 816 2510 et
858 2455 1106 2528 deinceps
1151 2454 1324 2510 ceteri

302 2534 524 2604 planetae
549 2537 902 2591 nominamur.

378 2631 431 2681 9.
456 2617 636 2668 nundi
663 2635 757 2685 per
792 2631 964 2684 aperta
979 2653 994 2674 ‚
1041 2633 1135 2686 per
1169 2631 1328 2666 omne

303 2705 492 2764 patens
529 2695 732 2748 caelum.
769 2695 1010 2748 Laetam.
1047 2693 1102 2745 in
1137 2691 1323 2745 Phoen.

305 2793 358 2826 v.
383 2771 446 2826 51
467 2791 480 2824 ε
505 2799 526 2820 ι
552 2774 832 2846 Postquam
851 2774 1074 2826 Phoebus
1091 2789 1254 2843 equos
1272 2769 1326 2822 in

305 2865 488 2922 aperta
511 2852 712 2906 oefudit
735 2854 1015 2927 Olympi».

386 2949 469 2984 10.
486 2935 658 2984 Idaliis
684 2935 915 2984 comitata
933 2933 1192 2988 sororibus,
1214 2928 1252 2980 i.
1274 2947 1322 2980 e.

303 3010 612 3083 Nymphis„
633 3029 750 3082 qum
779 3011 995 3064 comites
1011 3009 1234 3063 Veneris
1274 3018 1327 3060 et

307 3091 522 3144 famula
541 3131 556 3156 ,
591 3103 651 3144 ut
671 3105 921 3144 vocantur
940 3111 971 3144 a
989 3087 1180 3144 Claud.
1201 3089 1326 3158 Epi-

304 3169 438 3222 thal.
460 3169 765 3236 Palladii‚v.
787 3173 838 3225 8.
861 3171 1015 3235 Nam,
1032 3186 1101 3221 ne
1119 3165 1327 3220 Gratias

301 3247 398 3302 hic
419 3248 679 3321 intelligas
697 3290 712 3316 ,
739 3249 918 3303 Gratia
941 3263 1176 3301 seorsum
1194 3244 1328 3296 inter

303 3329 528 3381 comites
551 3329 774 3383 ‘Veneris
807 3329 1112 3382 nominatur
1154 3345 1207 3378 v.
1235 3329 1329 3388 14,

303 3425 409 3460 nec
433 3407 760 3462 Claudianus
774 3449 790 3475 ,
807 3409 899 3460 ubi
925 3409 1117 3460 Idalias
1139 3419 1328 3456 πονοι-ω

305 3485 378 3538 de
403 3487 572 3560 Nupt.
607 3487 748 3542 Hon.
786 3508 838 3541 v.
869 3507 962 3542 101
997 3487 1159 3550 dicit,
1203 3482 1330 3537 alias

307 3557 550 3630 intelligit
568 3579 608 3624 ,·
623 3577 785 3630 quam
813 3560 1035 3614 famulas
1059 3558 1187 3612 huic
1209 3557 1330 3608 Dee

308 3635 678 3692 ministrantes.

352 3727 361 3737 ·
389 3734 475 3769 η.
502 3720 690 3770 Faciles
719 3721 920 3770 cultibus
933 3729 1070 3770 sunt
1094 3714 1292 3770 fertiles
1310 3755 1326 3780 ,

309 3795 407 3867 qui
431 3795 692 3850 culturam
717 3797 871 3852 facile
894 3796 1210 3863 admittunt,
1243 3794 1326 3848 fa·

309 3874 418 3927 cile
449 3875 630 3928 omnia
665 3878 957 3946 proferunt.
981 3880 1192 3930 Facilem
1209 3877 1326 3946 fm-

297 3971 432 4023 gam
455 3968 634 4008 terram
664 3953 792 4008 dicit
823 3955 1009 4010 Claud.
1028 3955 1196 4009 Laud.
1218 3957 1328 4010 Ser.

313 4032 382 4094 54
394 4070 412 4093 ,
445 4043 498 4084 et
507 4034 721 4103 facilem
732 4038 955 4104 suvencis
984 4037 1183 4097 silvam,
1210 4055 1329 4109 quae

311 4123 434 4182 apta
453 4124 530 4165 est
543 4114 751 4184 pascuis
765 4113 1332 4186 juvencomm‚91ym-

311 4191 434 4262 pius
450 4232 464 4257 ,
491 4191 662 4246 Laud.
685 4193 898 4246 Hercul.
920 4214 972 4247 v.
1000 4211 1112 4247 10².
1134 4194 1332 4248 Contra

2384 1597 2435 1636 ¹5

1409 1825 1633 1894 difficiles
1654 1837 1821 1884 των-ιε,
1847 1841 1999 1893 poene
2023 1823 2223 1875 steriles
2239 1861 2255 1886 ,
2276 1825 2425 1897 Virg.

1409 1901 1599 1972 Georg.
1618 1902 1671 1952 11
1692 1937 1707 1962 ,
1732 1917 1845 1969 179.

1489 1979 1570 2032 13.
1591 1983 1784 2030 Natura
1804 1998 1964 2031 comes
1985 1983 2191 2032 lactenti
2200 1983 2318 2048 feta
2334 2005 2427 2052 pa-

1401 2060 1548 2128 pilla.
1568 2059 1654 2112 sic
1677 2057 1933 2129 pingitur,
1952 2058 2082 2129 quia
2099 2061 2335 2114 omnium
2353 2083 2429 2116 re·

1413 2155 1535 2190 rum
1552 2155 1741 2208 parens
1760 2147 1812 2190 et
1834 2137 2027 2190 nutrix.
2049 2137 2134 2192 Sic
2154 2139 2430 2196 Ennodius

1413 2216 1568 2271 initio
1607 2217 1945 2288 Epithalamii
1975 2236 1988 2270 :
2038 2243 2061 2264 ι
2092 2221 2275 2273 Annus
2320 2223 2429 2276 sole

1413 2313 1557 2350 novo
1592 2309 1797 2352 teneras
1822 2297 1953 2352 dum
1988 2297 2181 2352 format
2206 2301 2391 2356 aristas
2410 2343 2425 2368 ,

1407 2377 1611 2430 Natura
1628 2377 1683 2429 in
1715 2377 1960 2431 thalamis
1978 2377 2108 2432 orbe
2124 2389 2331 2450 tepente
2350 2402 2429 2435 se-

1411 2455 1504 2508 det
1522 2473 1576 2507 a:
1598 2455 1745 2510 sedet
1769 2456 1827 2509 in
1852 2457 2096 2510 thalamis
2122 2460 2274 2530 quasi
2296 2462 2434 2530 pari·

1411 2547 1547 2588 tura.
1591 2536 1679 2589 Sic
1719 2536 1981 2590 Venerem
2027 2541 2429 2607 procreatricem

1411 2633 1587 2667 rerum
1630 2628 1813 2668 auctor
1848 2615 2107 2687 pervigilii
2139 2620 2431 2675 secuudum

1412 2693 1661 2748 lectiones
1706 2694 1877 2748 Rivini
1920 2695 2173 2748 describit
2212 2717 2287 2752 vs.
2330 2707 2391 2762 14
2416 2721 2430 2754 :

1413 2797 1439 2816 «-
1459 2773 1581 2842 Ipsa
1603 2785 1871 2844 surgentes
1899 2773 2121 2845 papillas
2148 2774 2215 2828 de
2229 2776 2430 2833 Favoni

1415 2851 1605 2924 spiritu
1621 2853 1819 2922 Turget
1856 2852 1913 2904 in
1949 2863 2089 2906 toros
2122 2865 2356 2925 tepentes
2388 2883 2431 2911 ι.

1413 2930 1587 2982 Datur
1604 2942 1779 2984 autem
1798 2931 2000 2982 Natura
2014 2931 2212 2984 Veneri
2230 2952 2435 3003 comes,

1419 3035 1442 3056 ι
1465 3009 1592 3062 Haec
1608 3009 1856 3082 quoniam
1880 3027 2059 3062 rerum
2078 3025 2319 3066 naturam
2344 3035 2431 3068 so-

1413 3087 1465 3141 la
1492 3091 1745 3160 gubernat
1768 3115 1819 3156 ι,
1843 3101 1903 3141 ut
1922 3090 1993 3142 ait
2010 3091 2217 3144 Lucret.
2234 3093 2293 3160 1,
2316 3115 2405 3147 aa.
2488 3105 2503 3114 “

1492 3168 1573 3223 15.
1612 3173 1794 3222 intuitu
1830 3171 2038 3237 invergit
2053 3173 2256 3238 florem.
2292 3175 2433 3228 Mira

1415 3248 1529 3304 hoec
1554 3248 1829 3320 phantasia
1848 3261 1945 3302 est.
1967 3249 2151 3303 Gratia
2175 3271 2433 3323 quocum-

1415 3347 1523 3400 que
1559 3329 1765 3382 vultum
1812 3329 2101 3394 convertit,
2148 3341 2202 3384 et
2236 3332 2434 3387 blande

1417 3407 1638 3478 adspicit
1658 3447 1673 3471 ,
1710 3407 1892 3461 florem
1932 3409 2037 3461 oris
2078 3411 2161 3462 sui
2198 3411 2435 3483 impertit

1411 3481 1595 3540 herbis
1614 3489 1969 3542 nascentibus.
1999 3489 2133 3542 Tale
2150 3502 2260 3556 est,
2289 3491 2434 3564 quod
2526 3543 2537 3558 ,

1424 3565 1493 3618 de
1520 3585 1641 3619 rosa
1666 3566 1917 3637 praedicat
1931 3581 2115 3622 auctor
2132 3569 2396 3642 pervigilii
2418 3613 2434 3638 ,

1423 3663 1474 3697 v.
1498 3645 1582 3712 23,
1603 3646 1796 3699 «Facta
1816 3647 2009 3720 Cypria
2026 3646 2094 3700 de
2111 3667 2319 3715 cruore,
2340 3650 2433 3704 de-

1423 3742 1529 3794 que
1548 3725 1756 3778 Amoris
1779 3726 1972 3778 osculis
1992 3751 2015 3770 n
2029 3765 2045 3790 ,
2076 3738 2127 3780 et
2144 3728 2289 3798 quod
2308 3729 2435 3781 vir-

1421 3803 1509 3874 gil.
1546 3802 1739 3875 Georg.
1772 3806 1827 3858 11
1847 3843 1863 3869 ‚
1900 3807 2005 3876 390
2021 3843 2037 3869 ‚
2077 3805 2146 3858 de
2176 3808 2389 3862 Baccho
2414 3824 2431 3862 ε

1425 3907 1447 3928 ι
1469 3881 1608 3936 Hinc
1640 3885 1811 3937 omnis
1836 3885 1983 3955 largo
2012 3885 2253 3956 pubescit
2284 3889 2433 3942 vinea

1418 3963 1559 4026 fetu,
1606 3963 1902 4035 Implentur
1944 3965 2214 4038 vallesque
2258 3986 2397 4020 cavo
2415 4006 2431 4031 ,

1415 4041 1687 4113 saltusque
1709 4041 1957 4113 profundi
1973 4083 1989 4108 ‚
2010 4046 2078 4096 Et
2100 4063 2435 4118 quocumque

1419 4122 1563 4174 Deus
1584 4121 1779 4174 circum
1804 4133 1961 4192 caput
1978 4123 2083 4193 egit
2098 4123 2381 4182 honestum
2394 4155 2435 4177 κ.

1420 4199 1681 4253 Caeterum
1706 4198 2041 4266 Chloridem,
2078 4202 2189 4258 sive
2228 4207 2437 4260 Floram

2086 4291 2197 4363 25.
