2975 4684
533 355 676 442 450
1261 343 1795 414 excussus
1858 343 1931 408 11

529 481 640 544 lib.
676 475 870 556 XJH,
905 497 959 536 c.
1000 492 1109 551 ιο,
1145 476 1180 550 S
1214 465 1271 530 3.
1311 464 1521 554 Igitur
1553 479 1699 551 post
1738 463 2137 550 praeconium
2170 463 2427 528 diaconi
2462 465 2665 532 bene-

533 580 881 646 dictionem
909 571 1193 661 episcopi
1229 567 1521 632 nominat
1552 563 1917 627 Licentius„
1946 562 2078 645 Qui
2110 587 2189 627 au
2200 579 2328 629 tem
2361 567 2427 630 in
2455 569 2666 633 verbis

534 685 668 765 ejus
699 683 861 769 ignis
889 669 1342 762 intelligendus
1371 668 1485 748 sit,
1512 663 1771 729 difficile
1798 665 2117 752 explicatu
2146 682 2261 730 est.
2294 667 2667 735 Luminaria

532 784 633 848 vel
675 771 948 870 l'ychnos
985 791 1286 838 accensos
1321 765 1699 857 significari,
1732 766 1839 829 vix
1882 766 2219 854 probabile
2251 784 2379 852 est,
2422 771 2540 836 etsi
2586 771 2671 835 de

533 881 748 950 officio
771 876 1140 968 vespertino
1173 891 1390 936 sermo
1427 885 1543 933 est.
1582 869 1749 934 Nam
1784 891 1905 931 cur
1936 867 2103 957 ignis
2134 871 2243 934 hic
2272 887 2527 937 sanctus
2552 883 2670 938 iro·

531 984 756 1051 cetur?
801 997 866 1046 et
913 997 1209 1066 quamam
1247 987 1416 1036 esset
1451 971 1593 1034 haec
1626 969 1996 1033 benedictio
2032 972 2477 1059 lychnorum?
2516 974 2670 1040 Exi-

535 1090 728 1152 stimo
753 1082 971 1172 potius
997 1083 1204 1166 ignem
1231 1071 1793 1160 interpretandum
1822 1093 1960 1135 esse
1988 1095 2183 1137 sensu
2206 1063 2671 1158 ecclesiastico,

534 1212 668 1279 quo
701 1185 868 1276 ignis
905 1175 1239 1246 dicebatur
1271 1173 1627 1241 admonitio
1672 1173 1877 1261 gravis
1926 1187 1992 1236 et
2035 1177 2321 1262 precatio
2363 1179 2683 1242 catechu·'

536 1289 744 1356 menis
769 1283 1088 1373 baptismo
1114 1273 1545 1366 praeparandis
1574 1275 1831 1337 recitata
1850 1321 1867 1354 ,
1903 1291 1980 1338 ut
1996 1276 2198 1340 verbo
2218 1276 2474 1360 divine,
2509 1279 2671 1344 iram

538 1391 656 1454 Dei
695 1383 1118 1454 denuntiante
1161 1395 1228 1443 et
1265 1395 1577 1464 tanquam
1624 1391 1887 1458 urente,
1922 1379 2203 1466 correpti
2252 1378 2544 1444 dolorem
2592 1383 2676 1444 de

539 1489 812 1580 peccatis
849 1483 1264 1570 conciperent
1281 1527 1298 1560 ‚
1333 1477 1733 1567 gratiamque
1770 1475 2053 1541 divinam
2088 1479 2390 1545 ardenter
2420 1483 2679 1548 anhela-

539 1589 898 1656 rent-*Sic
931 1585 1104 1647 enim
1139 1580 1381 1645 Minue.
1419 1578 1637 1658 Felix,
1671 1577 1891 1642 Octav.
1928 1600 2066 1666 cap.
2108 1601 2211 1666 27,
2242 1585 2547 1646 oracionis
2575 1586 2677 1646 in-

539 1693 764 1758 cendia
785 1704 1002 1767 vocat,
1023 1682 1264 1771 quibus
1291 1679 1621 1743 daemones
1648 1676 1731 1740 de
1758 1678 2143 1766 corporibus
2170 1681 2529 1769 exigantur.
2554 1683 2677 1747 En.

539 1793 804 1856 *Vide
842 1787 1310 1876 Binghamum‚
1343 1781 1521 1867 Orig.
1554 1779 1776 1843 eccles.
1808 1779 1917 1843 lib.
1954 1779 2046 1859 X,
2098 1803 2236 1868 cap.
2279 1805 2313 1845 2
2336 1832 2354 1864 ,
2391 1789 2426 1864 S
2462 1785 2523 1850 8.
2562 1787 2677 1849 Hae
2708 1768 2716 1778 ⁸

543 1893 947 1986 precationes
1001 1906 1152 1950 cum
1177 1880 1675 1948 'catechumenis
1722 1882 1913 1944 etiam
1965 1883 2300 1946 exorcismi
2354 1885 2677 1950 vocaban-

544 2015 686 2077 tur,
724 1994 837 2082 qui
867 1989 1262 2076 baptismum
1298 1980 1765 2071 praecedebant.
1802 1981 1970 2044 Hinc
2010 1983 2413 2073 Augustinus
2431 2034 2449 2067 ‚
2495 2009 2678 2051 com·

546 2115 746 2168 ment.
793 2095 860 2158 in
911 2091 1147 2154 Psalm.
1194 2086 1390 2164 LXV,
1429 2099 1612 2146 tomo
1646 2083 1737 2148 IV
1788 2083 1958 2170 opp.
2005 2106 2069 2171 p.
2121 2084 2253 2160 486
2298 2109 2481 2152 novae
2524 2089 2676 2155 edit.

545 2233 570 2258 a
598 2199 747 2264 Noli
785 2193 1086 2258 festinare
1123 2187 1204 2251 ad
1241 2206 1511 2273 aquam3
1546 2202 1663 2271 per
1693 2184 1910 2272 ignem
1946 2185 2144 2250 transi
2176 2187 2259 2250 ad
2295 2210 2530 2278 aquam
2552 2241 2571 2268 ‚
2605 2208 2679 2255 ut

550 2319 829 2366 transeas
868 2311 935 2357 et
971 2311 1226 2378 aquam.
1264 2287 1615 2374 Propterea
1650 2300 1717 2348 et
1751 2286 1821 2347 in
1856 2286 2272 2352 sacramentis
2309 2290 2474 2353 etin
2508 2309 2677 2356 cate-

547 2398 858 2467 chisando
891 2411 958 2458 et
991 2395 1056 2455 in
1093 2386 1514 2453 exorcisando
1548 2384 1895 2449 adhibetur
1930 2389 2111 2475 prius
2143 2389 2309 2478 ignis
2341 2439 2355 2453 .
2386 2440 2401 2455 .
2432 2440 2448 2455 .
2482 2441 2497 2454 .
2526 2391 2679 2456 Post

550 2507 767 2594 ignem
800 2513 1016 2562 autem
1053 2489 1390 2556 exorcismi
1417 2486 1680 2552 venitur
1714 2488 1795 2551 ad
1830 2487 2228 2576 baptismum
2251 2538 2270 2572 ,
2303 2491 2386 2554 ab
2418 2493 2572 2582 igne
2602 2493 2680 2557 ad

551 2625 786 2693 aquam
805 2648 824 2680 ,
851 2598 932 2662 ab
965 2617 1128 2682 aqua
1163 2591 1245 2655 ad
1277 2589 1687 2678 refrigerium
1712 2623 1755 2652 υ.
1784 2590 1996 2654 Etiam
2022 2591 2352 2654 Paullinus
2369 2642 2387 2676 ,
2415 2593 2496 2656 ad
2532 2617 2680 2659 eum

553 2705 720 2795 ignis
757 2719 1019 2765 sensum
1052 2691 1398 2782 respiciens
1417 2739 1434 2772 ‚
1458 2689 1667 2779 Epist.
1698 2691 1852 2754 XVI
1896 2691 1961 2754 in
2006 2689 2165 2755 fine:
2207 2725 2229 2748 ιι
2250 2693 2393 2757 Hoc
2424 2694 2577 2784 igne
2608 2698 2683 2760 il-

555 2802 850 2870 luminati
868 2848 887 2882 ‚
929 2814 995 2861 et
1025 2796 1107 2860 ad
1145 2795 1314 2858 sitim
1359 2811 1541 2878 aquae
1576 2791 1735 2857 vivae
1772 2813 1889 2881 per
1931 2794 2100 2883 ignis
2146 2793 2341 2875 hujus
2385 2797 2684 2862 ardorem

556 2904 843 2985 accensi,
875 2901 945 2965 in
979 2895 1371 2962 desiderium
1409 2893 1677 2959 Domini
1708 2915 1859 2958 vere
1894 2894 2219 2959 dicemus:
2249 2897 2429 2962 Sicut
2461 2923 2687 2964 cervus

551 3007 870 3074 desiderat
893 3001 976 3066 ad
1003 3001 1216 3064 fontes
1243 3018 1561 3084 aquarum
1580 3043 1599 3077 ,
1621 2999 1709 3059 ita
1734 2995 2055 3061 desiderat
2081 2999 2294 3062 anima
2319 3023 2463 3065 mea
2484 3001 2568 3065 ad
2594 3019 2655 3066 te
2670 3053 2687 3084 ,

553 3113 732 3174 Deus
749 3154 770 3187 ‚
800 3101 1108 3194 quoniam
1133 3097 1307 3187 apud
1335 3115 1400 3161 te
1427 3098 1577 3160 fons
1601 3097 1747 3161 vitae
1767 3146 1785 3177 ,
1812 3113 1877 3160 et
1910 3098 1975 3161 in
2008 3099 2257 3163 lumine
2291 3117 2409 3166 tuo
2434 3103 2688 3166 videbi-

555 3233 702 3276 mus
726 3209 947 3271 lumen
963 3235 1006 3268 ι».
1029 3201 1352 3266 Videntur
1375 3198 1695 3279 ejusmodi
1720 3199 2198 3265 admonitiones
2218 3203 2319 3266 vel
2349 3206 2690 3269 exorcismi

557 3315 625 3375 in
655 3307 1023 3397 vespertino
1061 3303 1336 3368 maxime
1369 3299 1589 3366 officio
1625 3323 1743 3388 per
1774 3323 1885 3364 eos
1922 3301 2058 3366 dies
2083 3351 2101 3384 ‚
2138 3304 2251 3390 qui
2288 3305 2692 3393 baptismum

550 3411 846 3501 proxime
887 3402 1344 3471 celebrandum
1385 3401 1837 3490 praecedebant
1856 3449 1873 3482 ‚
1908 3405 2235 3491 usurpati,
2271 3421 2337 3468 et
2384 3407 2693 3495 precibus

563 3535 686 3602 pro
716 3507 1194 3577 catechumenis
1221 3505 1531 3594 praemissi
1556 3504 1659 3568 vel
1690 3504 1936 3569 inserti.
1966 3505 2293 3593 Licentius
2320 3507 2455 3598 ipse
2482 3509 2696 3574 decla·

565 3632 699 3696 rat,
727 3613 848 3678 sibi
881 3610 963 3674 de
995 3607 1475 3697 precationibus
1508 3627 1873 3670 sermonem
1917 3629 2055 3669 esse
2072 3655 2091 3688 ,
2116 3628 2261 3696 qum
2295 3610 2693 3698 baptismum

565 3715 858 3805 proxime
889 3713 1184 3775 futurum
1217 3723 1544 3798 spectent:

843 3917 1069 3972 sternite
1097 3917 1328 3970 membra
1355 3915 1467 3969 solo
1481 3952 1497 3978 ,
1518 3914 1835 3985 meritosque
1860 3914 1995 3966 ciete
2014 3911 2223 3967 dolores
2242 3953 2257 3976 ,

852 4003 921 4054 Et
938 4001 1210 4072 prohibete
1227 4001 1372 4054 nefas
1393 4018 1407 4051 ε
1441 4001 1587 4052 Deus
1608 3998 1832 4069 imperat
1857 3997 2101 4051 omnibus
2125 4014 2293 4050 unum
2307 4039 2323 4063 ,

851 4083 1111 4135 Admonet
1133 4085 1370 4146 antistes,
1395 4094 1719 4153 venturaque
1740 4082 1953 4134 flumina
1977 4094 2190 4136 terrent.
