2975 4684
558 343 690 416 158

1141 343 1537 412 LUCILII
1602 345 2080 414 JUNIORIS

641 469 732 536 Et
763 488 948 534 sacer
975 464 1045 534 in
1073 461 1326 534 bellum
1353 487 1707 554 numerus,
1734 489 1855 536 sua
1882 464 2079 536 turba
2108 465 2386 560 regenti.
2600 483 2671 535 ⁵7³

638 577 841 645 Nunc
866 573 980 642 hic
1001 574 1346 668 Cecropiae
1373 574 1575 644 variis
1598 591 1988 671 spectantur
2009 575 2289 646 Athenae

639 685 1104 774 Carminibu5‚
1137 684 1570 780 gaudentque
1600 711 1719 756 sua
1744 687 2018 757 victrice
2042 687 2385 756 Minerva:

637 795 906 866 Excidit
930 795 1042 865 hic
1071 795 1298 866 reduci
1329 796 1671 892 quondam
1700 799 1857 886 tibi,
1908 797 2161 894 perfide
2185 797 2489 885 Thenai,

642 899 948 976 C'andida
978 904 1264 977 sollicito
1297 908 1702 1002 proemittere
1730 908 1875 980 vela
1902 910 2187 1004 parenti.

631 1021 740 1088 Tu
779 1041 1048 1112 quoque
1077 1017 1497 1087 Athenarum
1534 1020 1823 1106 crimen,
1848 1019 1989 1114 jam
2021 1018 2250 1089 nobile
2278 1015 2461 1088 sidus
2483 1071 2502 1104 ,
2604 1037 2679 1077 ⁵⁸⁰

635 1130 967 1225 Erigone3
994 1153 1201 1225 genus
1228 1141 1299 1203 et
1325 1143 1654 1218 vestrum,
1674 1128 2049 1200 Philomela
2074 1127 2336 1200 canoris

537 1323 630 1397 qui
653 1323 754 1376 sibi
787 1339 958 1394 genua
983 1319 1206 1374 abscidit
1225 1358 1241 1384 ,
1273 1319 1404 1374 dum
1435 1322 1567 1376 Bac-

539 1403 629 1458 chi
671 1420 820 1456 sacra
865 1411 1242 1453 contemneret.
1264 1430 1336 1440 —-
1353 1405 1567 1454 Eurum

543 1481 736 1535 fluvius
753 1480 994 1533 Laconia
1009 1516 1026 1543 ‚
1042 1479 1286 1551 Spartam
1305 1482 1569 1551 preterla-

541 1562 676 1614 bens
692 1598 708 1624 ,
750 1558 924 1632 poetis
971 1558 1199 1612 multum
1233 1557 1563 1612 celebratus:

541 1640 612 1694 ad
637 1659 799 1712 quem
838 1637 956 1690 fieri
985 1638 1288 1709 frequentes
1319 1639 1571 1692 exercita-

540 1721 709 1774 tiones
719 1716 1012 1793 juventutis
1029 1717 1296 1788 spartana
1309 1718 1567 1774 solebant.

615 1799 736 1872 575.
756 1803 822 1850 Et
843 1817 990 1850 sacer
1011 1799 1062 1848 in
1102 1799 1280 1848 bellum
1314 1817 1565 1850 amerus.

540 1881 608 1934 Et
634 1877 860 1952 populus
883 1894 982 1948 per
1012 1893 1261 1928 numeros
1299 1887 1352 1929 et
1376 1877 1569 1931 classes

542 1960 841 2030 descriptus
867 1956 922 2007 in
949 1954 1150 2008 bellum
1173 1992 1190 2019 ,
1231 1967 1284 2008 et
1313 1958 1571 2032 cujusque

543 2039 748 2096 ordinis
770 2036 963 2090 rectori
985 2055 1170 2106 parere
1191 2034 1397 2090 doctus.
1416 2037 1573 2090 Vete-

543 2139 627 2174 re·
647 2117 767 2174 edd.
787 2116 985 2169 habent
1013 2117 1224 2177 recenti,
1254 2116 1400 2188 quod
1423 2115 1478 2169 in
1497 2137 1573 2170 re-

537 2203 682 2269 genti
699 2193 1023 2251 mutandum
1059 2213 1206 2258 ease,
1247 2196 1471 2266 quilibet
1495 2195 1573 2249 vi-

542 2279 651 2334 det.
675 2275 806 2329 vid.
835 2275 1100 2328 Excuraua
1121 2275 1359 2346 quintus.

615 2359 739 2429 576.
780 2362 1094 2426 Spectantur,
1135 2353 1394 2419 visuntur,
1431 2355 1570 2408 ocle-

543 2440 796 2499 brantur,
832 2434 993 2486 variis
1027 2436 1345 2495 nominibus,
1384 2452 1484 2506 per
1521 2447 1573 2489 et

542 2529 760 2590 propter
795 2511 1054 2568 indicium
1075 2513 1346 2566 variorum
1381 2515 1574 2568 carmi-

542 2615 700 2652 num:
723 2595 852 2668 quia
888 2613 960 2670 ea·
978 2593 1207 2646 maxime
1235 2595 1458 2665 spectari
1496 2613 1576 2648 so·

543 2675 654 2731 lent
674 2675 890 2729 Athenis
909 2711 924 2737 ,
945 2692 1064 2745 quae
1082 2673 1276 2727 fabulis
1292 2687 1574 2744 poetarum

545 2757 814 2812 celebrata
837 2766 980 2808 sunt.

616 2839 740 2907 577.
793 2837 1001 2886 Victrice
1041 2835 1291 2892 Minerva,
1342 2851 1463 2903 quae
1512 2832 1569 2884 in

541 2915 828 2969 certamine
845 2934 968 2968 cum
986 2914 1234 2984 Neptuno
1252 2912 1434 2965 victrix
1452 2930 1573 2964 eva-

541 2995 640 3062 sit,
668 2995 786 3049 olea
821 2995 934 3067 ejus
971 2992 1254 3065 praeposita
1299 3008 1436 3061 equo
1474 2991 1575 3043 Ne-

541 3075 708 3162 ptuni.
751 3073 834 3125 Ad
871 3072 1114 3126 eamdem
1154 3070 1407 3124 Minervae
1442 3073 1569 3130 Νίκη

539 3160 704 3212 Αθηνᾶ
717 3191 731 3216 ,
755 3152 824 3206 de
841 3171 944 3224 qua
965 3149 1376 3222 Harpocration.

616 3235 736 3304 578.
795 3235 996 3286 Excidit
1035 3235 1137 3284 hic.
1185 3231 1294 3296 Qui
1335 3231 1572 3284 Athenas

541 3311 680 3372 adit,
705 3314 846 3364 inter
881 3311 986 3364 alia
1021 3310 1200 3365 locum
1249 3322 1426 3374 notat,
1477 3309 1571 3363 ubi

539 3392 778 3446 Theseus
821 3410 852 3444 e
899 3391 1058 3444 Creta
1107 3389 1276 3444 redux
1327 3390 1563 3462 appulit,

543 3471 738 3526 oblitus
784 3471 898 3524 vela
941 3469 1168 3524 candida
1207 3467 1534 3540 pretendere
1552 3506 1568 3533 ,

543 3566 602 3607 ut
627 3565 801 3606 essent
825 3553 967 3625 patri
1001 3553 1186 3605 nuntia
1222 3551 1419 3606 reditus
1457 3549 1573 3604 feli-

542 3633 634 3688 cis.
653 3633 906 3686 Fabulam
930 3632 1070 3686 hanc
1087 3631 1319 3690 narravit
1333 3631 1574 3684 Catullus

545 3715 600 3765 in
620 3714 862 3767 carmine
882 3710 951 3764 de
970 3712 1180 3782 Nuptiis
1199 3711 1343 3764 Pelei
1364 3721 1416 3762 et
1435 3709 1574 3762 The-

545 3791 756 3846 nidis.—
769 3795 984 3864 Perfidus
997 3791 1234 3844 Theseus
1253 3790 1573 3862 appellatur,

544 3873 614 3924 ob
631 3870 904 3924 Ariadnen
924 3869 1126 3942 perfide
1143 3869 1382 3922 relictam
1399 3871 1455 3921 in
1475 3867 1575 3920 Dia

547 3949 716 4004 insula
753 3950 969 4016 (Naxo).

619 4031 738 4100 579.
763 4032 963 4085 Omnes
979 4031 1106 4084 libri
1124 4031 1228 4084 mei
1252 4030 1452 4083 habent
1463 4049 1577 4097 per-

546 4115 730 4163 mitten-
743 4149 758 4171 ‚
786 4122 1003 4182 excepta
1031 4129 1136 4164 una
1171 4107 1420 4180 Lugdun.
1455 4127 1576 4180 qum

1652 1335 1797 1380 mete
1832 1324 2043 1382 exhibet
2065 1325 2383 1392 pra-mittere.
2420 1319 2509 1374 Sc
2538 1317 2683 1371 enin

1653 1403 1939 1476 legendum
1956 1405 2027 1457 ob
2046 1401 2239 1456 fabuloe
2258 1401 2538 1454 rationem.

1728 1484 1852 1538 580.
1904 1488 2210 1538 Athenarum
2252 1499 2451 1532 carmen
2502 1478 2687 1549 legunt

1657 1583 1845 1618 omnes
1882 1563 2005 1618 mei.
2044 1561 2237 1616 Aldina
2278 1571 2459 1613 tamen
2496 1561 2688 1610 crima

1654 1644 1854 1698 habere
1888 1643 2082 1697 dicitur
2098 1681 2115 1707 ,
2154 1639 2302 1714 quod
2336 1657 2463 1692 cane
2499 1647 2689 1708 aptum

1655 1735 1756 1777 est.
1789 1726 1927 1778 Nam
1952 1722 2189 1794 Erigone
2222 1737 2383 1791 nuper
2413 1717 2583 1790 patris
2606 1714 2689 1767 sni

1657 1804 1843 1868 Icarii,
1870 1805 1941 1857 ab
1958 1801 2140 1856 Atticis
2166 1797 2464 1872 pastoribus
2484 1795 2652 1851 occisi
2672 1835 2689 1861 ,

1658 1901 1881 1956 corpore
1918 1901 1977 1936 ne
2016 1878 2301 1954 suspendio
2336 1876 2545 1931 necavit
2559 1913 2577 1940 ,
2616 1875 2691 1928 ob

1656 1981 1817 2034 quam
1844 1981 1959 2014 rem
1979 1961 2139 2014 Liber
2162 1961 2318 2013 Pater
2345 1958 2510 2011 iratus
2530 1953 2693 2008 Athe-

1656 2042 1919 2096 niensium
1942 2039 2079 2096 filins
2102 2039 2257 2093 simili
2288 2055 2433 2110 poena
2460 2035 2655 2090 afflixit
2672 2071 2690 2096 ,

1657 2135 1712 2176 et
1738 2121 1957 2176 oraculo
1986 2137 2299 2192 responsum
2320 2129 2427 2181 eat,
2448 2114 2614 2169 Icarii
2636 2124 2695 2166 et

1658 2201 1817 2274 Erigo
1824 2220 1915 2256 nea
1932 2211 2157 2254 mortem
2172 2193 2569 2252 vindicandam.
2584 2193 2693 2246 To-

1659 2294 1767 2335 tam
1797 2281 2033 2334 fabulam
2063 2277 2185 2332 vide
2210 2274 2356 2348 apud
2380 2273 2690 2346 Hyginum,

1660 2361 1769 2414 sah.
1796 2378 1915 2429 1²9.
1948 2391 2019 2402 --
2046 2365 2161 2410 Jam
2191 2359 2351 2409 nobile
2371 2356 2534 2413 sidus,
2557 2371 2689 2406 nam

1658 2441 1715 2494 in
1754 2454 2021 2494 aatmrum
2060 2453 2342 2490 numerum
2376 2432 2541 2487 relata
2568 2430 2693 2483 Eri-

1660 2539 1799 2592 gone
1812 2558 1828 2583 ,
1852 2532 1903 2573 et
1928 2519 2137 2591 signum
2156 2514 2390 2586 Virginis
2412 2525 2511 2565 est.
2532 2510 2689 2562 Ami-

1661 2618 1780 2671 quae
1808 2597 1930 2652 edd.
1958 2615 2232 2670 perperam
2256 2611 2355 2647 tam
2382 2595 2560 2645 nobile.

1735 2679 1833 2732 581
1846 2719 1859 2732 .
1878 2678 2147 2748 Pleraque
2166 2686 2369 2728 veteres
2385 2673 2595 2743 legunt:
2616 2689 2698 2720 se·

1662 2762 1749 2812 des
1776 2774 1947 2810 vestra
1980 2758 2261 2824 Amphiona
2286 2755 2483 2806 canoris
2498 2773 2518 2810 ,·
2546 2767 2696 2821 quoe-

1658 2836 1780 2890 dam
1805 2855 1819 2889 :
1841 2841 1981 2890 sedes
2012 2849 2185 2887 vestra
2217 2854 2278 2885 en
2300 2833 2567 2884 Philomela
2596 2847 2693 2878 ca-

1660 2921 1793 2970 noris
1822 2923 2007 2969 Evocat
2026 2919 2077 2966 in
2104 2917 2257 2974 silvis,
2282 2928 2401 2983 que
2423 2908 2693 2980 recipiens

1659 2995 1910 3050 Gorallus
1938 3000 2003 3046 Te
2022 3008 2175 3046 vocae
2198 2991 2324 3062 legit
2348 3009 2363 3042 z
2388 3007 2487 3042 nec
2506 3001 2693 3040 tamen

1659 3075 1775 3130 haec
1788 3075 2067 3130 concinna.
2088 3071 2224 3126 cod.
2244 3071 2470 3123 Helnnst.
2490 3066 2689 3120 utrius·

1660 3175 1764 3228 que
1788 3154 2025 3208 lectionis
2050 3151 2271 3223 vestigia
2296 3159 2546 3218 corrupta
2574 3163 2688 3198 ser-

1659 3247 1774 3290 vat:
1796 3239 1937 3287 sedes
1956 3249 2133 3286 vestra
2152 3231 2454 3300 amphilonia
2470 3228 2691 3278 canoris.

1656 3315 1887 3386 Scaliger
1905 3311 2123 3384 corrigit
2142 3330 2155 3364 :
2192 3313 2331 3362 sedes
2349 3347 2366 3371 ,
2399 3307 2651 3360 Pandioni
2668 3343 2687 3368 ‚

1658 3407 1829 3446 vestra
1868 3395 2065 3444 canoris
2093 3396 2158 3442 Te
2185 3403 2337 3443 vocae
2369 3392 2419 3440 in
2451 3389 2613 3446 silvis,
2644 3399 2697 3436 ee

1658 3488 1707 3524 m
1741 3492 1913 3525 soror.-
1944 3489 2064 3542 quae
2090 3470 2225 3523 mihi
2250 3480 2303 3522 et
2340 3467 2567 3520 nimium
2598 3465 2693 3518 ab·

1660 3571 1839 3606 errare
1872 3570 1905 3604 a
1936 3552 2198 3622 scriptura
2217 3588 2233 3614 ,
2266 3563 2320 3602 et
2352 3548 2575 3600 obscura
2604 3543 2691 3598 vi·

1662 3630 1876 3684 dentur.
1895 3631 2008 3702 Ego
2022 3630 2189 3700 legam
2206 3647 2219 3682 :
2232 3649 2392 3698 genus
2409 3641 2460 3679 ee
2472 3640 2693 3678 vestrum

1663 3714 1733 3780 (ο
1760 3709 2015 3778 Athena)
2035 3747 2049 3771 ,
2086 3711 2351 3762 Philomela
2384 3707 2581 3758 canoris
2608 3709 2691 3756 En

1664 3794 1808 3841 volae
1846 3793 1897 3842 in
1943 3792 2073 3841 silvis
2095 3827 2112 3851 ,
2158 3803 2209 3840 et
2246 3803 2328 3849 tu,
2356 3806 2499 3840 soror
2518 3786 2692 3852 hospi-

1665 3885 1748 3930 ta,
1786 3881 1885 3922 etc.
1922 3869 1988 3920 In
2028 3868 2203 3942 animo
2245 3867 2463 3919 fortasse
2505 3861 2697 3917 habuit

1662 3965 1868 4002 versum
1912 3947 2123 4009 Ovidii,
2156 3947 2369 4000 Metam.
2392 3945 2508 4008 v1,
2546 3945 2691 3996 668:

1662 4055 1688 4074 a
1711 4045 1939 4099 quarum
1964 4027 2095 4098 petit
2110 4027 2274 4079 altera
2296 4025 2451 4078 silvas
2469 4061 2485 4086 ,
2509 4023 2695 4076 Altera

1664 4118 1803 4162 tecta
1836 4107 1977 4160 subit
1995 4131 2018 4152 ι
2034 4147 2047 4158 .
2074 4107 2119 4158 Ε
2140 4125 2248 4177 quo
2274 4107 2395 4160 loco
2416 4115 2579 4156 totam
2618 4093 2711 4155 fa·'
