2975 4684
598 336 1302 404 EPITHALAMIUM
1350 339 1848 410 LAURENTII
1896 338 2011 406 ET
2060 341 2396 414 MARIAE.
2456 343 2591 441 397

561 457 936 552 principie,
972 460 1231 552 generis
1267 459 1466 528 simili
1503 485 1619 528 vos
1662 463 1867 556 stirpe
1906 477 2161 533 creatos

561 567 854 637 Florenti
893 566 1204 664 Florique
1240 573 1446 664 patris
1479 586 1581 639 sat
1624 572 1897 640 nomina
1931 572 2257 665 produnt,

553 678 886 749 Matribus
928 693 996 747 et
1031 680 1283 773 pariter
1317 680 1675 774 respondet
1710 681 1882 750 fetus
1918 696 2219 776 uterque.

561 792 732 857 Nam
776 789 1000 859 decuit
1031 791 1319 860 Mariam
1363 792 1729 885 sapientem
1766 790 2077 861 fundere.
2112 845 2127 860 .
2160 847 2173 860 .
2440 861 2447 868 ,
2544 833 2592 864 ι.

557 897 1040 995 Calliopenque
1077 901 1280 970 simul·
1303 902 1618 994 juvenem
1658 902 1986 996 proferre.
2021 954 2037 970 .
2071 957 2083 970 .

559 1012 624 1078 Ο
659 1007 949 1094 similes,
983 1009 1404 1104 multumque
1446 1009 1677 1104 pares!
1722 1027 1785 1080 te
1820 1012 2039 1105 prima
2066 1013 2379 1105 juventus

556 1121 890 1218 Insignem
929 1137 1369 1215 vegetamque
1410 1136 1595 1190 tenet
1611 1173 2160 1194 ............

545 1227 922 1322 Florigenas
958 1229 1287 1326 plenaque
1321 1230 1561 1301 decens
1596 1229 1913 1326 lanugine
1946 1231 2153 1302 malas

505 1378 508 1381 ·
553 1337 786 1408 Mollia
825 1341 1108 1410 votifero
1151 1341 1493 1436 dempsisti
1540 1341 1781 1411 vellera
1821 1341 1999 1411 ferro
2015 1397 2032 1430 ,

552 1449 841 1544 Egregio
882 1449 1094 1546 fulges
1131 1451 1352 1537 cultu,
1391 1468 1706 1548 totusque
1743 1453 2025 1523 decorus
2040 1505 2059 1541 ,

551 1561 640 1628 Et
673 1559 840 1629 facie
871 1585 1125 1648 mores,
1165 1563 1589 1657 patriamque
1622 1589 1701 1632 ex
1738 1565 2010 1632 nomine
2046 1565 2365 1658 pandens.

551 1672 727 1740 Nam
762 1695 910 1765 quae
943 1671 1260 1764 primates
1297 1673 1637 1768 quondam
1678 1695 1967 1766 genuere
2002 1674 2315 1774 Latinos,

551 1781 990 1875 Antiquaeque
1031 1779 1182 1848 urbi
1223 1781 1575 1874 proprium
1613 1781 1905 1849 tribuere
1942 1807 2258 1852 vocamen
2275 1837 2295 1868 ,

549 1894 731 1959 Dant
767 1889 924 1976 tibi,
967 1890 1323 1973 Laurenti,
1359 1893 1725 1960 Laurentes
1760 1892 2033 1990 nomina
2068 1893 2416 1987 Nymphae.

522 2107 570 2158 8.
593 2110 681 2156 Sat
696 2107 898 2157 nomina
907 2109 1120 2174 prodet.-
1161 2105 1231 2158 ita
1260 2105 1316 2158 in
1345 2105 1438 2158 MS
1453 2147 1468 2171 ,

449 2183 546 2238 sed
567 2184 848 2257 legendum
862 2191 1103 2254 produnt.
1135 2185 1311 2238 Banu.

527 2281 604 2317 ιο.
639 2269 914 2334 Sapientem
925 2266 1150 2334 fundere
1155 2303 1276 2318 .....
1311 2265 1469 2318 Forte

447 2343 642 2399 excidit
675 2359 911 2406 matrem,
951 2357 1002 2398 et
1037 2363 1192 2397 versu
1230 2344 1467 2416 sequenti

438 2425 661 2493 proferre
678 2427 765 2475 sub
785 2443 958 2475 auras.
989 2423 1162 2476 Banu.
1203 2423 1326 2476 Post
1344 2441 1465 2476 ver-

445 2505 575 2558 bum
595 2505 818 2572 flander-e
857 2501 1056 2556 excidit
1099 2521 1295 2556 nomen
1343 2521 1466 2574 pro-

445 2584 620 2655 prium
641 2584 825 2637 matris
837 2583 1042 2648 Mariae,
1065 2601 1298 2654 sponse,
1319 2582 1464 2654 quod

443 2663 878 2736 significationem
905 2662 1134 2733 aliquam
1161 2663 1461 2734 sapientise,

443 2742 722 2804 doctrinae,
751 2742 958 2796 virtutis
995 2742 1254 2808 habebat,
1292 2741 1464 2814 quod-

441 2841 547 2894 que
582 2825 880 2894 conjectura
919 2823 1122 2877 restitui
1159 2824 1358 2896 nequit.
1397 2825 1460 2876 In

441 2919 600 2954 versu
622 2913 870 2974 sequente
889 2902 976 2954 vix
999 2901 1188 2956 dubito
1210 2900 1464 2956 excidisse

441 2997 625 3034 vocem
648 2984 908 3042 diser-tum,
936 2994 1028 3034 aut
1053 2981 1254 3054 aliquid
1279 2981 1462 3034 simile.

439 3059 577 3113 Nam
592 3061 901 3128 ait,matrem
914 3060 1366 3132 sponsiCalliopen
1375 3081 1466 3114 no-

439 3139 659 3202 minari,
685 3137 912 3211 ideoque
943 3138 1162 3211 dignum
1203 3159 1264 3192 ea
1298 3151 1462 3193 matre

439 3217 612 3271 fllium
631 3237 743 3272 esse
762 3223 1010 3292 juvenem
1037 3218 1292 3272 disertum
1312 3257 1328 3282 ,
1365 3237 1460 3273 cn-

433 3300 522 3367 jus
557 3297 914 3369 eloquentiam
954 3315 1078 3350 mox
1109 3297 1293 3351 laudat
1320 3317 1370 3351 v.
1392 3300 1458 3351 23

435 3378 1318 3529 ἷέἐᾲιῖῗὲζᾷῗέἰωὲῖζέζξῖ
1343 3397 1451 3510 Ἐξ.

434 3547 605 3589 servat
634 3549 687 3589 et
719 3537 968 3607 exemplis
989 3538 1182 3608 probat
1205 3536 1449 3590 Barthius

433 3614 502 3668 ad
528 3617 656 3670 Stat.
675 3617 937 3671 Theb.1v
945 3657 960 3683 ,
986 3618 1072 3680 34.

509 3702 588 3758 14.
619 3698 902 3764 Flon'genas
940 3695 1067 3749 dicit
1102 3701 1264 3747 malas
1308 3714 1451 3749 novo

429 3774 690 3827 vocabulo
706 3811 722 3838 ,
757 3776 910 3847 quasi
935 3773 1119 3828 florem
1143 3777 1420 3848 gignentes
1437 3814 1452 3840 ,

429 3854 556 3926 quia
584 3851 756 3924 prima
792 3853 957 3908 barba
997 3853 1092 3907 flos
1115 3855 1344 3926 juvente
1368 3852 1453 3907 di-

429 3933 584 3986 citur.
609 3931 807 3986 -vid.
834 3945 1014 3986 notata
1038 3945 1214 3987 nostra
1239 3931 1306 3988 ad
1337 3933 1452 3986 Cal-

428 4029 586 4082 purn.
613 4012 705 4074 11,
755 4014 824 4066 86
867 4026 919 4066 et
960 4019 1060 4080 89,
1101 4025 1152 4065 et
1191 4012 1258 4066 ad
1295 4013 1451 4066 Saleii

430 4090 575 4145 Bassi
607 4109 660 4144 v.
687 4091 804 4156 248.

2566 2015 2573 2022 ’
2558 1933 2605 1957 ἔ

1640 2107 1725 2162 15.
1744 2109 1919 2160 Mollia
1942 2109 2156 2176 voufero
2177 2110 2441 2178 dempsisti.
2466 2111 2586 2167 Ele-

1559 2203 1689 2256 gans
1713 2187 1841 2238 satis
1867 2184 2147 2257 descriptio
2174 2187 2435 2259 lanuginis
2450 2230 2466 2257 ,
2486 2211 2579 2246 seu

1557 2265 1736 2319 barbae
1768 2265 2049 2332 mollioris,
2078 2263 2309 2337 primum
2350 2267 2581 2324 detonsae

1540 2345 1687 2412 fen-o
1727 2347 1934 2412 voer’sero
1946 2383 1965 2407 ,
2004 2347 2133 2418 quia
2174 2342 2269 2400 illo
2312 2346 2399 2400 die
2421 2391 2435 2416 ,
2473 2363 2582 2423 quo

1555 2427 1861 2498 lanuginem
1878 2425 2217 2499 deponebant
2230 2429 2471 2499 juvenes,
2488 2452 2583 2488 seu

1553 2505 1831 2560 candidior
1858 2504 2102 2560 tondenti
2136 2507 2301 2560 barba
2328 2508 2546 2576 cadebat
2563 2552 2579 2576 ,

1553 2597 1673 2638 vota
1696 2585 1896 2638 laribus
1914 2584 2215 2639 domesticis
2238 2587 2436 2641 fiebant
2450 2631 2466 2655 ,
2491 2607 2545 2645 et
2559 2632 2574 2656 ,

1551 2675 1612 2717 ut
1646 2663 1777 2730 dicit
1807 2664 2075 2718 Juvenalis
2093 2701 2111 2729 ,
2150 2691 2175 2712 α
2194 2666 2353 2737 plena
2386 2665 2577 2724 domus

1550 2742 1667 2796 libis
1693 2744 1987 2815 genialibus
2006 2769 2031 2788 a·
2060 2755 2203 2796 erat:
2228 2763 2389 2814 quem
2412 2752 2577 2802 ritum

1550 2821 1831 2874 illustravit
1863 2822 2073 2894 Lipsius
2113 2819 2183 2874 ad
2217 2823 2343 2876 Tac.
2379 2829 2571 2882 Annal.

1550 2901 1699 2967 XIV,
1716 2901 1769 2952 in
1786 2901 2024 2972 Excursu
2044 2901 2087 2950 Β
2110 2898 2253 2954 docti
2276 2903 2575 2974 interpretis

1551 2979 1622 3033 ad
1646 2981 1790 3034 Suet.
1812 2981 1935 3032 Ner.
1953 2998 2069 3050 cap.
2096 2997 2180 3043 12,
2200 2994 2253 3033 et
2275 2980 2345 3036 ad
2362 2982 2569 3039 Petron.

1552 3078 1669 3130 cap.
1697 3076 1795 3128 ²93
1838 3071 1897 3111 ut
1934 3058 2023 3111 hic
2063 3059 2320 3126 vociferum
2339 3063 2563 3130 ,fit-nun,

1553 3139 1625 3192 ita
1644 3141 1859 3206 votigen‘
1874 3141 2019 3206 ignes
2041 3137 2180 3190 infra
2201 3159 2251 3192 ν.
2280 3142 2367 3194 60.
2388 3143 2566 3197 vau.

1625 3237 1705 3271 ao.
1724 3224 1865 3270 Dant
1879 3221 1967 3268 tibi
1977 3256 1992 3279 ‚
2024 3222 2280 3280 Laurenti,
2301 3226 2571 3278 Laurentes

1550 3301 1750 3354 nomina
1760 3301 2015 3364 Nympha.
2034 3296 2262 3368 Respicit
2282 3299 2375 3354 illa
2395 3303 2569 3375 Virgi-

1544 3377 1633 3441 lii,
1668 3379 1785 3430 AEn.
1806 3377 1914 3430 VII
1930 3416 1945 3442 ,
1965 3378 2126 3444 59-63
2154 3395 2167 3428 :
2190 3404 2215 3423 a
2229 3379 2436 3434 Laurus
2456 3397 2567 3438 erat

1542 3456 1663 3508 tecti
1686 3454 1863 3508 medio
1892 3457 1947 3508 in
1980 3457 2334 3527 penetralibus
2357 3460 2525 3514 altis.·.
2541 3501 2553 3512 .

1539 3537 1713 3601 Quam
1728 3547 1873 3605 pater
1888 3535 2175 3597 inventam,
2192 3539 2387 3608 primas
2400 3559 2568 3612 quum

1544 3613 1797 3668 conderet
1815 3632 1983 3676 arces,
2002 3615 2123 3685 Ipse
2143 3615 2407 3668 ferebatur
2419 3618 2567 3672 Phoe-

1543 3695 1617 3746 bo
1645 3712 1876 3748 sacrasse
1896 3694 2145 3756 Latinus,
2182 3695 2567 3771 Laurentisque

1545 3774 1615 3826 ab
1658 3792 1719 3826 ea
1766 3791 1961 3826 nomen
2000 3772 2235 3842 posuisse
2278 3775 2477 3832 colonis
2500 3799 2561 3842 »ς

1545 3853 1637 3904 ubi
1654 3853 1863 3907 Servius
1881 3871 1895 3904 :
1920 3877 1947 3896 οι
1964 3852 2183 3904 Latinus
2198 3865 2319 3924 post
2338 3872 2561 3911 mortem

1543 3931 1763 3994 Lavini,
1782 3949 1949 4004 quum
1972 3929 2247 3983 Lavinium
2275 3935 2565 4006 amplifica-

1543 4023 1651 4074 ret,
1690 4011 1758 4064 ab
1787 4011 2005 4062 iuventa
2040 4009 2219 4072 lauro,
2252 4010 2560 4070 Laurolavi-

1545 4092 1689 4142 nium
1716 4089 1769 4144 id
1800 4088 2141 4160 appellavit».
2177 4089 2353 4146 Eunu.
2379 4097 2563 4150 -Pro
