2975 4684
478 299 568 372 58
616 319 621 326 ·
1046 307 1266 374 DUO
1330 309 2065 381 EPITHALAMIA.

470 434 759 497 saux-ensi
774 481 792 515 ‚
820 449 999 497 tomo
1020 433 1133 517 IV,
1156 457 1302 526 pag.
1330 436 1489 526 2373
1507 437 1832 527 habetque
1853 439 2410 528 praefatiunculam
2429 445 2614 531 quin·

470 561 599 626 que
643 559 950 604 versuum
1004 542 1399 630 praemissam
1422 592 1441 626 ‚
1484 567 1614 632 qua
1668 559 1898 610 auctor
1951 548 2352 634 poematium
2413 571 2612 628 suum

466 643 817 709 lectoribus
862 647 1299 712 commendat.
1337 647 1630 714 Miranda
1673 651 2152 739 propemodum
2197 669 2296 718 est
2342 654 2610 720 audacia

465 750 775 832 auctoris,
796 752 911 839 qui
942 751 1106 816 adeo
1135 753 1399 843 ingenio
1432 739 1556 819 suo
1589 754 1875 821 confisus
1909 773 2038 838 est,
2062 773 2138 820 ut
2176 756 2611 824 describendo

466 855 725 920 seminae
758 857 1013 945 perdite
1049 861 1320 924 amantis
1337 907 1355 943 ,
1392 861 1508 926 sed
1547 861 1832 950 deceptae
1879 876 1948 928 et
1989 861 2292 946 desertae,
2324 865 2568 930 affectu
2587 917 2606 950 ,

446 985 877 1028 summorum
930 981 1275 1053 poetarum
1298 1015 1315 1048 ,
1359 968 1473 1056 qui
1527 966 1700 1032 idem
1753 984 2088 1034 tentarunt
2139 985 2206 1034 et
2257 969 2610 1036 difficulter

462 1071 909 1157 perfecerunt,
927 1088 1133 1135 artem
1162 1089 1229 1136 et
1254 1073 1592 1161 ingenium
1621 1096 1690 1138 se
1713 1091 1827 1139 aut
1851 1097 2184 1162 superare,
2209 1092 2324 1140 aut
2349 1099 2607 1164 aequare

462 1197 654 1262 posse
694 1175 1005 1241 crederet.
1048 1179 1309 1242 Etenim
1330 1227 1347 1260 ,
1377 1179 1562 1267 quod
1597 1181 2006 1244 Burmannus
2041 1180 2110 1244 in
2149 1181 2356 1270 prima
2391 1182 2604 1247 adno-

460 1281 707 1344 tatione
754 1283 1047 1365 monuit,
1074 1283 1544 1348 conferendum
1593 1302 1691 1350 est
1727 1301 1944 1350 totum
1981 1285 2110 1350 hoc
2145 1307 2408 1352 carmen
2451 1311 2604 1353 cum

461 1386 693 1450 eximia
719 1386 995 1451 Didonis
1023 1390 1286 1477 querela
1310 1389 1391 1454 ad
1416 1391 1694 1456 AEneam
1733 1389 1908 1479 apud
1941 1390 2118 1481 Virg.
2148 1393 2262 1476 lv,
2287 1392 2442 1459 AEn.
2475 1392 2606 1472 304

460 1514 671 1580 usque
706 1493 791 1558 ad
834 1492 998 1579 330,
1020 1512 1087 1560 et
1122 1519 1157 1560 a
1186 1520 1247 1560 v.
1284 1495 1409 1562 365
1448 1497 1532 1562 ad
1571 1497 1725 1586 387,
1757 1521 1952 1586 quam
1985 1497 2421 1586 pulcherrime
2451 1500 2603 1564 imi-

460 1615 667 1664 tatum
700 1601 899 1666 fuisse
924 1603 1235 1668 Ovidium
1270 1605 1336 1668 in
1373 1605 1635 1693 querela
1656 1606 1878 1694 Scyllae
1909 1604 1991 1669 ad
2023 1605 2348 1688 Minoem,
2377 1606 2604 1670 obser-

460 1708 632 1770 vavit
664 1707 975 1773 Ciosanus
1008 1709 1091 1774 ad
1126 1711 1237 1774 lib.
1255 1711 1452 1792 VIII,
1500 1711 1764 1776 Metam.
1793 1735 1863 1776 v..
1889 1713 2034 1777 108.
2071 1710 2255 1776 Idem
2289 1733 2432 1776 eam
2463 1713 2602 1776 sin-

456 1813 665 1903 gulari
686 1813 961 1880 Didonis
987 1816 1257 1904 epistola
1282 1819 1594 1906 expressit
1615 1819 1675 1882 H
1680 1815 1978 1881 eroidum
2001 1817 2144 1882 Vll.
2169 1815 2604 1906 Adjungenda

456 1938 556 1986 est
584 1921 899 1987 Ariadnes
917 1973 935 2006 ‚
958 1925 1097 2012 pari
1126 1924 1193 1988 in
1226 1925 1489 1988 fortuna
1529 1940 1596 1989 et
1635 1923 1876 1988 affectu
1918 1923 2318 2004 constitutae,
2348 1927 2604 2014 egregia

456 2030 884 2117 expostulatio
910 2029 994 2094 ad
1021 2031 1345 2096 Theseum
1372 2030 1549 2120 apud
1573 2031 1900 2096 Catullum
1919 2077 1937 2112 ,
1963 2031 2396 2118 Epithalamio
2424 2031 2602 2096 Pelei

458 2149 525 2198 et
553 2135 881 2218 Thetidis,
933 2161 993 2202 v.
1037 2137 1117 2201 32
1164 2160 1346 2225 seqq.
1402 2139 1660 2202 Horum
1696 2152 1912 2200 autem
1957 2152 2296 2225 poetarum
2339 2137 2599 2201 incom-

454 2241 803 2330 parabilem
852 2243 1097 2332 ingenii
1138 2242 1604 2308 fecunditatem
1647 2259 1712 2306 et
1759 2242 2195 2330 eloquentiam
2245 2241 2408 2306 adeo
2460 2265 2600 2306 non

455 2345 858 2434 adsequutus
894 2362 991 2412 est
1026 2347 1133 2413 hic
1166 2348 1504 2413 deterioris
1561 2350 1676 2412 aevi
1727 2363 1920 2436 poeta
1939 2395 1959 2428 ‚
1997 2364 2074 2412 ut
2123 2345 2284 2412 dum
2321 2347 2599 2412 Didonis

454 2451 763 2517 affectum
798 2452 1104 2518 diducere
1134 2449 1325 2518 latius
1342 2503 1361 2536 ,
1390 2469 1461 2518 et
1500 2452 1824 2541 copiosius
1866 2474 2190 2542 exponere
2231 2453 2596 2518 orationem

456 2560 671 2648 cupit,
701 2560 1167 2648 sententiisque
1202 2561 1359 2624 hinc
1396 2560 1551 2624 inde
1587 2577 1654 2624 et
1693 2559 1960 2648 argutiis
1993 2581 2304 2624 exornare
2323 2609 2340 2642 ,
2376 2581 2597 2624 veram

454 2663 593 2744 ejus
638 2665 985 2754 imaginem
1024 2681 1399 2753 corrumpat
1440 2681 1506 2729 et
1548 2663 1775 2728 deleat.
1807 2663 1937 2728 Sed
1977 2663 2124 2728 talia
2163 2663 2455 2729 carmina
2493 2666 2598 2729 vel

454 2769 605 2835 ideo
640 2770 1031 2859 proferenda
1072 2787 1138 2835 et
1174 2771 1449 2860 legenda
1486 2785 1676 2850 sunt,
1707 2785 1784 2834 ut
1823 2768 2302 2834 decrescentem
2335 2770 2492 2834 artis
2531 2787 2598 2835 et

452 2877 699 2966 ingenii
726 2878 1105 2968 elegantiam
1135 2878 1203 2941 in
1230 2877 1439 2965 poetis
1480 2877 1738 2942 serioris
1775 2876 1892 2940 aevi
1927 2895 2319 2965 cognoscere
2335 2923 2354 2957 ,
2385 2876 2595 2964 iisque

452 2983 900 3071 comparandis
948 3005 1225 3049 acumen
1260 2981 1489 3062 judicii
1540 3003 1836 3046 exercere
1873 2980 2220 3069 possimus.
2274 3017 2362 3029 —
2412 2982 2593 3045 Con-

452 3111 691 3158 sonum
718 3090 907 3177 plane
938 3088 1294 3154 Burmanni
1330 3087 1413 3152 de
1444 3088 1575 3152 hoc
1605 3101 1901 3175 poemate
1922 3084 2244 3166 judicium
2265 3133 2284 3166 ‚
2321 3086 2437 3174 qui
2469 3086 2593 3152 hac

454 3195 773 3258 sententia
816 3218 1001 3260 suam
1040 3196 1121 3260 de
1158 3196 1281 3260 hac
1312 3195 1601 3284 Epistola
1628 3191 2182 3280 praefatiunculam
2213 3190 2586 3258 concludit:

453 3331 479 3356 κ
505 3300 808 3383 Quorum
846 3303 1123 3390 (nempe
1172 3302 1443 3382 Catulli,
1482 3299 1731 3388 Virgilii
1777 3315 1844 3364 et
1893 3296 2157 3386 Ovidii)
2205 3297 2592 3362 admirando

432 3429 665 3474 aureae
712 3407 915 3472 aetatis
964 3406 1233 3473 artificio
1256 3456 1273 3489 ,
1312 3408 1365 3470 si
1410 3407 1556 3495 quis
1607 3405 1902 3468 conferre
1949 3403 2052 3466 vel
2091 3425 2350 3490 aequare
2399 3403 2592 3468 vellet

452 3513 662 3581 fetum
697 3513 877 3577 hunc
903 3512 1329 3578 decrescentis
1366 3511 1481 3576 aevi
1507 3558 1525 3593 ‚
1561 3509 1864 3600 geniique
1895 3506 1980 3571 ad
1997 3506 2306 3594 Veterum
2341 3509 2592 3597 elegan-

450 3619 742 3683 tias'non
776 3618 1219 3708 adsurgentis,
1272 3639 1371 3681 nae
1407 3616 1516 3680 ille
1551 3636 1672 3702 pro
1704 3614 1964 3678 Iunone
1999 3612 2242 3676 nubem
2261 3661 2280 3694 ,
2317 3630 2433 3677 aut
2467 3637 2590 3703 pro

450 3725 698 3814 integra
737 3748 811 3790 ac
849 3724 1093 3790 floridae
1143 3724 1502 3805 juventutis
1547 3719 1798 3810 virgine
1840 3719 2172 3783 emeritam
2213 3737 2280 3783 et
2325 3719 2584 3783 effetam

449 3854 649 3895 anum
673 3832 970 3920 amplecti
1002 3832 1211 3896 vellet.
1246 3828 1375 3895 Sed
1400 3829 1504 3893 vel
1537 3826 1686 3892 ideo
1711 3825 1850 3889 haec
1881 3839 2035 3890 sunt
2064 3824 2475 3912 proferenda,
2509 3841 2586 3891 ut

451 3937 572 4008 ,hac
609 3938 797 4002 etiam
831 3937 899 4000 in
934 3954 1069 4001 arte
1100 3951 1353 4002 constet
1371 3982 1387 4015 ,

730 4099 1001 4164 Quantum
1022 4099 1114 4153 aevi
1134 4097 1427 4170 longinqua
1450 4097 1587 4150 valet
1610 4105 1814 4148 imitare
1833 4103 2058 4148 vetustas
2079 4117 2120 4142 n.
2175 4091 2277 4145 Eu.
