2975 4684
759 400 1342 489 EORUMQUE
1405 398 2057 469 FRAGMENTA.
2312 401 2477 498 -487

343 530 806 596 cLRuhnkenii
840 531 907 594 in
941 531 1334 618 praefationis
1359 554 1422 619 p.
1455 528 1531 594 15
1552 547 1711 593 extr.
1738 559 1763 585 ι
1789 530 1863 593 In
1889 528 2171 617 antiquis
2187 579 2205 612 ,
2229 531 2478 619 inquit,

344 653 411 702 et
438 637 615 702 libris
653 652 718 701 et
748 637 912 700 saxis
937 637 1240 724 permulti
1273 659 1408 700 non
1435 635 1635 700 modo
1667 635 1891 698 Rutilii
1912 635 2108 723 Lupi,
2146 634 2259 700 sed
2288 638 2481 702 etiam

349 743 566 808 Publii
591 742 822 807 Rutilii
844 741 1015 832 Lupi
1039 757 1425 824 occurrunt,
1454 765 1622 831 quos
1654 742 1763 806 hic
1799 765 2147 832 congerere
2184 743 2347 807 nihil
2380 761 2477 807 at·

348 849 535 914 tinet.
564 848 761 939 Apud
793 848 1172 912 Ciceronem
1201 847 1509 936 frequens
1536 847 1782 912 mentio
1810 863 1908 910 est
1932 848 2005 911 P.
2031 849 2256 912 Rutilii
2280 850 2481 937 Lupi,

343 956 710 1022 Tribunatu
746 956 834 1043 pl.
881 971 947 1020 et
985 955 1270 1020 Praetura
1300 955 1543 1038 functi,
1584 972 1649 1020 et
1682 955 1753 1019 in
1790 955 1962 1019 bello
1998 956 2167 1020 civili
2196 957 2477 1044 partium

339 1063 905 1151 Pompeianarum.
933 1062 1100 1127 Vide
1133 1063 1506 1128 Manutium
1529 1063 1597 1125 in
1628 1063 1747 1150 Ep.
1784 1061 1867 1126 ad
1904 1063 2045 1127 Div.
2088 1063 2150 1144 Ι,
2190 1085 2244 1126 1.
2278 1063 2479 1143 Cujus

340 1166 474 1232 filio
511 1171 564 1233 si
603 1168 750 1257 quis
785 1170 968 1234 hunc
1003 1169 1297 1234 libellum
1335 1169 1622 1258 tribuere
1654 1169 1844 1251 velit,
1879 1169 1995 1232 etsi
2034 1191 2168 1232 non
2208 1169 2483 1232 interce·

275 1293 286 1300 ‘
342 1271 492 1338 dam
515 1323 532 1351 ,
567 1274 732 1338 nihil
765 1290 982 1340 tamen
1017 1275 1156 1340 sine
1189 1273 1430 1340 idoneo
1461 1291 1625 1339 teste
1662 1272 2018 1340 adfirmem.
2039 1305 2065 1331 ι»

423 1477 508 1540 X.
535 1476 844 1564 Superest
865 1499 944 1540 ex
967 1473 1188 1542 Ovidii
1207 1431 1563 1564 aequalibus
1590 1493 1783 1566 poeta
1797 1525 1816 1558 ,
1844 1477 1960 1565 qui
1984 1477 2251 1542 Homeri
2270 1475 2481 1568 Odys·

340 1604 512 1646 seam
543 1583 755 1648 vertit.
787 1585 930 1648 Hoc
956 1584 1132 1648 enim
1159 1582 1478 1672 significat
1511 1583 1619 1648 ille
1642 1584 1687 1649 l.
1712 1607 1769 1649 c.
1805 1605 1997 1648 versu
2020 1606 2136 1671 27:

616 1760 683 1814 Et
705 1761 796 1833 qui
815 1760 1096 1814 Maeoniam
1118 1759 1392 1814 Phaeacida
1413 1761 1573 1815 vertit
1591 1799 1607 1826 ,
1628 1773 1681 1814 et
1700 1780 1807 1815 una

761 1847 1053 1901 Pindaricae
1081 1845 1278 1901 fidicen
1306 1858 1363 1900 tu
1389 1867 1604 1922 quoque
1622 1890 1637 1916 ,
1666 1851 1800 1902 Rufe
1816 1887 1833 1914 ,
1857 1847 2000 1922 lyrae.

333 2018 627 2083 Dubium
650 2017 853 2084 videri
893 2034 1140 2108 potest,
1172 2040 1290 2108 per
1313 2017 1651 2083 Phaeacida
1682 2035 1820 2084 tota
1850 2019 2119 2084 Homeri
2154 2017 2439 2106 Odyssea
2457 2067 2473 2092 ‚

337 2146 418 2188 an
453 2149 600 2213 pars
635 2125 771 2206 ejus
811 2126 1222 2216 designetur,
1272 2147 1509 2215 nempe
1545 2127 1790 2218 Ulyssis
1824 2127 1905 2192 ad
1942 2127 2238 2191 Phaeacas
2273 2140 2339 2190 et
2372 2147 2475 2188 re-

333 2231 505 2320 giam
545 2231 801 2297 Alcinoi
837 2231 1154 2298 adventus
1174 2280 1190 2313 ,
1231 2254 1509 2321 quaeque
1554 2231 1644 2296 ibi
1675 2249 1901 2297 caetera
1937 2249 2076 2297 acta
2122 2249 2186 2296 et
2225 2247 2475 2295 narrata

331 2353 506 2400 sunt.
540 2337 707 2402 Nam
737 2337 1006 2402 Homeri
1040 2335 1240 2401 Iliada
1267 2352 1333 2401 et
1364 2335 1718 2426 Odysseam
1752 2338 1909 2401 olim
1936 2338 2003 2401 in
2035 2339 2239 2402 varias
2263 2352 2472 2424 partes

329 2441 528 2506 fuisse
560 2443 924 2521 distinctas,
979 2443 1395 2533 singulasque
1427 2445 1561 2509 suis
1596 2444 1971 2508 nominibus
2004 2457 2069 2506 et
2100 2441 2471 2530 inscriptio-

332 2547 524 2613 nibus
547 2549 904 2638 insignitas,
929 2565 1248 2614 memorat
1266 2547 1562 2615 AElianus
1579 2600 1597 2633 ,
1618 2551 1767 2643 Yar.
1794 2551 1947 2615 hist.
1973 2551 2162 2629 XIII,
2190 2551 2287 2626 14.
2306 2545 2469 2611 Inde

327 2676 476 2741 pars
513 2677 586 2719 ea
617 2655 923 2744 singulari
962 2659 1229 2723 nomine
1265 2657 1547 2723 Phaeacis
1586 2657 1685 2720 vel
1720 2655 2009 2720 Phaeacia
2045 2655 2172 2720 dici
2213 2653 2469 2743 pot'uit,

328 2759 496 2824 sicut
545 2753 776 2824 Ᾰλκινόου
829 2773 1097 2844 &nou-sou<
1147 2763 1386 2830 dictam
1426 2785 1567 2828 esse
1598 2761 1896 2828 AElianus
1952 2761 2191 2850 prodit.
2245 2759 2465 2824 Malim

327 2879 544 2929 tamen
593 2889 833 2932 nomen
885 2891 921 2931 a
969 2887 1161 2956 poeta
1202 2885 1617 2959 usurpatum,
1646 2883 1711 2931 et
1754 2891 1790 2931 a
1828 2867 2127 2956 primaria
2162 2865 2467 2953 Odysseae

327 2989 510 3061 parte
548 2971 819 3036 ductum
857 2971 939 3037 de
971 2987 1109 3038 tota
1141 2977 1498 3064 intelligere
1522 3022 1539 3054 ‚
1574 2995 1779 3062 quum
1825 2972 2179 3060 praesertim
2202 2993 2387 3034 versa
2426 2993 2463 3032 a

321 3093 516 3166 poeta
567 3101 646 3142 ex
697 3079 989 3143 Homero
1027 3079 1298 3156 dicatur,
1339 3103 1483 3168 quae
1530 3101 1727 3166 opera
1764 3079 1871 3140 vix
1902 3075 2102 3140 videri
2142 3091 2355 3164 potest
2393 3076 2459 3137 in

325 3183 538 3273 aliqua
602 3202 857 3249 tantum
914 3201 1094 3273 parte
1143 3187 1356 3276 operis
1406 3201 1683 3272 sumpta.
1738 3183 1994 3248 Nomen
2055 3198 2291 3270 poetae,
2348 3179 2461 3270 qui

325 3290 682 3380 Odysseam
716 3292 939 3374 vertit,
983 3291 1109 3357 alio
1153 3293 1300 3357 loco
1348 3292 1626 3356 declarat
1668 3291 1875 3371 Nas0‚
1930 3288 2078 3353 libri
2126 3289 2335 3378 quarti
2382 3311 2459 3352 ex

324 3397 546 3461 Ponto
575 3397 794 3487 Elegia
818 3421 891 3461 12
912 3446 930 3479 ,
958 3421 1050 3462 vs.
1089 3421 1194 3487 27,
1233 3397 1314 3462 ad
1340 3397 1721 3462 Tuticanum
1753 3395 2039 3460 scribens
2072 3418 2087 3459 ε

609 3559 836 3631 Dignam
861 3559 1100 3617 Maeoniis
1123 3558 1399 3614 Phaeacida
1426 3556 1657 3612 condere
1686 3556 1879 3612 chartis

750 3649 931 3713 Quum
961 3659 1017 3700 te·
1037 3646 1265 3701 Pierides
1287 3645 1617 3722 perdocuere
1642 3658 1761 3699 ωε.

320 3823 478 3905 Quo
509 3824 657 3888 loco
691 3847 896 3913 quum
923 3823 1272 3890 Phaeacida
1302 3822 1625 3888 conditam
1643 3846 1679 3886 a
1695 3822 2015 3886 Tuticano
2044 3818 2247 3900 dicit,·
2264 3819 2457 3882 intel-

321 3929 620 4017 ligimus,
662 3931 1024 3996 versionem
1063 3929 1368 4019 Odysseae
1399 3952 1537 3994 non
1586 3950 1723 3992 esse
1760 3927 1843 3992 ad
1879 3926 2145 3991 verbum
2192 3925 2457 4007 factam,

315 4033 434 4098 sed
472 4035 735 4125 ingenio
769 4052 975 4124 poetae
1011 4035 1318 4101 variatam
1339 4083 1358 4118 ,
1387 4052 1454 4100 et
1485 4051 1811 4122 tamquam
1850 4033 2189 4121 proprium
2222 4051 2455 4121 poema

315 4163 396 4206 ex
436 4140 620 4208 fonte
653 4143 928 4210 Homeri
969 4142 1254 4208 ductam.
