2975 4684
463 359 588 430 132

1043 317 1440 416 LUCILII
1505 335 1977 406 JUNIORIS

455 489 458 494 ’
547 489 688 554 Aut
717 471 1048 570 Aquilone
1083 468 1382 537 fremunt
1415 459 1629 543 silvae,
1662 457 1827 526 dant
1864 453 2137 523 brachia
2176 450 2357 520 nodo

544 587 928 686 Implicitas,
969 605 1048 650 ac
1093 588 1374 670 serpunt
1401 570 1655 666 junctis
1694 563 1997 635 incendia
2034 561 2253 630 ramis,

542 707 689 776 Nec
731 713 798 766 te
833 691 1172 785 decipiant
1208 681 1432 754 stolidi
1465 677 1809 748 mendacia
1846 673 2061 767 vulgi,

544 812 920 886 Exhaustos
965 822 1220 870 cessare
1255 796 1472 878 sinus;
1509 790 1666 858 dare
1702 801 2004 881 tempora
2040 807 2271 852 rursus
2290 833 2310 866 ‚

542 927 642 995 Ut
685 925 994 1011 reparent
1028 909 1232 990 vires,
1268 915 1703 999 repetantque
1744 899 1813 966 in
1852 893 2077 990 praelia
2114 893 2293 960 victi.

2508 910 2583 948 ³65

541 1030 722 1105 Pelle
758 1023 946 1096 nefas
983 1018 1241 1102 anime,
1266 1011 1786 1102 mendacemque
1822 1029 2021 1074 exsue
2052 1003 2295 1071 famam
2320 1053 2340 1084 ‚

542 1145 696 1214 Non
735 1149 831 1204 est
873 1129 1114 1200 divinis
1153 1141 1290 1194 tam
1329 1120 1599 1191 sordida
1642 1118 1839 1187 rebus
1872 1129 2157 1209 egestaS‚

541 1256 688 1322 Nec
721 1267 960 1342 parvas
1001 1234 1337 1308 mendicat
1380 1255 1541 1325 opes
1563 1282 1583 1314 ‚
1618 1251 1747 1297 nec
1788 1238 2103 1318 corrogat
2130 1245 2360 1304 auras;

542 1369 792 1434 Praesto
833 1365 993 1422 sunt
1027 1371 1248 1442 operae
1279 1356 1635 1411 ventorum
1669 1335 1977 1407 examina
2014 1355 2290 1425 semper.

519 1569 636 1622 362.
679 1565 798 1612 Haec
835 1565 1037 1621 serpunt
1077 1546 1200 1600 libri
1244 1557 1466 1597 veteres.

445 1645 674 1715 Scaliger
709 1635 824 1692 vult
867 1647 915 1684 et
951 1642 1164 1698 serpunt.
1222 1620 1468 1676 Gor-allus

445 1731 542 1781 Imc
573 1719 718 1778 dedit
743 1737 760 1768 ι
795 1711 927 1766 mihi
952 1709 1124 1781 placet
1156 1724 1218 1756 ac
1253 1715 1466 1770 serpunt.

445 1807 552 1862 Pro
577 1801 764 1873 junctis
810 1791 1034 1845 Helmst.
1092 1784 1218 1856 legit
1252 1784 1431 1834 vinctis
1453 1817 1470 1844 ,

443 1882 590 1960 quod
617 1877 790 1952 apti'us
817 1885 894 1926 est
913 1863 1230 1944 praecedenti
1254 1864 1402 1913 nodo.

516 1964 639 2019 363.
702 1961 806 2008 Nec
858 1966 906 2004 te
951 1949 1217 2016 decipiant.
1267 1940 1473 1994 Resutat

443 2042 748 2117 opinionem
782 2031 960 2102 vulgi,
999 2045 1106 2097 qua
1154 2032 1302 2094 putat
1325 2059 1342 2086 ,
1381 2035 1472 2070 ex-

443 2125 657 2178 haustas
697 2133 810 2169 esse
840 2123 1091 2163 cavernas
1111 2107 1282 2157 AEtnae
1303 2137 1318 2163 ,
1347 2097 1474 2168 quia

439 2205 548 2276 jam
575 2198 752 2252 minus
779 2191 1000 2260 flagrare
1020 2221 1036 2248 ,
1071 2193 1122 2236 et
1149 2183 1260 2234 sere
1297 2175 1471 2230 subsi-

441 2283 570 2336 dere
581 2276 840 2330 videatur.
857 2263 1110 2320 Eamdem
1128 2257 1472 2331 quaestionem

443 2359 649 2416 Lucilio
673 2352 866 2423 ingerit
886 2347 1084 2402 Seneca
1097 2339 1260 2412 Epist.
1286 2352 1470 2400 Lxxxx,

443 2454 601 2513 atque
619 2473 640 2502 ‚
684 2443 744 2484 ut
786 2437 1069 2500 propterea
1108 2423 1322 2472 AEtuam
1357 2411 1474 2465 dili-

444 2519 652 2593 gentius
669 2513 934 2569 observet,
957 2508 1156 2554 monet.
1177 2490 1476 2565 Respondet

443 2600 534 2654 hic
553 2589 813 2649 Lucilius,
830 2584 896 2638 ad
917 2595 1127 2636 sensum
1151 2574 1473 2636 Stoicorum,

444 2677 642 2750 quibus
687 2670 864 2720 favere
907 2657 1120 2715 videtur
1139 2693 1154 2719 ,
1199 2649 1474 2704 materiam

445 2754 664 2830 quidem
700 2759 752 2800 et
793 2743 1047 2796 alimenta
1079 2748 1353 2804 nunquam
1379 2727 1474 2790 de-

448 2854 563 2890 esse
602 2845 757 2903 posse
799 2821 984 2876 divino
1015 2811 1200 2886 operi,
1239 2807 1332 2862 sed
1366 2825 1475 2861 esse

447 2927 628 2968 tamen
659 2921 871 2960 caussas
883 2938 902 2966 ,
921 2915 1024 2970 qua
1033 2893 1166 2962 mvjs
1181 2891 1476 2958 incomper-

448 3007 528 3048 tas
547 2985 754 3044 homini
771 3025 788 3050 ,
809 2999 926 3054 quae
949 2988 1130 3030 testum
1159 2981 1210 3024 ct
1245 2965 1478 3037 eruptio-

449 3091 573 3127 nem
625 3061 934 3136 impediant.
984 3051 1088 3108 Sed
1127 3045 1440 3103 sententiam
1459 3080 1477 3108 ,

451 3167 610 3225 quam
637 3145 728 3198 hic
751 3143 947 3196 refutat
974 3131 1208 3188 Lucilius
1229 3166 1244 3192 ,
1267 3129 1480 3188 firmare

451 3230 778 3305 Pythagoras
797 3219 1005 3282 videtur
1025 3209 1168 3284 apud
1183 3205 1479 3260 OvidMet.

453 3312 578 3375 XV,
595 3307 720 3371 349,
731 3296 1068 3373 praecipiens,
1087 3293 1286 3344 AEtnaea
1306 3285 1484 3338 incen-

453 3393 544 3446 dia
567 3407 676 3442 nou
705 3397 874 3452 nsque
893 3390 1104 3447 quaque
1124 3367 1394 3420 duratura.
1415 3391 1485 3402 --

455 3474 656 3526 Contra
672 3455 961 3515 Christiani
995 3450 1284 3520 Scriptores
1315 3447 1485 3495 AEtnae

453 3552 604 3624 ignes
661 3553 936 3610 nunquam
987 3529 1210 3584 deficere
1270 3532 1484 3575 conten-

457 3631 592 3684 dunt
612 3663 628 3690 ,
650 3636 844 3691 eosque
863 3617 918 3668 in
943 3604 1244 3681 exemplum
1269 3600 1486 3655 trahunt

456 3705 636 3762 aeterni
678 3699 808 3772 ignis
827 3735 844 3761 ,
880 3693 972 3766 qui
1015 3687 1293 3740 damnatos
1341 3677 1485 3752 apud

457 3789 664 3846 Inferos
691 3788 890 3832 manet.
908 3766 1268 3824 Tertullianus
1283 3802 1298 3828 ,
1322 3757 1478 3830 Apol.

457 3891 508 3926 c.
530 3867 596 3932 48
621 3882 634 3916 2
657 3864 812 3914 «Non
837 3849 1065 3908 absumit
1082 3885 1096 3910 ‚
1118 3841 1264 3917 quod
1288 3839 1480 3904 exurit,

455 3948 554 4008 sed
570 3944 700 4008 dum
726 3945 905 4006 erogat
920 3969 940 4002 ,
960 3936 1164 4000 reparat
1175 3963 1187 3975 .
1207 3919 1354 3974 Adeo
1369 3935 1483 3969 ma-

457 4041 586 4091 nent
631 4021 835 4088 montes
873 4026 1083 4080 semper
1123 4001 1395 4062 ardentes;
1434 4007 1486 4050 et

457 4112 562 4165 hoc
601 4101 696 4158 erit
741 4093 1097 4150 testimonium
1138 4080 1272 4152 ignis
1306 4075 1484 4130 aeterni

1552 1558 1758 1613 poenam
1810 1535 2084 1590 nutrientis
2106 1560 2149 1586 ι.
2182 1529 2581 1586 Tertullianum

1558 1620 1793 1672 imitatur
1836 1615 2101 1668 Minucius
2149 1613 2203 1666 in
2255 1609 2554 1664 Octaviano
2572 1646 2593 1670 ,

1560 1718 1676 1771 cap.
1708 1697 1794 1750 35.
1824 1696 1929 1748 Eo.

1632 1778 1756 1842 364.
1791 1781 1926 1826 Dare
1948 1789 2202 1838 tempora.;
2230 1767 2288 1822 h.
2310 1787 2356 1821 e.
2383 1785 2593 1820 moram

1564 1870 1721 1929 atque
1764 1867 1971 1924 tempus
2016 1849 2379 1920 interpositum
2419 1845 2551 1898 dare
2574 1884 2593 1910 ‚

1563 1939 1775 1992 efficere
1800 1934 1920 1986 hoc.

1638 2016 1738 2070 365
1749 2051 1761 2063 .
1790 2019 1856 2063 Ue
1871 2023 2100 2080 reparent
2114 2009 2245 2058 vires
2262 2006 2447 2076 legunt
2462 2003 2593 2058 Sca·

1562 2096 1699 2167 liger=
1738 2105 1790 2146 et
1834 2089 2113 2151 Gorallus;
2150 2089 2352 2155 rapiam
2384 2079 2595 2151 ‚bahent

1563 2171 1923 2242 libriantiqui,
1936 2165 2079 2240 quod
2100 2162 2457 2236 spernendum
2479 2181 2591 2216 non

1570 2265 1698 2308 erat.
1740 2253 1877 2304 Nam
1910 2247 2055 2301 notio
2080 2240 2363 2318 reparandi
2387 2243 2499 2314 jam
2538 2243 2593 2294 in

1568 2330 1807 2405 sequenti
1832 2329 1997 2382 verbo
2027 2338 2250 2393 repetant
2268 2361 2285 2384 ,
2313 2339 2385 2374 sc.
2418 2321 2556 2374 vires
2576 2360 2592 2387 ,

1571 2416 1717 2468 latet.

1638 2493 1761 2545 366.
1801 2493 1935 2540 Pelle
1969 2487 2108 2554 nefas
2128 2523 2147 2546 ,
2176 2481 2405 2534 nefarias
2446 2479 2594 2550 cogi-

1564 2573 1789 2626 tationes
1816 2567 1881 2620 de
1907 2565 2065 2618 rebus
2095 2561 2305 2615 divinis.
2332 2591 2403 2600 —
2424 2564 2595 2610 Exsue

1550 2656 1753 2722 famam
1770 2686 1788 2710 ,
1824 2644 1991 2717 abjice
2026 2641 2328 2712 opinionem
2346 2677 2363 2702 ‚
2396 2657 2425 2690 e
2456 2638 2597 2690 salso

1564 2729 1712 2801 vulgi
1746 2742 1984 2780 sermone
2009 2722 2272 2774 haustam.

1636 2807 1756 2862 368.
1794 2809 1897 2857 Nec
1911 2821 2099 2872 parvas
2126 2801 2379 2851 mendicat
2396 2796 2599 2848 habent

1568 2889 1822 2959 vulgatas:
1860 2902 1949 2934 nec
1982 2900 2141 2951 parvo
2184 2877 2405 2930 Helmst.
2456 2876 2595 2928 Ven-

1567 2965 1736 3037 Lugd.
1765 2961 1911 3035 quod
1944 2959 2163 3032 praefert
2194 2955 2428 3026 Scaliger
2454 2973 2467 3005 ε
2506 2973 2598 3004 uec

1568 3057 1835 3114 congregat
1850 3041 1991 3092 Ven.
2010 3036 2184 3108 Lugd.
2208 3035 2341 3106 Hag.
2368 3034 2485 3087 Bas.
2504 3031 2600 3085 sed

1570 3136 1799 3192 corrogat
1814 3159 1830 3186 ,
1870 3116 2017 3190 quod
2046 3117 2269 3170 Helmst.
2300 3126 2353 3166 et
2380 3113 2598 3184 reliqua

1570 3203 1800 3266 habent,
1826 3198 2021 3252 rectius
2038 3207 2116 3249 est
2136 3234 2151 3260 ,
2180 3207 2231 3247 et
2250 3203 2323 3268 τῷ
2350 3194 2603 3244 mendicae

1570 3283 1706 3334 bene
1731 3277 1995 3332 convenit.

1646 3361 1769 3425 369.
1804 3363 1989 3408 Proesto
2022 3368 2137 3406 sunt
2155 3355 2293 3420 operi
2312 3351 2494 3421 legunt
2516 3368 2600 3402 re·

1574 3439 1833 3493 centiores
1864 3455 1927 3488 ex
1960 3433 2089 3486 meis
2124 3431 2246 3484 edd.
2273 3429 2429 3482 Basil.
2467 3429 2601 3482 Scal.

1572 3521 1708 3573 Luc.
1744 3515 1905 3588 idque
1937 3533 2003 3568 ex
2023 3510 2351 3566 correctione
2372 3507 2603 3580 positum

1573 3597 1799 3658 videtur,
1819 3594 1940 3667 quia
1963 3612 2083 3662 opus
2108 3609 2299 3644 vocare
2322 3598 2506 3642 auctor
2524 3587 2603 3638 in·

1574 3676 1823 3732 cendium
1858 3677 2031 3726 AEtnae
2068 3671 2220 3723 solet.
2270 3665 2375 3722 Sed
2420 3685 2603 3718 omnes

1570 3757 1761 3810 vetusti
1814 3753 2035 3806 Helmst.
2076 3752 2216 3802 Ven.
2254 3745 2429 3818 Lugd.
2469 3745 2605 3816 Hag.

1570 3837 1859 3908 praeferunt
1884 3850 2059 3900 operas
2078 3851 2097 3890 ,·
2126 3847 2229 3900 qua
2263 3844 2393 3880 voce
2432 3825 2605 3878 sentio

1574 3934 1695 3968 cum
1710 3911 1979 3984 Scaligero
2000 3909 2267 3979 eleganter
2285 3904 2459 3957 vocari
2480 3923 2605 3956 ven-

1574 4005 1749 4048 torum
1788 3990 2059 4050 examina,
2086 3999 2358 4058 tamquam
2389 3981 2624 4056 fabriles·

1574 4093 1757 4146 operas
1766 4069 2027 4137 ‚incendio
2041 4071 2211 4122 AEtnae
2226 4063 2603 4118 ministrantes.
