2975 4684
507 343 646 430 546

1363 343 1769 412 INCERTI

607 466 980 538 Concilium
1016 465 1437 557 omnipotens
1467 463 1705 530 habuit
1734 478 2045 556 regnator
2080 461 2383 556 Olympi3
2562 485 2639 528 3⁴⁵

607 579 1014 670 Foederaque
1051 576 1308 643 intento
1341 574 1641 642 turbavit
1664 573 2013 643 Pandarus
2048 598 2237 658 arcu,

606 692 738 768 Te,
770 683 1113 769 Menelae‚
1149 699 1416 777 petens,
1455 682 1778 777 laterique
1804 681 2074 752 volatile
2114 682 2323 752 telum

607 795 884 882 Incidit,
922 809 990 864 et
1027 795 1320 863 tunicam
1363 793 1540 862 ferro
1578 793 2001 887 squamisque
2028 795 2349 888 rigentem

606 909 909 978 Dissecat
940 929 956 974 :
985 903 1243 974 excedit
1273 902 1450 972 bello
1477 903 1936 997 gemebundus
1962 903 2265 986 Atrides,

606 1022 976 1110 Castraque
1007 1029 1151 1082 tuta
1181 1015 1380 1109 petit3
1406 1037 1608 1108 quem
1636 1012 1873 1082 doctus
1906 1013 1993 1080 ab
2030 1027 2173 1082 arte
2210 1027 2485 1106 paterna
2562 1036 2643 1072 ³⁵0

605 1127 890 1198 Paeoniis
923 1139 1115 1195 curat
1139 1124 1402 1218 juvenis
1431 1122 1807 1194 Podalirius
1832 1123 2061 1192 herbis
2078 1175 2097 1210 ‚

608 1241 827 1330 Atque
855 1235 1096 1303 iterum
1131 1237 1200 1301 in
1237 1233 1446 1302 caedes
1475 1233 1947 1328 horrendaque
1980 1233 2204 1328 praelia
2234 1236 2463 1303 mittit.

693 1346 998 1416 Armavit
1026 1343 1234 1412 fortes
1261 1346 1785 1439 Agamemnonis
1822 1346 1921 1414 ira
1952 1342 2299 1439 Pelasgos»,

609 1459 694 1526 Et
737 1453 932 1524 dolor
962 1454 1032 1523 in
1065 1479 1360 1551 pugnam
1399 1470 1681 1524 cunctos
1711 1455 2090 1525 communis
2120 1455 2375 1548 agebat.

607 1565 864 1637 Bellum
909 1568 1142 1659 ingens
1169 1564 1411 1650 oritur,
1439 1563 1862 1660 multumque
1895 1566 2234 1658 utrimque
2264 1566 2519 1633 cruoris
2556 1590 2634 1627 3⁵⁵

600 1677 962 1760 Funditur,
989 1691 1062 1744 et
1107 1675 1265 1744 totis
1295 1689 1691 1744 sternuntur
1726 1699 2009 1769 corpora
2044 1675 2329 1768 eampis,

607 1793 821 1883 Inque
861 1788 1072 1856 vicem
1102 1788 1489 1879 Troumque
1518 1786 1768 1854 cadunt
1802 1771 2248 1879 Danaumque
2273 1799 2587 1856 catervae:

609 1901 754 1972 Nec
791 1897 1050 1991 requies
1079 1895 1278 1966 datur
1315 1893 1448 1964 ulla
1485 1895 1677 1982 viriS,
1714 1909 1908 1964 sonat
1944 1891 2241 1988 undique
2266 1897 2573 1980 Mamm,
2638 1949 2649 1988 ,

510 2125 618 2159 non
643 2103 766 2158 satis
792 2101 953 2173 digna
987 2099 1194 2173 poetico
1228 2100 1363 2172 stylo
1389 2097 1531 2152 vide·

509 2197 617 2247 tur,
645 2195 697 2237 et
725 2199 844 2253 quoe
873 2190 1123 2252 sequente
1155 2197 1314 2232 versu
1339 2197 1529 2232 occur·-

507 2265 577 2317 rit
593 2305 608 2330 ‚
631 2264 888 2314 concilium
903 2262 1090 2320 habuit,
1119 2259 1356 2312 insuavis
1377 2275 1529 2328 repe·

507 2343 626 2396 titio
653 2351 750 2395 est.
784 2340 895 2393 Nec
923 2338 1024 2391 ista
1053 2337 1178 2389 satis
1207 2335 1422 2389 def-di
1453 2335 1529 2388 vi-

503 2420 661 2476 detur
697 2436 850 2472 versu
895 2415 1118 2470 Nasonis
1137 2456 1153 2481 ,
1193 2415 1319 2466 Met.
1355 2415 1490 2467 xm
1512 2455 1528 2480 ,

513 2499 643 2567 159:
670 2498 851 2566 -Ergo
883 2511 1106 2566 operum
1143 2494 1398 2564 quoniam
1432 2511 1531 2545 nu-

506 2577 636 2632 dum
661 2586 925 2629 certamen
951 2572 1178 2625 habetur
1195 2597 1241 2624 n.

580 2657 698 2721 346.
746 2656 950 2704 Foedem
995 2653 1201 2701 wrbavie
1219 2689 1236 2712 ‚
1279 2668 1378 2720 pro
1419 2669 1531 2722 quo

507 2738 576 2790 G.
595 2755 622 2788 2
647 2749 928 2806 perperam
951 2733 1162 2800 turpavit
1177 2728 1533 2783 exhibot.Vir-

508 2816 666 2887 gilius
701 2812 866 2865 verbo
904 2809 1208 2878 confimdere
1243 2825 1368 2861 usus
1411 2819 1490 2860 est
1512 2846 1529 2871 ,

509 2893 851 2948 Homericum
891 2893 1110 2963 συγχέειν
1147 2888 1323 2960 aptius
1356 2888 1532 2959 expri-

509 2992 685 3038 mens,
708 2975 829 3024 AEn.
844 2970 919 3034 V,
937 2972 1076 3037 496:
1105 2992 1130 3012 ι
1150 2966 1412 3030 Pandare,
1437 2967 1534 3039 qui

509 3051 781 3124 quondam
829 3052 1009 3122 jussus
1059 3045 1389 3100 confundere
1447 3047 1537 3097 foe-

508 3131 631 3198 dus,
643 3132 710 3182 In
725 3127 928 3182 medios
941 3127 1106 3180 telum
1121 3126 1318 3179 torsisti
1334 3126 1537 3198 primus

508 3210 740 3262 Achivos
762 3233 802 3259 a.

584 3288 708 3355 347.
737 3287 947 3336 Volaeile
977 3287 1122 3335 telum
1151 3301 1215 3335 ex
1238 3281 1393 3353 Virg.
1416 3283 1533 3333 AEn.

513 3366 610 3430 lv,
627 3357 688 3429 71
709 3400 725 3426 ,
766 3375 818 3414 et
837 3361 996 3415 ovid.
1018 3361 1344 3414 Metam.VII
1363 3401 1379 3426 ,
1409 3361 1532 3424 841.

519 3442 926 3510 Volaeilesemam
945 3439 1232 3510 proferunt
1245 3438 1310 3489 H.
1327 3450 1380 3492 et
1393 3439 1456 3491 G.
1478 3458 1508 3491 2
1518 3478 1531 3491 .

584 3525 702 3590 349.
727 3524 957 3573 Dinaeae
995 3519 1066 3571 H.
1107 3528 1158 3570 et
1194 3517 1262 3570 G.
1300 3537 1360 3581 2,
1387 3516 1535 3588 quod

513 3602 718 3674 pratuli
767 3619 788 3650 x
802 3599 982 3671 uigato
1021 3603 1247 3649 υκαι-ατ.
1295 3597 1535 3649 Verbum

512 3685 760 3734 dissecare
785 3679 889 3732 hac
917 3679 971 3731 in
995 3697 1055 3730 re
1083 3679 1260 3730 minus
1285 3679 1535 3730 usitatum

509 3761 626 3812 aliis
645 3758 813 3831 poetis
828 3795 843 3820 ‚
870 3758 962 3830 qui
989 3777 1211 3824 rumpere
1235 3769 1286 3809 et
1312 3761 1536 3807 Iacer-are

509 3839 678 3892 solent
706 3836 974 3892 adhibere.
999 3835 1122 3888 vid.
1141 3837 1291 3907 virg.
1315 3833 1527 3887 AEneid.

507 3918 646 3980 ΠΙ,
664 3918 732 3983 98
751 3934 767 3978 ς
789 3915 952 3969 ovid.
970 3915 1097 3969 Met.
1119 3915 1229 3967 XII
1243 3953 1260 3978 ‚
1293 3933 1312 3966 1
1327 3931 1407 3982 17.

577 3995 700 4046 350.
722 3999 786 4044 Ee
813 4013 906 4045 sua
943 4009 1110 4047 eastra
1135 3997 1258 4062 petit
1293 3993 1360 4045 H.
1383 3989 1531 4062 quod

507 4071 614 4123 fere
643 4071 830 4124 melius
858 4083 954 4124 est.

1692 2099 1813 2152 351.
1846 2095 2023 2150 Guelf.
2058 2116 2085 2149 2
2110 2101 2382 2150 Podalirius
2405 2099 2565 2152 simu!
2590 2113 2647 2154 et

1620 2180 1927 2246 air-tergibus
1950 2177 2161 2229 exhibet
2175 2217 2191 2242 ,
2206 2177 2352 2248 quod
2372 2191 2447 2232 est
2466 2181 2645 2250 glossa

1618 2258 1832 2310 librarii.
1850 2287 1920 2298 —
1938 2260 2148 2308 Poeonfis
2166 2261 2323 2308 herbis
2342 2277 2405 2310 ex
2428 2257 2645 2329 Virgilii

1617 2336 1850 2393 AEnNH
1872 2375 1887 2402 ,
1922 2337 2044 2407 769.
2078 2335 2399 2388 Podalirium
2426 2335 2515 2389 hic
2538 2357 2645 2390 no·

1618 2414 1787 2468 minat
1802 2416 1993 2468 Noster
2010 2426 2283 2468 curantem
2309 2414 2501 2468 vulnus
2524 2415 2647 2468 Me-

1616 2493 1756 2546 nelai
1774 2532 1790 2557 ,
1828 2492 1921 2546 sed
1958 2493 2222 2546 Homerus
2256 2492 2613 2551 Machaonem
2630 2536 2647 2558 ,

1616 2573 1717 2639 IV,
1742 2572 1861 2641 193.
1894 2601 1967 2614 —
1998 2574 2234 2624 Podalirie·
2258 2571 2457 2625 mentio
2482 2591 2643 2644 supra

1618 2650 1877 2718 videatur,
1898 2669 1945 2704 v.
1971 2669 2088 2720 ²17·
2108 2651 2213 2704 En.

1690 2729 1811 2782 352.
1843 2737 2011 2797 Atque
2044 2732 2217 2780 {tenena
2250 2733 2301 2780 in
2334 2734 2497 2782 cedes
2508 2767 2636 2780 .....

1618 2809 1923 2880 mittiaVirg.
1948 2808 2016 2862 de
2040 2811 2207 2860 AEnea
2221 2845 2239 2870 ,
2258 2819 2377 2879 post
2400 2821 2647 2862 sanatum

1620 2889 1732 2958 ejus
1752 2887 1976 2953 vulnus,
2006 2889 2127 2939 AEn.
2154 2887 2263 2940 ΧΠ
2282 2923 2299 2949 ,
2344 2895 2447 2954 4²9
2471 2905 2486 2938 ε
2515 2910 2541 2931 ι
2562 2900 2647 2950 at-

1620 2984 1725 3038 que
1766 2985 1927 3037 opera
1972 2964 2043 3018 ad
2088 2967 2291 3038 majora
2335 2966 2557 3017 remittit
2602 2990 2647 3016 ι.

1622 3045 1687 3097 G.
1706 3064 1733 3098 a
1750 3043 2001 3097 mendose
2016 3049 2179 3112 Aeque
2190 3048 2359 3096 e’oemn
2376 3049 2613 3096 incedens
2626 3065 2645 3094 .-

1622 3124 1727 3178 nisi
1754 3123 1883 3178 velis
1910 3123 2037 3177 inde
2056 3124 2319 3195 corrigere
2334 3163 2349 3189 ‚
2370 3129 2537 3190 Atque
2550 3126 2648 3175 ite·

1623 3223 1729 3255 rum
1762 3208 2066 3255 incedentem
2099 3205 2347 3254 horrenda
2382 3206 2435 3252 in
2464 3207 2649 3270 praele'a

1623 3284 1789 3344 rnioe1'155
1810 3282 1902 3334 sed
1930 3282 2035 3336 hoc
2066 3283 2173 3336 fere
2195 3283 2481 3349 barbarum
2511 3293 2611 3334 est.

1694 3363 1813 3428 354.
1862 3367 1929 3414 Ee
1972 3366 2117 3414 dolor·
2160 3365 2211 3413 in
2249 3381 2499 3430 pugnam.
2560 3361 2651 3415 Sic

1624 3441 1769 3512 Virg.
1796 3441 2079 3503 AEanII,
2104 3441 2238 3493 500:
2270 3465 2293 3486 ι
2314 3459 2449 3512 quos
2470 3442 2651 3513 justus

1624 3520 1677 3572 in
1705 3520 1909 3572 bostem
1934 3520 2053 3571 Fert
2076 3517 2251 3584 dolor,
2280 3529 2331 3574 et
2352 3519 2541 3572 merita
2568 3520 2653 3571 in·

1622 3598 1799 3650 cendit
1818 3597 2115 3651 Mezentius
2134 3599 2213 3649 ira
2228 3621 2273 3649 υ.

1696 3677 1813 3730 355.
1859 3681 2167 3745 Multumque
2193 3679 2378 3730 cruoris
2410 3679 2652 3744 utrinque

1623 3755 1835 3808 exhibet
1858 3755 1921 3808 G.
1954 3774 2003 3808 2.

1692 3835 1815 3888 356.
1855 3839 2147 3886 Sternuntur
2188 3853 2395 3902 corpora
2446 3836 2651 3902 campis.

1618 3915 1769 3986 Virg.
1792 3915 1911 3965 AEn.
1942 3913 1995 3965 11
2014 3951 2031 3978 ,
2058 3913 2189 3977 364:
2220 3939 2245 3958 ι
2268 3911 2505 3966 Plurima
2527 3931 2651 3983 per·

1618 4011 1724 4062 que
1752 3993 1865 4045 vias
1892 4003 2197 4046 sternuntur
2229 3991 2421 4045 inentia
2456 3992 2653 4064 passim

1621 4072 1857 4142 Corpora
1882 4096 1919 4122 ι.
