2975 4684
727 359 1181 439 EPIT'OME
1246 372 1387 439 ILI
1406 372 1665 440 ADOS
1734 373 2163 442 HOMERI.

2366 373 2504 472 573

466 494 726 560 Teucer
760 493 934 586 agit,
972 493 1358 588 spargitque
1393 493 1565 563 leves
1606 495 1672 562 in
1716 507 1898 588 terga
1937 498 2245 591 sagittas:

470 601 936 696 Gorgythiona
982 601 1196 672 ferum
1239 603 1419 674 letali
1466 603 1741 674 vulnere
1777 604 2019 676 fundit.

469 716 631 781 Mox
667 712 830 781 alias
865 715 1037 782 acies
1072 715 1277 808 petit,
1313 715 1750 809 aurigamque
1786 717 2055 812 superbi

2430 748 2505 799 ⁶⁷⁵

469 823 774 892 Hectoris
805 823 1198 913 obtruncat,
1241 850 1442 919 quem
1477 849 1637 894 saxo
1667 827 1909 894 Troius
1949 827 2141 897 heros

473 937 810 1028 Occupat,
849 959 1254 1031 excussoque
1291 937 1635 1006 incautum
1676 938 1952 1032 proterit
1989 963 2167 1009 arcu.

471 1046 592 1113 Ast
628 1042 812 1114 illum
849 1045 966 1114 fidi
1005 1048 1276 1142 rapiunt
1315 1045 1398 1116 de
1439 1047 1617 1115 caede
1660 1047 1949 1130 sodaleS‚

473 1155 1024 1250 Prostratumque
1063 1155 1321 1224 levant:
1363 1158 1498 1225 ruit
1540 1157 1835 1252 undique
1877 1159 2184 1228 turbidus
2218 1165 2493 1248 Hector,

475 1263 930 1361 Adversasque
969 1268 1142 1336 acies
1179 1266 1413 1336 infesta
1455 1267 1731 1362 cuspide
1774 1283 1999 1336 terret.

2437 1291 2513 1328 680

570 1373 701 1443 Sed
738 1401 968 1456 rursus
1006 1379 1224 1446 Danai
1262 1377 1515 1446 turbati
1552 1378 1727 1446 caede
1768 1403 2041 1446 suorum

475 1485 946 1572 Concurrunt,
981 1487 1357 1580 iterumque
1390 1485 1565 1556 leves
1604 1490 1674 1556 in
1706 1503 1923 1557 castra
1964 1503 2239 1559 catervae

477 1595 894 1689 Confugiunt
915 1650 934 1681 ‚
965 1612 1322 1692 portasque
1359 1599 1625 1691 objecto
1662 1599 1902 1667 robore
1934 1599 2222 1671 firmant.

477 1708 566 1775 At
609 1705 906 1801 Phryges
939 1707 1258 1778 obsidunt
1293 1707 1582 1778 inclusos
1622 1733 1861 1803 aggere
1896 1711 2172 1794 Grnioe,

477 1817 926 1910 Excubiisque
963 1832 1278 1911 premunt
1313 1843 1581 1904 murm,
1619 1817 2038 1913 flammisque
2074 1836 2420 1906 coronant.
2439 1841 2515 1879 ⁶⁸⁵

481 1927 734 1995 Caetera
773 1953 892 2022 per
928 1948 1198 2022 campos
1237 1929 1472 1997 sternit
1509 1953 1624 1997 sua
1656 1953 1945 2024 corpora
1984 1929 2225 2022 pubeS,

481 2035 978 2132 Indulgentque
1019 2063 1246 2125 mere,
1287 2063 1479 2108 curas
1526 2039 1919 2134 animosque
1962 2038 2327 2108 resolvunt.

455 2224 580 2291 674.
600 2222 705 2274 Pro
725 2225 975 2275 Cor-irione
990 2261 1005 2286 ,
1023 2222 1169 2295 quod
1181 2223 1406 2296 vulgate

385 2299 584 2354 habent
597 2339 612 2362 ,
645 2304 984 2370 Gorgsthe'ona
1021 2301 1308 2374 legendum
1345 2321 1408 2354 ex

386 2380 546 2432 Hom.
570 2380 723 2434 Iliad.
747 2382 880 2433 VIII
899 2418 915 2444 ,
955 2382 1055 2434 302
1076 2421 1092 2448 ‚
1119 2381 1404 2435 monuitcl.

387 2459 712 2514 Bondamius
731 2461 775 2512 ¹1.
803 2480 849 2532 c.
880 2473 930 2514 et
958 2479 1125 2533 prope
1153 2460 1412 2514 ac'eedunt

386 2538 458 2594 G.
487 2557 510 2592 1
536 2551 586 2592 et
613 2560 641 2593 τι
659 2578 674 2603 ,
705 2543 996 2610 Cor-iphiona
1026 2541 1272 2612 legentes.
1303 2545 1413 2593 Cre-

386 2622 619 2688 donaque
649 2635 808 2670 satum
845 2619 911 2672 H.
948 2632 1000 2673 et
1032 2623 1333 2688 comitiana.
1352 2658 1366 2672 .
1388 2656 1403 2671 .

372 2699 520 2767 fudit
546 2701 608 2752 A.
1197 2693 1204 2702 ⁹

460 2781 582 2849 675.
601 2785 728 2830 Mox
753 2783 882 2832 alias
905 2781 1036 2831 acies
1049 2782 1192 2848 petit.
1221 2782 1412 2833 Dusne-

390 2858 541 2924 nius,
585 2878 639 2930 p.
673 2860 762 2920 36,
803 2858 892 2913 hic
916 2859 1128 2913 volebat
1155 2858 1412 2931 refingere

391 2943 520 2990 Mox
543 2943 672 2992 alios
699 2943 881 2991 ardens
902 2941 1035 3007 petit.
1065 2937 1146 2991 Cl.
1171 2943 1232 2990 de
1255 2944 1408 3004 Roqr,

393 3017 533 3090 Spic.
564 3021 682 3074 crit.
707 3041 762 3094 p.
789 3023 885 3090 98,
919 3020 1119 3073 mavult
1138 3025 1266 3072 Mox
1287 3023 1412 3071 alios

393 3101 642 3166 aciepeeie,
661 3102 810 3172 quod
821 3099 1066 3172 equidem
1077 3099 1416 3170 pretulerim,

287 3203 294 3214 ·
394 3177 438 3231 si
465 3182 574 3231 acie
607 3184 820 3248 aliquem
846 3193 1042 3248 petere,
1085 3178 1152 3231 de
1187 3179 1387 3249 sagittis
1398 3216 1414 3240 ‚

395 3277 514 3331 qun
532 3258 770 3312 hocloco
787 3257 1138 3330 intelligeudae
1150 3296 1166 3321 ‚
1183 3257 1288 3310 dici
1307 3277 1418 3311 cre-

396 3336 592 3392 derem.
621 3339 976 3392 Tolerabilem
1015 3338 1189 3409 potius
1229 3337 1413 3391 lectio·

395 3435 518 3469 nem
539 3417 808 3489 vulgatam
831 3431 976 3489 puto.

468 3501 589 3566 676.
619 3503 804 3566 Quem,
827 3497 1240 3550 scil.Teucrum.
1273 3495 1377 3548 En.

468 3580 588 3648 677.
605 3583 978 3644 Excussamque
1000 3591 1204 3628 externo
1216 3577 1420 3644 proterit

399 3657 464 3710 G.
509 3675 530 3709 1
555 3674 568 3709 τ
593 3661 836 3724 extemplo
868 3657 1068 3725 proterit
1099 3673 1217 3706 areu
1248 3653 1316 3705 G.
1349 3673 1412 3707 2:

399 3735 493 3789 sed
521 3736 677 3790 lectio
701 3736 908 3808 vulgata
930 3733 1178 3806 proevalet
1200 3771 1217 3799 ,
1247 3743 1299 3784 et
1326 3752 1418 3784 ex-

399 3835 540 3867 cusso
566 3837 684 3868 arcu
717 3815 1064 3887 significatur,
1091 3831 1274 3865 arcum
1307 3829 1419 3864 ma-

399 3895 555 3948 nibus
592 3895 786 3949 Teucri
825 3909 1107 3946 excussum
1154 3909 1266 3943 esse
1309 3891 1418 3942 ictu

325 4007 336 4026 .
400 3974 588 4046 lapidis
613 3977 680 4028 ab
706 3975 928 4028 Hectore
949 3972 1187 4044 conjecti.

473 4057 593 4126 678.
623 4057 838 4121 Raptum
865 4072 899 4102 a
933 4055 1072 4102 eoede
1099 4050 1166 4102 H.
1201 4049 1422 4102 Phrusin

403 4133 548 4187 iilam
575 4133 732 4187 habet
757 4131 1008 4193 Ovidius,
1035 4129 1238 4182 Her.V1
1255 4166 1270 4192 ,
1297 4129 1418 4182 135:

1496 2249 1523 2270 ι
1546 2222 1787 2276 Prodidit
1828 2222 1915 2277 illa
1956 2235 2161 2296 patrem
2198 2245 2212 2277 ε
2262 2225 2413 2298 rapui
2448 2227 2517 2281 de

1497 2301 1641 2356 caede
1657 2303 1903 2356 Thoanta
1920 2329 1964 2356 n.

1570 2384 1693 2437 680.
1727 2387 1898 2434 Invisa
1926 2386 2123 2452 cuspide
2151 2382 2218 2435 H.
2235 2387 2431 2438 inversa
2452 2385 2522 2441 G.

1506 2478 1531 2513 1
1560 2473 1609 2515 et
1641 2480 1689 2514 2.
1707 2465 1900 2533 Infesta
1924 2461 2112 2516 melius
2133 2463 2279 2534 vulg.

1570 2542 1689 2593 682.
1712 2545 2020 2600 Conon-tunt,
2044 2545 2311 2610 iterumque
2328 2545 2397 2597 G.
2426 2563 2448 2597 1
2467 2556 2519 2597 et

1504 2637 1564 2681 23
1588 2623 1665 2670 ad
1679 2635 1846 2672 eastra
1864 2619 1931 2672 G.
1954 2639 2001 2672 ο.

1568 2699 1691 2753 683.
1741 2703 1939 2768 Objeeco
1976 2703 2171 2762 robore,
2208 2703 2417 2772 pessulo
2438 2721 2521 2755 ro·

1498 2779 1663 2832 boreo
1700 2780 1922 2851 objecto.
1950 2780 2116 2833 Totus
2157 2799 2337 2834 versus
2380 2781 2520 2835 infra

1499 2859 1723 2912 recurrit
1749 2877 1827 2912 vs.
1852 2858 1973 2928 935.
2014 2859 2335 2913 Conferamu-
2359 2862 2519 2914 etiam

1499 2956 1684 2992 versus
1707 2942 1826 3009 76²·

1570 3020 1694 3082 684.
1728 3023 1800 3069 Ae
1832 3020 2041 3085 Phryges
2074 3019 2295 3069 obsident
2330 3020 2390 3071 L.
2429 3024 2519 3070 112-
2632 3009 2637 3014 ⁸

1503 3101 1665 3148 elusos
1700 3099 1930 3148 occidunt
1960 3115 2144 3164 aggere
2176 3096 2241 3148 H.

1570 3177 1693 3230 685.
1726 3177 2066 3242 Excubieuque
2097 3191 2327 3244 premunt
2361 3197 2523 3230 muros

1483 3257 1811 3331 flammisque
1838 3271 2079 3307 coronam
2108 3255 2173 3307 H.
2196 3269 2246 3308 et
2270 3256 2337 3310 G.
2370 3277 2414 3311 1.
2446 3259 2521 3311 Ex

1502 3337 1587 3390 his
1619 3350 1862 3387 coronant
1886 3335 2060 3406 recepi
2086 3334 2141 3386 in
2168 3347 2371 3388 textum
2394 3377 2408 3400 ‚
2430 3355 2525 3408 pro

1502 3428 1779 3482 σοπωσιιιῃ,
1794 3413 1940 3484 quod
1960 3414 2013 3464 in
2038 3413 2259 3485 vulgatis
2279 3428 2369 3468 est.
2387 3417 2524 3469 Nam

1504 3494 1761 3566 Virgilius
1779 3532 1795 3559 ,
1816 3495 1937 3548 AEn.
1963 3493 2043 3544 lx
2063 3529 2079 3556 ‚
2106 3495 2202 3545 160
2226 3511 2239 3546 :
2272 3519 2295 3541 ι
2315 3495 2523 3548 Interea

1504 3574 1721 3645 vigilum
1775 3571 2007 3625 excubiis
2059 3571 2301 3625 obsidere
2348 3587 2527 3646 portas

1505 3655 1644 3706 Cura
1664 3652 1823 3705 datur
1844 3652 2099 3723 Messapo,
2125 3663 2176 3703 et
2196 3653 2387 3704 moenia
2412 3655 2529 3705 cin-

1505 3749 1627 3804 gere
1652 3730 1879 3783 flammis
1900 3756 1954 3796 a,
1988 3747 2181 3800 nempe
2198 3729 2488 3802 vigiliarum
2509 3750 2525 3796 3
2611 3731 2619 3741 '

1506 3825 1559 3863 et
1596 3809 1723 3864 ibid.
1754 3811 1891 3863 380:
1926 3835 1947 3856 ι
1968 3827 2287 3881 omnemque
2326 3809 2527 3865 aditum

1506 3889 1727 3944 custode
1750 3899 2007 3941 coronant
2020 3911 2065 3940 n.

1580 3970 1704 4040 687.
1757 3973 1909 4020 cam
1949 3971 2257 4033 animosque.
2304 3967 2532 4022 Videtur

1514 4047 1795 4120 legendum
1818 4065 1933 4100 esse
1949 4049 2077 4097 curis
2098 4048 2411 4114 animosque,
2446 4050 2531 4101 vel

1514 4147 1658 4178 curas
1682 4127 1956 4192 animisque
1974 4127 2231 4176 malvane.
