2975 4684
455 362 595 448 462
1182 361 1312 428 DE
1379 361 1855 430 AUCTORE

455 493 688 582 partim
737 499 999 556 exstant
1019 488 1216 554 hodie
1231 539 1249 572 ,
1288 490 1523 578 partim
1556 488 1889 578 deperdita
1926 490 1985 552 ei
2016 489 2099 553 ab
2132 489 2437 579 Antiquis
2474 493 2589 557 tri-

459 601 790 680 buuntur,
829 613 910 661 et
940 597 1160 661 omnia
1189 597 1326 677 ejus
1361 597 1614 686 generis
1649 617 1789 661 esse
1834 595 2233 684 reperiemus
2254 647 2274 680 ,
2306 609 2384 662 ut
2426 595 2585 688 Epi-

455 722 632 770 tome
678 703 911 769 Iliados
957 703 1228 766 Homeri
1270 702 1371 768 his
1416 723 1733 790 perquam
1780 699 2003 766 similis
2034 701 2277 786 videri,
2326 719 2392 767 et
2425 703 2590 770 nulli

454 825 750 877 veterum
801 825 1142 898 poetarum
1179 807 1396 898 potius
1409 857 1426 890 ,
1471 831 1669 897 quam
1721 808 1973 873 Avieno
1994 858 2014 891 ,
2050 807 2331 874 adscribi
2364 811 2587 899 possit.

457 918 786 982 Habemus
819 916 1104 980 duorum
1137 925 1513 1003 poematum
1548 915 1925 980 Graecorum
1955 915 2393 1003 metaphrasin
2422 913 2595 981 Lati-

455 1037 609 1088 nam
637 1023 992 1086 hexametri
1020 1021 1320 1086 carminis
1336 1039 1582 1111 ‘genere
1608 1009 1689 1086 ab
1706 1022 1955 1086 Avieno
1980 1021 2346 1086 confectam
2362 1071 2383 1105 ,
2414 1020 2591 1087 Arati

457 1147 522 1194 et
569 1129 868 1218 Dionysii
907 1127 1357 1211 Alexandrini,
1397 1145 1462 1192 et
1496 1128 1825 1194 neminem
1864 1126 2271 1193 eruditorum
2305 1152 2445 1194 esse
2478 1153 2585 1194 ar·

460 1236 668 1300 bitror
687 1282 706 1315 ‚
761 1233 878 1321 qui
921 1255 1056 1298 non
1093 1235 1213 1297 uni
1254 1234 1503 1300 Avieno
1542 1251 1889 1321 utramque
1927 1232 2151 1297 deberi
2186 1233 2436 1299 adserat
2470 1233 2585 1322 (1).

457 1342 536 1405 In
563 1357 847 1427 utroque
870 1339 1156 1402 carmine
1175 1337 1352 1404 docti
1368 1339 1493 1404 viri
1514 1339 1942 1428 observarunt
1956 1385 1976 1421 ,
2012 1339 2334 1405 Avienum
2352 1362 2389 1402 a
2412 1339 2592 1403 Grae-

458 1469 536 1510 co
561 1446 740 1510 fonte
771 1444 1056 1510 multum
1080 1446 1414 1511 recessisse
1428 1494 1448 1528 ,
1483 1467 1621 1510 non
1648 1467 1855 1533 pauca
1881 1445 2081 1508 Arato
2116 1445 2354 1508 intacta
2375 1446 2479 1509 vel
2506 1444 2593 1510 de

457 1573 614 1633 suo,
660 1549 760 1613 vel
791 1571 828 1612 e
862 1550 1088 1614 Latina
1139 1549 1508 1614 Germanici
1548 1549 1934 1637 metaphrasi
1972 1549 2168 1637 petita
2203 1550 2552 1615 inseruisse
2571 1599 2591 1631 ,

459 1654 775 1720 nonnulla
824 1653 1016 1718 etiam
1052 1653 1368 1742 Dionysio
1406 1652 1761 1736 addidisse,
1804 1669 1881 1718 nt
1921 1669 2153 1741 praeter
2184 1678 2336 1720 eum
2372 1655 2593 1744 plures

457 1776 752 1826 auctores
770 1775 1087 1847 sequutus
1101 1757 1417 1824 vide‘atur.
1449 1758 1653 1842 Quod
1681 1757 2052 1824 docuerunt
2070 1761 2441 1844 Fabricius,
2478 1763 2589 1826 Bi-

458 1867 689 1932 blioth.
725 1867 860 1930 Lat.
897 1866 1005 1930 lib.
1041 1867 1172 1948 111,
1209 1886 1349 1953 cap.
1387 1887 1497 1947 11,
1537 1881 1604 1929 et
1646 1863 1847 1931 Henr.
1890 1867 2425 1956 Cannegieterus,
2446 1867 2591 1933 Dis-

457 1986 605 2038 sert.
643 1971 726 2038 ad
754 1972 979 2036 Avian.
1015 1994 1152 2059 cap.
1192 1969 1253 2036 3.
1290 1969 1490 2035 Plane
1523 1970 1751 2035 eadem
1790 1973 1996 2053 ratio,
2031 1970 2208 2037 idem
2242 1975 2591 2038 eonsilium

459 2095 556 2142 est
599 2077 834 2142 Iliados
880 2078 1139 2142 Latinae.
1165 2078 1396 2142 Versio
1429 2076 1700 2143 Homeri
1730 2093 1830 2142 est
1874 2078 2262 2142 hexametris
2294 2079 2591 2144 versibus

461 2206 788 2272 expressa,
827 2181 941 2246 sed
969 2183 1055 2246 ita
1081 2183 1409 2264 instituta,
1444 2198 1521 2246 ut
1551 2184 1619 2245 in
1656 2181 1875 2245 multis
1909 2182 2273 2248 Homerum
2304 2181 2593 2266 deserat,

463 2291 583 2354 alia
617 2288 702 2353 de
736 2311 858 2352 suo
885 2287 1112 2369 addat,
1149 2290 1270 2352 alia
1303 2311 1341 2352 e
1376 2303 1717 2378 poetarum
1742 2290 2189 2352 Romanorum
2222 2289 2381 2354 locis
2415 2313 2597 2356 exor-

471 2413 603 2460 net.
648 2396 780 2478 Qui
807 2396 1006 2484 igitur
1033 2395 1168 2460 duo
1201 2411 1424 2484 poetas
1457 2397 1720 2461 Graecos
1752 2397 2049 2460 Romano
2081 2395 2311 2462 habitu
2342 2397 2593 2472 induit,

464 2524 584 2564 nec
613 2517 743 2564 tam
771 2501 1122 2582 convertit,
1155 2524 1354 2590 quam
1385 2502 1833 2590 interpolavit,
1866 2502 1975 2568 hic
2007 2503 2389 2590 primarium
2420 2503 2598 2569 Grai·

463 2627 692 2670 eorum
749 2621 1008 2694 poetam
1045 2606 1402 2671 Homerum
1459 2607 1753 2672 similiter
1800 2623 2073 2674 tractare
2122 2609 2459 2674 omiserit?
2485 2610 2599 2674 hic

465 2709 702 2776 Iliados
761 2712 1032 2793 Latinae,
1069 2713 1252 2792 cujus
1305 2714 1495 2800 plane
1538 2713 1715 2778 idem
1751 2716 2018 2803 genius,
2054 2713 2279 2779 eadem
2317 2736 2595 2804 compo-

467 2816 668 2881 nendi
705 2817 902 2900 ratio,
954 2841 1028 2881 ac
1065 2819 1242 2883 Arati
1279 2819 1710 2908 Dionysiique
1753 2819 1969 2883 Latini·
1997 2835 2125 2902 est,
2173 2844 2310 2884 non
2359 2837 2594 2886 auctor

464 2923 819 2990 habeatur?
834 2923 1025 2989 Dices
1038 2972 1056 3006 ,
1080 2947 1338 2988 carmen
1355 2926 1739 2990 Homeristae
1760 2927 1966 2990 Latini
1984 2925 2447 3014 compendium
2470 2949 2599 2990 ma·

463 3031 558 3119 gis
593 3052 672 3094 ex
715 3028 916 3094 Iliade
953 3047 1360 3097 contractum
1376 3077 1396 3113 ‚
1430 3054 1629 3120 quam
1663 3031 2152 3098 translationem
2174 3054 2319 3098 esse
2332 3079 2356 3114 ,
2380 3047 2596 3121 eoque

463 3135 544 3200 ab
575 3136 750 3201 Arati
788 3153 854 3199 et
889 3137 1184 3226 Dionysii
1214 3137 1602 3226 metaphrasi
1639 3137 1920 3201 multum
1954 3137 2237 3204 differre.
2269 3139 2352 3203 At
2384 3139 2593 3226 palam

535 3325 613 3392 (ι)
639 3323 904 3377 Adserunt
929 3325 1031 3380 hoc
1053 3326 1297 3399 inprimis
1321 3325 1589 3401 Gyraldus
1606 3363 1622 3390 ,
1650 3325 1786 3378 Dial.
1806 3326 1883 3377 IV
1893 3361 1909 3390 ,
1942 3343 1997 3397 p·.
2030 3325 2147 3396 ²⁵7·
2175 3339 2225 3378 et
2242 3325 2461 3380 Vossius
2479 3364 2496 3391 ,
2528 3325 2599 3380 de

345 3483 352 3494 ι
464 3415 600 3468 Hist.
629 3417 746 3469 Lat.
775 3415 868 3467 lib.
895 3417 950 3468 11
968 3453 985 3480 ,
1015 3435 1138 3489 cap.
1155 3435 1188 3487 9
1207 3455 1222 3481 ,
1260 3417 1464 3472 fabulas
1492 3418 1651 3471 etiam
1672 3455 1687 3481 ,
1715 3417 1911 3490 quibus
1938 3417 2249 3490 plerumque
2280 3417 2465 3470 Aviani
2502 3432 2597 3469 no-

467 3521 588 3558 men
617 3503 953 3575 inscriptum,
978 3506 1177 3558 Avieno
1197 3505 1532 3578 adsignantes
1549 3543 1565 3568 ,
1594 3505 1696 3558 hac
1724 3503 1953 3558 mxime
1968 3506 2193 3572 ratione,
2218 3531 2243 3552 ι
2266 3505 2393 3578 quia
2416 3504 2521 3569 hm,
2546 3517 2597 3558 et

464 3591 670 3663 reliqna
689 3591 876 3644 Avieni
896 3592 1087 3664 scripta
1105 3594 1264 3646 unius
1284 3593 1515 3647 hominis
1532 3593 1805 3665 ingenium
1830 3594 2064 3664 eupiunt,
2084 3594 2178 3666 qui
2195 3592 2447 3666 gauderet
2464 3592 2597 3645 alio-

467 3697 586 3732 rum
622 3681 834 3734 inventa
871 3682 1067 3735 Latinis
1099 3683 1332 3736 numeris
1358 3681 1583 3736 reddere
1602 3707 1649 3736 n.
1688 3682 2025 3754 Quamquam
2059 3679 2127 3735 de
2158 3681 2353 3736 fabulis
2380 3681 2598 3735 fortasse

463 3769 810 3822 concesserim
847 3771 1222 3843 Cannegietero
1242 3811 1258 3837 ,
1288 3783 1561 3825 auctorem
1590 3771 1666 3824 eis
1694 3769 2003 3843 inscriptum
2037 3771 2295 3823 Avianum
2326 3767 2595 3824 diversum

463 3855 532 3907 ab
569 3857 797 3925 Avieno,
835 3861 1016 3912 saltem
1051 3859 1278 3914 dubium
1320 3875 1466 3924 esse;
1514 3861 1571 3912 in
1611 3858 1815 3913 duabus
1857 3863 2033 3913 tamen
2066 3859 2215 3912 Arati
2255 3870 2309 3912 et
2352 3859 2597 3942 Dionysii

463 3945 884 4015 memphi-acibus
932 3949 1027 4001 uni
1069 3949 1270 4002 Avieno
1310 3946 1677 4003 adscribendis
1712 3961 1820 4002 tam
1862 3947 2138 4002 manifesta
2177 3948 2315 4000 ratio
2355 3952 2597 4019 apparet,

461 4041 608 4084 tanta
638 4033 859 4090 instituti
887 4048 938 4090 et
963 4039 1087 4111 styli
1116 4037 1406 4092 similitudo
1431 4050 1509 4093 est
1522 4080 1541 4105 ,
1572 4049 1632 4091 ut
1654 4055 1827 4110 neque
1856 4035 2264 4108 Cannegieterus
2289 4035 2444 4108 plane
2470 4051 2596 4088 con-

459 4125 538 4168 tra
574 4119 651 4172 ire
676 4140 836 4176 ausus
865 4126 947 4176 sit.
