2975 4684
856 356 968 424 IN
1029 358 1456 431 noMERI
1523 368 2017 441 ILIADEM.
2360 380 2500 479 627

367 479 582 544 dona
563 483 852 570 lugentia
874 485 1274 572 pollicentes,
1293 490 1348 551 si
1368 488 1668 557 desistat
1650 499 1855 579 irasci,
1880 516 1945 563 et
1964 522 2034 565 se
2057 506 2499 575 auxiliatorem

367 586 550 651 fessis
586 588 778 653 rebus
811 591 1280 657 accommodet.
1323 595 1451 660 Sed
1482 598 1776 673 Achille
1758 626 1829 667 ιιι
1865 605 2198 673 iracundia
2231 616 2503 700 pertina-

365 693 526 755 citer
555 712 1006 781 permanente,
1041 698 1230 787 legati
1263 700 1700 787 Achivorum,
1737 731 1807 772 re
1842 734 1976 775 non
2019 715 2395 803 impetrata,
2423 724 2503 786 ir-

365 798 471 859 riti
515 816 950 867 revertuntur.

849 1018 1372 1089 PERIOCHA
1433 1026 1500 1091 X
1562 1026 2014 1100 ILIADOS.

641 1198 841 1251 Caetera
865 1216 961 1270 per
983 1218 1144 1253 naves
1171 1218 1358 1255 somno
1384 1205 1556 1275 sopita
1585 1210 1835 1262 manebat

641 1286 826 1339 Turba
853 1287 1080 1351 ducum3
1111 1290 1284 1343 solum
1309 1310 1436 1345 cura
1463 1294 1624 1355 anxia
1650 1308 1801 1351 vexat
1824 1300 2081 1355 Attidem.

433 1438 669 1529 Ulyxes
693 1457 759 1505 et
785 1442 1132 1508 Diomedes
1157 1448 1559 1534 speculatum
1586 1469 1779 1516 nocte
1798 1460 2143 1546 progressi,
2170 1462 2491 1530 Dolonem

357 1548 838 1635 conspicantur,
858 1550 972 1637 qui
1001 1567 1067 1614 et
1091 1551 1228 1638 ipse
1259 1554 1595 1639 promissis
1628 1556 1923 1625 Hectoris
1952 1564 2288 1651 incitatus,
2315 1570 2492 1636 Grae·

355 1675 586 1717 corum
641 1655 905 1719 consilia
957 1657 1362 1745 exploratum
1417 1660 1746 1748 prodierat
1767 1713 1785 1747 ,
1836 1685 1903 1731 et
1955 1670 2143 1736 fateri
2195 1677 2491 1745 universa

355 1762 768 1848 compulsum
819 1762 1050 1827 eodem
1103 1765 1249 1830 loco
1299 1766 1717 1834 interficiunt.
1780 1776 1836 1837 A
1888 1799 2023 1862 quo
2076 1778 2157 1843 de
2210 1781 2493 1849 adventu

357 1865 574 1930 Rhoesi
621 1866 948 1931 Thracum
990 1870 1158 1959 regis
1197 1870 1444 1955 edocti,
1479 1875 1697 1963 ipsum
1730 1878 1919 1942 etiam
1954 1904 2107 1946 cum
2146 1885 2496 1954 duodecim

355 1971 793 2054 obtruncant;
828 1996 1164 2063 equosque
1198 1976 1335 2057 ejus
1368 1982 1707 2066 praemium
1733 1983 1929 2048 simul
1950 2003 2013 2049 et
2044 1991 2490 2059 testimonium

355 2080 762 2168 grassationis
793 2081 1162 2166 abducunt,
1191 2086 1476 2175 insignes
1516 2089 1799 2155 candore
1826 2106 1892 2155 et
1926 2096 2249 2161 celeritate
2270 2148 2287 2179 ‚
2326 2115 2399 2162 ut
2430 2119 2495 2165 et

357 2185 620 2249 nivibus
643 2234 660 2267 ,
695 2203 760 2249 et
788 2188 996 2250 ventis
1033 2189 1508 2256 antecederent.

812 2413 1334 2485 PERIOCHA
1377 2367 1508 2485 'xl
1573 2420 2017 2492 1L1ADos.

627 2610 846 2664 Tithoni
862 2613 940 2682 (1)
965 2630 1210 2694 croceum
1238 2612 1480 2686 linquens
1512 2616 1717 2671 Aurora
1745 2620 1920 2673 cubile

630 2700 921 2771 Spargebat
947 2712 1112 2754 terras
1126 2739 1141 2763 ,
1161 2702 1397 2755 reserens
1417 2718 1583 2775 opera
1597 2746 1613 2770 ,
1642 2702 1800 2777 atque
1822 2706 2044 2763 labores.

435 2860 536 2923 Ab
573 2859 878 2923 omnibus
911 2861 1145 2926 Graecis
1173 2862 1427 2951 egregie
1461 2863 1763 2950 quidem,
1800 2865 1915 2929 sed
1949 2868 2348 2957 improspere
2378 2873 2476 2936 di-

348 2965 639 3028 micatur.
669 2965 970 3047 Quorum
997 2965 1372 3053 proceribus
1389 2968 1773 3048 vulneratis,
1806 2969 2151 3059 incognitae
2178 2977 2474 3040 multitu·

348 3069 484 3133 dini
529 3093 748 3159 pugna
799 3072 1245 3135 committitur.
1275 3072 1422 3154 Qua
1471 3071 1839 3139 adflictione
1883 3076 2161 3141 fortunae
2199 3080 2477 3147 Achilles

343 3176 668 3265 paulisper
699 3176 1002 3259 inflexuS,
1029 3176 1398 3241 Patroclum
1426 3179 1627 3242 mittit
1662 3182 1999 3266 praesentia
2026 3186 2465 3273 cogniturum.

345 3282 478 3364 Qui
512 3304 718 3368 quum
748 3280 996 3346 adversi
1038 3297 1239 3345 status
1271 3283 1543 3347 nuntius
1574 3301 2027 3367 reverteretur,
2066 3289 2469 3379 Eurypylum

342 3388 818 3475 contemplatur
853 3410 1094 3476 aegrum
1122 3410 1200 3451 ex
1227 3388 1531 3470 vulnere3
1560 3390 1997 3477 fomentisque
2024 3393 2288 3458 medicae
2320 3398 2471 3461 artis

341 3492 654 3575 admotis,
689 3491 1086 3581 redintegrat
1119 3493 1391 3557 sanitati.

411 3727 490 3791 (ι)
530 3726 722 3775 Tithoni
754 3742 991 3775 crocemn.
1029 3723 1096 3775 Et
1124 3724 1226 3776 hoc
1255 3721 1517 3787 distichon
1561 3746 1593 3777 a
1624 3726 1850 3797 Virgilio
1889 3740 2158 3781 mutuatus
2192 3730 2471 3784 Ausonius.

337 3806 492 3862 Prior
514 3810 654 3862 enim
685 3829 865 3862 versus
895 3824 968 3862 est
995 3811 1167 3881 primo
1193 3810 1511 3882 Georgicon,
1526 3827 1717 3883 quarto
1737 3826 1787 3866 et
1813 3834 1956 3867 nono
1974 3816 2257 3869 AEneidos:
2280 3844 2305 3862 «ε
2321 3818 2477 3889 Spar·

339 3896 492 3968 gebat
533 3896 738 3948 lumine
774 3908 980 3949 terras·
1005 3936 1018 3955 ‚
1069 3896 1253 3949 iisdem
1294 3910 1482 3968 quarto
1538 3910 1587 3950 et
1634 3918 1815 3953 nono:
1862 3900 1953 3953 sed
1997 3903 2271 3956 «referens
2312 3922 2469 3976 opera

339 3994 497 4054 atque
517 3984 722 4036 labores
743 4012 768 4029 n
787 4022 803 4045 ,
833 3984 1111 4037 undecimo
1135 3984 1405 4037 AEneidos.
1437 3988 1656 4038 Vinctus.

2052 4227 2164 4307 40.
