2975 4684
426 314 560 411 572

1281 321 1687 390 INCERTI

521 437 686 508 Inde
719 439 892 508 acies
926 441 1108 510 videt
1141 439 1408 528 Iliaca5‚
1452 442 1817 535 dextraque
1861 445 2117 536 potenti

523 551 819 618 Sustinet
851 563 1117 620 auratas
1149 566 1410 646 aequato
1447 551 1744 647 pondere
1780 549 2039 640 lanceS‚

522 660 820 752 Fataque
859 659 1027 729 dura
1064 661 1437 757 Phrygum,
1467 686 1789 755 casusque
1820 661 2139 756 expendit
2172 663 2539 750 Achivum,

525 773 610 839 Et
644 756 928 839 Graium
963 771 1183 840 clades
1219 773 1535 868 gravibus
1570 771 2037 866 praeponderat
2065 773 2291 844 armiS.

2489 798 2570 836 660

623 883 887 960 Interea
926 883 1197 952 Danaos
1233 885 1488 976 ingenti
1523 882 1824 952 concitus
1860 883 1959 950 ira

525 989 892 1059 Priamides
933 993 1110 1086 agit,
1153 1007 1221 1060 et
1253 993 1412 1061 totis
1454 993 1670 1086 gravis
1712 991 2019 1060 imminet
2061 991 2300 1077 armis,

527 1105 757 1171 Unum
799 1101 1050 1196 quippe
1091 1100 1290 1171 decus
1325 1102 1677 1196 Phrygiae:
1713 1100 2073 1169 turbantur
2106 1100 2381 1186 Achivi,

528 1212 910 1306 Doricaque
945 1214 1199 1307 ingenti
1238 1211 1662 1308 complentur
1702 1226 1919 1280 castra
1956 1209 2273 1281 tumultu.

629 1325 954 1390 Hortatur
989 1323 1202 1391 socios
1237 1323 1448 1391 muris
1485 1321 1779 1393 inclusus
1818 1320 2115 1409 AtrideS‚
2494 1343 2573 1382 ⁶6⁵

533 1435 1080 1526 Languentesque
1115 1435 1372 1502 animos
1408 1433 1734 1527 juvenum
1770 1431 1835 1498 in
1882 1431 2247 1502 certamina
2280 1429 2521 1500 firmat.

531 1542 848 1636 Princeps
885 1542 1176 1638 Tydides
1212 1543 1599 1612 ardentibus
1632 1543 1874 1611 emicat
1914 1542 2148 1626 armiS,

535 1654 662 1720 Per
696 1651 1082 1747 mediosque
1117 1653 1341 1724 hostes
1375 1653 1653 1722 immani
1700 1653 1969 1722 turbiue
2006 1649 2239 1722 fertur.

535 1763 662 1832 Hic
703 1760 798 1830 illi
841 1763 1136 1833 occurrit
1168 1762 1320 1832 fatis
1357 1761 1645 1859 Agelaus
1686 1763 1932 1856 iniquis

534 1872 771 1941 Telum
802 1874 1094 1942 immane
1119 1898 1324 1942 manu
1352 1874 1683 1969 quatiens„
1705 1897 1903 1966 quem
1932 1873 2263 1941 maximus
2289 1871 2485 1940 heros
2500 1889 2579 1942 ⁶7·

534 1987 883 2077 Occupat,
920 1998 987 2052 et
1024 1982 1194 2053 duro
1231 1985 1524 2053 medium
1563 1984 2057 2053 transverberat
2092 2008 2271 2052 ense.

635 2093 812 2163 Hinc
839 2093 1137 2189 Phrygas
1169 2094 1384 2188 Ajacis
1415 2096 1621 2165 vastis
1658 2109 1997 2190 protectus
2036 2096 2107 2162 in
2134 2094 2337 2194 armis

444 2258 588 2308 simul
601 2257 882 2328 legendum
900 2257 1108 2312 videtur
1123 2279 1465 2332 supet-,quem-

1624 2264 1748 2333 671.
1798 2267 1877 2312 Ac
1910 2265 2035 2313 deam
2072 2261 2283 2312 inedium
2318 2258 2385 2313 G.
2427 2277 2487 2322 ι,
2534 2275 2586 2310 ee

444 2335 736 2390 admodum
761 2339 866 2391 hoc
892 2357 1076 2410 supra,
1106 2359 1184 2393 vs.
1205 2340 1299 2401 65,
1339 2359 1463 2394 cum
1552 2345 1761 2392 medium
1792 2344 1903 2392 diro
1928 2340 1993 2392 Η.
2024 2339 2127 2392 Pro
2150 2359 2271 2391 eme
2290 2339 2381 2391 hic
2402 2337 2587 2390 dieen-

446 2420 591 2468 simul
613 2428 970 2487 permutatum
1000 2429 1093 2470 est.
1111 2418 1218 2469 En.

515 2495 636 2565 657.
657 2499 784 2548 Inde
800 2499 978 2547 videns
995 2500 1150 2548 aciem
1167 2499 1376 2548 Iliacam
1392 2497 1462 2551 H.

450 2581 566 2627 Tum
587 2578 730 2628 videt
747 2576 878 2626 acies
896 2576 1083 2626 Iliacas
1100 2575 1166 2628 G.
1184 2594 1230 2629 2.

515 2655 640 2724 659.
667 2660 887 2722 Fataque
905 2655 1019 2704 dira
1043 2653 1112 2705 H.

517 2737 638 2786 661.
667 2735 898 2786 Conditus
913 2734 992 2784 ira
1008 2732 1074 2786 G.
1099 2753 1126 2786 2
1149 2731 1418 2786 mendose.

523 2817 647 2867 662.
670 2816 796 2865 Totis
815 2831 961 2880 super
975 2817 1153 2864 eminet
1175 2816 1324 2864 armis
1347 2811 1472 2868 edd.

446 2894 654 2964 legunt,
685 2893 890 2963 inepte:
923 2891 1120 2944 rectius
1155 2894 1266 2943 totis
1301 2896 1472 2960 gravis

447 2977 664 3026 isnminet
695 2972 764 3025 H.
808 2971 873 3025 G.
925 2990 946 3024 1
969 2991 984 3021 τ
1024 2987 1072 3024 ee
1109 2974 1218 3024 totis
1256 2974 1474 3034 imminet

451 3053 517 3105 G.
541 3071 590 3105 2.

519 3135 644 3196 664.
669 3133 873 3199 Ingenti
890 3135 1152 3200 explentur
1165 3131 1227 3182 A.
1247 3143 1298 3184 et
1321 3129 1386 3183 L.
1411 3145 1424 3157 ·

518 3214 639 3281 667.
671 3212 968 3261 Ardeatibus
1007 3212 1185 3270 annis,
1219 3221 1279 3262 ut
1315 3227 1474 3280 supra

449 3309 506 3342 v.
530 3289 631 3356 394
646 3290 955 3358 ,flagrantia
974 3307 1118 3339 anna
1135 3287 1282 3340 dixit.
1301 3288 1402 3342 En.

519 3372 644 3424 668.
677 3373 792 3421 Cum
811 3387 998 3436 magno
1015 3373 1205 3421 turbine
1228 3367 1296 3422 H.

520 3452 644 3518 669.
682 3451 808 3500 Hinc
839 3450 915 3500 illi
941 3449 1004 3498 L.
1035 3446 1244 3500 Nomen
1267 3451 1470 3516 AEgoeus

449 3528 840 3603 supposititium
871 3525 960 3578 hic
989 3525 1042 3578 in
1069 3527 1318 3579 omnibus
1343 3525 1472 3579 scri·

447 3609 550 3682 ptis
597 3620 648 3661 et
694 3606 898 3659 excusis
932 3604 1124 3675 legitur
1150 3644 1165 3669 ,
1217 3617 1274 3656 ut
1313 3622 1472 3677 supra

447 3707 499 3741 v,
528 3689 629 3758 377
651 3699 700 3739 et
729 3685 851 3749 405.
885 3684 1136 3736 Monente
1163 3682 1231 3736 cl.
1258 3681 1474 3736 Bonde-

451 3767 558 3819 mio
579 3767 618 3818 l.
634 3786 679 3819 c.
699 3783 750 3836 p.
779 3767 876 3827 164
893 3804 908 3828 ,
935 3761 1176 3816 hocloco
1197 3761 1476 3834 ponendus

445 3857 524 3898 est
563 3849 785 3914 Agelaus
825 3840 1244 3895 Phradmonides
1259 3880 1275 3906 ,
1313 3861 1474 3913 quem

451 3925 600 3976 hasta
625 3943 719 3996 per
747 3933 953 3993 tergum
985 3935 1036 3975 et
1062 3934 1248 3994 pectus
1284 3942 1315 3976 a
1350 3921 1474 3975 Dio-

450 4001 602 4055 mede
619 4005 894 4073 trajectum
918 4000 1182 4056 Homerus
1203 4012 1478 4068 memorat,

453 4079 768 4144 Iliad.Vlll‚
793 4079 908 4130 258.

1554 2419 1687 2486 dum
1710 2433 1823 2474 erat
1846 2424 2019 2480 hasta,
2061 2417 2349 2472 secundum
2384 2417 2585 2470 Home·

1554 2517 1674 2552 rum
1694 2537 1709 2562 ,
1732 2510 1891 2571 atque
1926 2497 1983 2551 id
2016 2498 2235 2551 fortasse
2268 2497 2321 2549 in
2360 2497 2465 2550 alio
2494 2513 2587 2548 oo·

1557 2576 1675 2630 dice
1714 2576 2001 2630 invenitur.
2036 2575 2171 2630 Nam
2210 2587 2261 2629 et
2305 2575 2423 2628 aliis
2458 2576 2589 2630 locis

1557 2656 1943 2722 Nostri,ensem
1968 2669 2017 2708 et
2037 2655 2247 2709 hastam
2263 2667 2591 2709 commutata

1560 2754 1591 2788 a
1616 2734 1847 2790 librariis
1868 2734 2122 2787 vidimus.

1632 2817 1755 2886 672.
1815 2815 1967 2867 Libri
2012 2814 2191 2866 excusi
2238 2813 2421 2883 legunt
2462 2815 2590 2864 Hinc

1562 2898 1798 2962 Phryffl'as
1813 2897 1946 2946 acies
1964 2897 2120 2946 vasn's
2136 2906 2403 2960 pmtecms.
2429 2892 2495 2943 In
2520 2893 2591 2944 iis

1560 2973 1731 3026 verbis
1744 2989 1903 3044 nemo
1916 2973 2070 3026 facile
2084 2970 2339 3024 mendum
2354 2969 2592 3024 animad-

1560 3065 1818 3112 verteret,
1848 3053 1951 3104 nisi
1978 3051 2105 3104 boni
2131 3050 2345 3103 codices
2368 3049 2426 3102 id
2448 3049 2593 3102 indi-

1562 3144 1762 3185 carent.
1800 3129 1903 3185 sed
1931 3131 2154 3184 Helmst.
2188 3141 2241 3182 et
2270 3128 2338 3181 G.
2378 3147 2400 3183 ι
2446 3129 2593 3182 clare

1562 3209 1799 3283 produnt
1823 3212 1953 3261 Ηίησ
1974 3212 2190 3276 Phryges
2208 3210 2403 3276 Ajace's.
2426 3207 2593 3273 Quod

1565 3307 1750 3342 verum
1774 3307 1887 3340 esse
1914 3287 2177 3340 Homerus
2195 3284 2425 3340 ostendit
2445 3325 2463 3351 ,
2494 3287 2593 3357 qui

1562 3367 1723 3421 tradit
1742 3405 1756 3430 ‚
1777 3368 2045 3421 Teucrum
2076 3367 2253 3439 Ajncis
2290 3379 2441 3418 scuto
2470 3384 2596 3437 pro-

1560 3459 1759 3500 tectum
1823 3446 2020 3500 multos
2063 3444 2325 3517 Trojanos
2396 3444 2593 3516 sagittis

1560 3526 1885 3580 interfecisse
1904 3561 1920 3587 ,
1956 3522 2117 3578 niad.
2141 3525 2303 3590 vm,
2346 3543 2421 3576 vs.
2450 3527 2549 3577 266
2572 3542 2589 3576 ε

1561 3614 1769 3680 Τεῦκρος
1805 3603 1859 3660 δ”
1890 3609 2079 3668 εἴνατος
2116 3602 2227 3662 ἦλθε
2248 3643 2265 3671 ,
2316 3607 2593 3660 παλίντονα

1562 3689 1685 3752 τόξα
1717 3689 1967 3742 τιταίνων.
2000 3691 2101 3742 Στῆ
2140 3681 2193 3738 ὃ·
2226 3687 2303 3758 ἄρ’
2328 3687 2415 3739 ὑπ’
2443 3687 2595 3738 Αἶαν·

1563 3787 1645 3829 τος
1688 3770 1835 3822 ceint
1871 3761 2291 3838 Τελαμωνιάδαο·
2316 3775 2367 3814 et
2384 3782 2433 3815 v.
2459 3781 2558 3833 ²7²
2576 3783 2591 3814 ε

1564 3851 1589 3900 ὁ
1616 3848 1677 3901 δέ
1700 3869 1781 3919 μιν
1801 3848 1947 3900 ciant
1966 3848 2252 3916 κρύπτασκι
2270 3851 2468 3915 φαεινῷ.
2484 3841 2589 3894 Pu-

1565 3937 1671 3978 tem
1706 3931 1763 3982 τὸ
1798 3927 2007 3992 Phryges
2042 3921 2241 3976 codicis
2277 3918 2593 3973 mutandum

1564 4003 1619 4056 in
1648 4007 1897 4071 Phrygas,
1944 4013 1997 4053 et
2032 4019 2129 4071 pro
2172 4005 2223 4052 iu
2262 4001 2413 4052 armis
2458 3999 2595 4052 forto

1566 4081 1758 4134 melius
1780 4084 1845 4132 ab
1860 4082 2030 4132 armis.
