2975 4684
695 413 1134 482 CONCUB.
1189 413 1577 484 MARTIS
1635 417 1759 484 ET
1819 417 2284 484 VENERIS.

2418 410 2561 507 329

521 537 798 606 Deliciis
837 537 1118 604 Veneris
1156 533 1352 606 dives.
1379 551 1625 606 natura
1666 537 1948 608 laborat.
2058 569 2063 575 ·

517 651 802 716 Texerat
830 645 940 714 hic
982 644 1270 740 liquidos
1314 647 1549 720 fontes,
1564 673 1703 717 non
1732 647 1886 717 vilis
1922 646 2185 714 arundo
2205 698 2224 728 ‚

521 758 650 828 Sed
685 783 820 852 qua
859 781 1028 826 saeva
1069 783 1238 852 puer
1275 774 1636 854 componat
1672 759 1802 829 tela
1830 757 2144 852 Cupido:

523 873 722 938 Hunc
751 867 966 936 solum
1007 868 1297 962 Paphie,
1333 885 1501 964 puto
1522 925 1541 957 ‚
1575 870 1796 940 lucum
1835 869 1995 938 feeit
2022 867 2279 952 amori,
2515 887 2564 924 ⁵0

515 981 642 1048 Hic
675 983 964 1050 Martem
1004 994 1390 1072 exspectare
1423 981 1635 1051 solet:
1666 979 1831 1075 quid
1868 978 2105 1050 Gratia
2144 977 2389 1045 cessit?

504 1088 708 1177 'Quid
736 1088 1094 1160 Charites?
1127 1113 1305 1184 qu0‚
1341 1116 1509 1160 saeve
1546 1115 1749 1185 puer,
1777 1115 1917 1158 non
1958 1087 2107 1158 licia
2140 1087 2394 1156 neetis?

425 1307 586 1361 modo
601 1321 720 1381 post
737 1315 886 1362 Iecms
906 1309 1090 1364 incisio
1110 1321 1350 1380 ponatur.
1365 1310 1450 1366 sic

425 1387 566 1458 apud
594 1388 869 1442 claudian.
891 1389 948 1442 in
975 1389 1208 1460 Epithal.
1238 1389 1370 1444 Pan.
1398 1402 1451 1444 et

425 1469 594 1523 Celer.
617 1489 672 1523 v.
698 1475 729 1532 4
744 1507 760 1532 ,
775 1470 959 1523 Venus
984 1467 1180 1523 dicitur
1201 1459 1446 1524 somnum

423 1567 612 1622 capere
637 1551 1050 1619 AceIInisflomm
1073 1555 1282 1603 cumulo.

497 1636 586 1700 47.
614 1633 806 1680 Natura
832 1633 1054 1690 laborat,
1081 1631 1122 1682 i.
1151 1649 1198 1682 e.
1227 1647 1446 1703 operum

424 1707 517 1761 dat
532 1746 549 1773 ‚
577 1719 638 1760 ut
659 1707 858 1762 deliciis
895 1709 1120 1762 Veneris
1160 1728 1283 1763 suas
1321 1729 1446 1781 opes

423 1789 698 1843 ministret.
733 1789 820 1842 Sic
853 1803 905 1842 et
937 1788 1026 1842 alii
1050 1800 1217 1860 poetae
1237 1789 1448 1860 fingunt

423 1868 536 1922 Diis
590 1869 1030 1922 accumbentibus
1045 1906 1060 1932 ,
1101 1868 1446 1940 inprimisque

421 1948 624 2002 Veneri
642 1988 658 2012 ,
685 1959 878 2006 terram
907 1947 1064 2002 flor-es
1091 1950 1442 2002 substernere.

423 2028 558 2082 Cato
583 2029 640 2081 in
666 2029 807 2083 Diris
825 2069 842 2094 ,
865 2049 918 2084 v.
944 2047 1074 2099 170:
1100 2055 1121 2076 ι
1141 2029 1447 2101 Purpureos

422 2105 576 2162 flores
597 2109 808 2180 quoties
847 2127 1005 2180 super
1043 2109 1390 2162 accumbebat
1404 2133 1446 2160 ι.

423 2187 702 2243 Lucretius
721 2231 738 2256 ,
759 2190 816 2253 1,
851 2206 906 2259 7,
929 2187 998 2242 de
1024 2189 1232 2242 Venere
1257 2207 1271 2240 ε
1305 2213 1330 2236 ι
1353 2188 1450 2242 tibi

424 2283 608 2322 suaves
635 2267 837 2322 dedal-
863 2268 1020 2322 tellus
1047 2268 1320 2322 submittit
1349 2267 1449 2322 flo-

424 2365 536 2413 res,
559 2348 656 2402 tibi
688 2345 866 2401 rident
889 2367 1102 2421 :equora
1129 2348 1276 2420 ponti
1293 2373 1338 2401 ι.
1361 2349 1448 2404 sic

424 2425 482 2478 in
506 2427 714 2480 Petron.
740 2445 859 2498 cap.
889 2447 988 2500 ¹²7
1014 2427 1238 2482 dieitur:
1261 2455 1283 2478 a
1305 2428 1450 2482 Ideo

425 2506 606 2578 quales
625 2507 766 2562 fudit
788 2507 866 2584 de·
880 2510 1075 2564 vertice
1099 2509 1256 2564 flores
1280 2511 1448 2563 Terra

427 2604 618 2657 parens
634 2624 650 2649 ,
692 2605 859 2659 quum
907 2607 964 2640 se
1005 2591 1246 2644 confesso
1281 2589 1450 2646 vinxit

425 2665 596 2718 amm-i
625 2666 830 2739 Jupiter
849 2693 890 2722 ι.
919 2667 1070 2723 Talia
1093 2689 1224 2723 vero
1249 2668 1451 2723 hahent

427 2755 594 2816 poeto
620 2745 692 2798 ab
715 2745 952 2800 Homero
972 2747 1122 2801 Iliad.
1139 2749 1294 2814 XIV,
1319 2751 1454 2814 346,

427 2822 522 2876 uhi
537 2824 657 2878 Jovi
677 2827 1048 2882 concumbenti
1065 2827 1262 2887 dieitur
1277 2829 1458 2883 Tellus

429 2903 576 2957 loton
627 2919 684 2960 et
731 2924 950 2960 erocum
999 2923 1053 2962 et
1101 2909 1451 2982 hyacinthum

430 2982 748 3040 submisisse.

503 3071 592 3134 49.
619 3069 720 3118 sed
741 3085 844 3134 qua
868 3087 1002 3120 soeva
1021 3087 1162 3136 puer.
1187 3069 1266 3122 Ex
1292 3087 1452 3122 arun·

431 3141 558 3196 dine
597 3145 800 3200 fontem
843 3157 1048 3218 tegente
1068 3183 1085 3210 ,
1127 3148 1222 3219 qui
1268 3149 1452 3202 lucum

432 3221 658 3278 ‘Veneris
676 3225 940 3298 percurrit
953 3266 968 3292 ,
991 3225 1144 3298 fingit
1168 3239 1322 3298 poeta
1348 3231 1454 3281 Cu-

433 3301 671 3375 pidinem
692 3321 813 3360 suus
833 3305 1050 3376 sagittas
1065 3305 1348 3362 conficere.
1368 3309 1456 3361 In·

434 3382 700 3454 geniosius
719 3384 824 3440 hoe
839 3395 1202 3444 commentum
1219 3387 1457 3459 exsequi-

435 3471 523 3516 tur
541 3463 871 3525 Claudianus
884 3500 900 3528 ‚
919 3465 978 3518 in
997 3483 1214 3520 nemore
1234 3465 1456 3524 veneris

436 3541 636 3616 Cyprio
649 3543 998 3598 desa-ibendo
1013 3585 1032 3612 ‚
1050 3544 1118 3599 de
1133 3547 1299 3620 Nupt.
1319 3547 1460 3602 Hon-

437 3637 490 3674 ν.
529 3624 638 3692 69:
667 3649 694 3669 σ-
712 3623 993 3677 Labuntur
1029 3625 1225 3696 gemini
1260 3627 1460 3683 fontes:

435 3701 525 3756 hic
549 3701 747 3766 dulcis,
769 3723 982 3757 amarus
1001 3703 1168 3772 Alter,
1195 3717 1250 3758 et
1271 3707 1460 3761 infusis

437 3794 788 3854 eoi-rumpunt
823 3783 980 3836 mella
1021 3784 1240 3838 venenis
1257 3823 1273 3848 ‚
1301 3785 1460 3842 Unde

438 3859 761 3932 Cupidineas
777 3863 997 3920 armavit
1017 3863 1155 3918 fame
1177 3866 1394 3936 sagittas
1409 3891 1432 3914 ι
1442 3905 1458 3920 .

511 3943 596 3996 5ο.
605 3947 750 3997 Hune
765 3948 938 4004 solum,
952 3946 1272 4012 Paphie,puto
1285 3949 1461 3998 lucum.

441 4019 720 4092 Pel-peram
747 4022 804 4076 in
825 4021 978 4076 Laid.
1005 4022 1100 4076 MS
1126 4027 1328 4078 horum.
1355 4025 1466 4079 Cae-

1540 1323 1777 1364 morante
1793 1309 2107 1362 But-manno
2124 1343 2141 1370 ,
2158 1305 2253 1378 qui
2274 1305 2346 1358 ita
2366 1301 2564 1356 divina-

1540 1391 1639 1445 vit:
1668 1417 1694 1436 «
1714 1389 1872 1442 Hunc
1904 1388 2120 1441 solitum
2151 1386 2349 1458 Paphie
2372 1383 2560 1456 prafe-

1538 1481 1680 1523 ctum
1702 1469 1824 1522 fecit
1837 1467 2075 1535 Amori»;
2089 1467 2172 1520 vel
2184 1494 2206 1514 ι
2222 1465 2377 1519 Hunc
2387 1463 2559 1516 solum

1536 1549 1739 1622 Paphie
1779 1549 1903 1603 luco
1949 1547 2182 1620 praefecit
2230 1550 2485 1599 Amorum
2505 1568 2559 1592 »-

1534 1629 1723 1682 Traxit
1756 1647 1948 1702 nempe
1978 1627 2049 1682 ad
2087 1627 2438 1700 Cupidinem,
2464 1623 2559 1695 qui

1533 1711 1796 1781 pmcessit
1818 1751 1835 1778 ,
1874 1723 1935 1763 ut
1978 1709 2069 1762 ille
2112 1708 2257 1761 solus
2300 1708 2559 1758 Amorum

1532 1789 1637 1840 luei
1673 1789 1907 1844 Venerei
1952 1807 2142 1861 preses
2184 1786 2412 1840 dicutur.
2450 1781 2558 1835 Sed

1534 1880 1735 1922 certum
1754 1879 1856 1934 est,
1874 1868 1941 1922 de
1960 1868 2079 1920 luco
2094 1883 2393 1921 sermonem
2409 1881 2521 1916 esse
2539 1901 2554 1927 ,

1532 1966 1693 2020 quem
1721 1947 1904 2000 Venus
1942 1946 2137 2000 amoris
2168 1942 2373 1997 deliciis
2408 1957 2558 1994 exer-

1537 2025 1719 2080 cendis
1740 2038 1925 2099 aptum
1944 2026 2071 2080 fecit
2090 2063 2106 2089 ,
2130 2036 2181 2076 et
2203 2023 2303 2076 sibi
2319 2020 2526 2095 paravit
2544 2035 2559 2070 ε

1536 2105 1681 2180 quod
1704 2107 1971 2179 sequentia
1992 2105 2329 2158 confirmant.
2366 2101 2433 2154 Et
2445 2117 2560 2152 ver-

1538 2207 1601 2240 su
1620 2189 1689 2251 64
1708 2186 1903 2240 diserte
1925 2204 1938 2237 :
1970 2211 1993 2234 ι
2014 2185 2111 2238 ni·
2128 2183 2286 2255 igitur
2306 2179 2440 2234 lucis
2460 2179 2561 2232 Pa-

1576 2266 1662 2322 hie
1680 2293 1723 2320 ι.

1536 2287 1575 2340 P
1610 2349 2035 2418 51.Hie‚nempe
2052 2343 2402 2406 hocinlueo,
2422 2340 2563 2392 Mar·

1538 2439 1641 2480 tem
1668 2441 1969 2500 exspectare
2000 2427 2359 2492 solem—Quid
2384 2423 2563 2473 Gratia

1538 2511 1715 2560 cessit?
1726 2509 1885 2562 Recte
1894 2507 1983 2560 hic
1993 2508 2329 2562 Burmannus
2346 2499 2565 2571 corrigit

1542 2591 1673 2653 Quid
1729 2589 1903 2640 Gratia
1965 2605 2133 2639 cessas
2152 2595 2181 2638 κ’
2224 2583 2311 2638 vel
2376 2594 2557 2634 cessat.

1538 2667 1745 2738 Nempe
1785 2685 1932 2720 nunc
1974 2685 2037 2720 ex
2079 2682 2307 2738 persona
2335 2659 2564 2714 Veneris

1538 2748 1772 2818 jubentis
1792 2759 1845 2802 et
1862 2745 2209 2819 proepnrantis
2226 2763 2285 2798 se
2305 2749 2566 2797 memorat

1542 2839 1697 2899 poeta
1714 2825 2032 2900 ‚quomodo‚
2050 2826 2131 2880 vei
2146 2843 2256 2897 quo
2277 2830 2537 2894 apparatu
2552 2857 2570 2883 ,

1544 2909 1773 2962 Martem
1792 2918 2057 2980 exspectet
2067 2908 2276 2967 Venus,
2288 2899 2421 2954 dnm
2434 2899 2569 2952 Gra·

1541 2988 1641 3042 tiss
1657 2987 1740 3041 vel
1754 2987 1992 3042 Charites
2008 2984 2079 3039 ad
2092 2981 2379 3038 ministeria
2388 2990 2567 3042 vocnt,

1541 3066 1811 3138 quomodo
1854 3077 1907 3118 et
1950 3063 2277 3120 Claudianus
2317 3061 2471 3126 fucit,
2496 3056 2565 3112 de

1541 3147 1703 3218 Nupt.
1730 3145 1872 3199 Hon.
1898 3164 1951 3198 v.
1982 3163 2080 3198 100
2104 3162 2251 3215 seqq.

1608 3225 1637 3278 ⁵
1646 3244 1695 3279 2.
1710 3231 1835 3293 Quo,
1852 3243 2125 3293 smpiter,
2140 3241 2241 3274 non
2254 3221 2369 3273 licia
2382 3220 2567 3270 nectis?

1542 3305 1579 3358 i.
1612 3323 1659 3358 e.
1687 3323 1784 3359 cur
1809 3323 1921 3359 non
1950 3303 2074 3358 licia
2106 3298 2317 3356 nectis?
2344 3297 2427 3352 vel
2460 3315 2570 3370 quo

1542 3396 1635 3438 tua
1660 3383 1912 3440 sedulitas
1936 3383 2066 3439 abiit
2081 3421 2097 3448 ‚
2128 3379 2277 3454 quod
2308 3397 2417 3433 non
2443 3376 2571 3430 licia

1542 3465 1711 3520 nectis
1727 3465 1751 3517 i·
1768 3485 1955 3537 nempe
1974 3464 2127 3520 sertis
2150 3476 2201 3516 et
2224 3460 2441 3514 floribus
2465 3458 2570 3510 eol-

1549 3545 1807 3617 ligandis:
1832 3543 2103 3618 quomodo
2119 3541 2309 3614 Virgil.
2330 3545 2449 3596 AEn.
2476 3537 2532 3594 11
2554 3579 2572 3606 ,

1552 3625 1681 3695 373:
1703 3643 1855 3696 «qun
1874 3637 1985 3678 tam
1996 3643 2112 3678 sera
2130 3633 2367 3675 moratur
2382 3622 2571 3694 Segni-

1549 3705 1677 3760 ties?
1698 3729 1721 3752 n
1755 3705 1910 3760 Forte
1936 3719 1990 3760 et
2016 3714 2297 3777 propterea
2326 3700 2573 3754 liciorum

1550 3786 1751 3840 mentio
1770 3826 1787 3853 ‚
1812 3783 1958 3858 quod
2000 3801 2185 3838 eorum
2212 3781 2290 3834 vis
2326 3779 2574 3854 quodam

1549 3866 1620 3920 ad
1642 3885 1847 3920 amores
1873 3861 2235 3918 conciliandos
2256 3899 2273 3926 ,
2294 3872 2347 3914 et
2370 3861 2577 3916 animos

1550 3945 1931 4002 devinciendos
1949 3986 1965 4012 ,
1988 3946 2042 3998 in
2063 3963 2121 3997 re
2141 3943 2343 4014 magica
2364 3981 2379 4006 ,
2406 3943 2580 3996 existi-

1555 4038 1751 4091 matur,
1768 4039 1829 4080 ut
1862 4045 1893 4079 e
1913 4023 2339 4079 pharmaceutria
2364 4021 2579 4094 Virgilii

443 4110 616 4154 terum
637 4101 810 4167 aliter,
831 4121 894 4156 ae
918 4119 1132 4156 neeesse
1155 4116 1266 4157 erat
1283 4141 1299 4168 ,
1322 4103 1468 4159 hunc
1558 4106 1865 4164 confirmari
1889 4105 2041 4160 facile
2064 4113 2233 4175 potest
2248 4139 2263 4166 ,
2282 4101 2394 4155 Ecl.
2415 4103 2579 4168 vm,

447 4197 655 4236 versum
675 4181 882 4256 aocepit
897 4181 1316 4258 Oudendorpius
1335 4225 1351 4251 ,
1369 4203 1472 4238 me-
1561 4187 1663 4256 733
1694 4187 1789 4240 ubi
1816 4183 1925 4240 vid.
1945 4182 2123 4238 adnot.
2144 4194 2339 4238 nostra.
2362 4183 2469 4236 En.
