2975 4684
704 384 835 452 DE
898 382 961 451 N
978 378 1618 450 AVIGATIONE
1677 332 2281 457 GERMANIGi.

2415 387 2556 459 223

530 508 699 574 Aera
740 503 1029 599 pugnaci
1066 501 1357 573 luctatus
1392 526 1704 595 rumpere
1736 504 1926 589 nisu3

528 618 625 685 Ut
662 612 827 684 nihil
868 628 1096 708 erepto
1130 610 1339 681 valuit
1375 611 1764 705 dignoscere
1795 612 2086 701 mundo,

526 723 895 794 Obstructo
930 722 1095 793 tales
1129 722 1367 791 effudit
1392 736 1668 816 pectore
1705 747 1940 793 voces:
2509 756 2556 794 ις

525 862 560 897 α
588 834 749 921 Quo
786 832 1109 903 ferimur?
1146 833 1310 903 Ruit
1340 832 1479 926 ipse
1516 831 1654 901 dies
1675 885 1695 919 ,
1735 833 2096 929 orbemque
2127 834 2426 907 relictum

526 942 779 1013 Ultima
818 942 1161 1039 perpetuis
1196 941 1451 1013 claudit
1482 955 1722 1012 natura
1759 942 2070 1012 tenebris,

530 1056 719 1123 Anne
758 1052 891 1123 alio
932 1054 1183 1148 positas
1216 1052 1392 1123 ultra
1425 1054 1549 1121 suh
1578 1052 1849 1123 cardine
1883 1068 2148 1151 geum,

524 1168 747 1260 Atque
776 1164 983 1235 alium
1026 1164 1215 1235 libris
1251 1165 1578 1233 intactum
1615 1164 1972 1258 quaerimus
2005 1164 2280 1237 orbem?

425 1354 547 1411 edd.
566 1356 754 1411 Pithoei
771 1395 787 1422 ,
808 1356 1067 1412 Gronov-ii
1081 1398 1097 1422 ,
1118 1357 1241 1413 cod.
1261 1358 1439 1412 Petav-

424 1448 476 1491 et
502 1438 657 1493 Voss.
702 1450 924 1493 testante
966 1440 1285 1493 But-manno.
1322 1438 1440 1492 Nic.

423 1517 599 1571 Faber
625 1529 803 1572 censet
830 1532 1057 1589 spectans
1077 1556 1093 1579 ‚
1146 1516 1443 1571 Gronovius

416 1602 642 1665 pendens
677 1600 925 1660 sublimis,·
951 1598 1183 1650 Pitboeus
1212 1596 1441 1669 margini

422 1677 735 1749 exemplaris
776 1678 859 1731 sui
897 1679 953 1730 in
989 1676 1229 1730 biblioth.
1270 1678 1438 1730 Paris.

423 1754 771 1829 adscripscrat
796 1778 851 1808 se
875 1760 1025 1810 dans.

498 1838 583 1891 13.
620 1843 856 1905 Rumpere
894 1840 1003 1889 m'su
1040 1853 1224 1889 omnes
1256 1834 1441 1889 editio-

420 1934 515 1969 nes
555 1914 835 1983 exhihent3
872 1918 987 1968 visu
1025 1926 1201 1969 tamen
1241 1916 1439 1987 placuit

421 1994 641 2049 schotto
654 2006 704 2049 et
715 1996 845 2049 aliis.
857 1994 1104 2049 Gorallus
1116 2006 1295 2049 tuetur
1306 2000 1435 2057 nisu,

420 2092 653 2147 quocum
672 2094 771 2148 ego
792 2075 946 2141 facio,
962 2088 1017 2129 et
1034 2076 1224 2138 fateor,
1242 2092 1441 2147 neque.

422 2174 643 2224 rumpere
678 2158 790 2207 visu
822 2170 998 2226 neque
1015 2194 1033 2221 ‚
1043 2174 1260 2225 pugnax
1300 2158 1439 2207 visus

420 2234 691 2307 quomodo
718 2232 821 2287 dici
849 2234 1008 2305 possit
1026 2275 1045 2301 ,
1070 2252 1157 2288 me
1182 2252 1293 2287 non
1320 2233 1440 2287 satis

421 2314 728 2387 intelligere.
752 2314 822 2365 At
854 2316 1013 2365 nisum
1040 2332 1334 2387 pugnacem
1360 2314 1439 2367 in-

420 2394 599 2467 telligo
612 2434 627 2457 ,
649 2392 863 2467 quando
887 2394 1006 2465 quis
1028 2406 1248 2465 corpore
1273 2394 1439 2448 mani·

422 2474 625 2546 busque
654 2474 859 2545 jactatis
898 2492 1123 2527 crassam
1161 2474 1437 2544 caliginem

310 2553 317 2564 “
419 2570 671 2625 rumpere
698 2563 748 2605 et
770 2550 1033 2606 discutere
1057 2552 1366 2605 conabatur.

502 2639 586 2695 14.
606 2637 783 2701 Erepto
803 2636 1011 2691 mundo,
1050 2632 1083 2684 i.
1103 2650 1148 2684 e.
1168 2633 1297 2685 caelo
1315 2630 1440 2685 den·

418 2712 570 2766 sitste
598 2712 917 2766 nebularum
944 2710 1195 2765 obducto.
1221 2712 1305 2766 sic
1330 2713 1440 2764 Lu-

419 2789 571 2844 cilius
612 2792 668 2843 in
709 2792 898 2855 AEtna,
927 2810 983 2843 v.
1027 2788 1123 2854 54,
1164 2816 1190 2837 α
1206 2802 1440 2844 removet

418 2869 639 2943 caligine
680 2868 941 2923 mundum
962 2894 987 2913 ι·
1008 2907 1023 2932 ,
1051 2870 1089 2921 i.
1129 2888 1177 2923 e.
1216 2868 1441 2940 caligine

418 2948 647 3003 obducta
672 2949 857 3003 caelum
879 2947 1076 3001 visibus
1098 2948 1267 3021 eripit.
1286 2949 1437 3021 Virg.

418 3030 539 3081 AEn.
567 3030 595 3081 1
610 3066 627 3093 ,
651 3029 745 3083 88:
764 3054 787 3073 α
808 3027 1053 3100 Eripiunt
1074 3028 1249 3081 subito
1269 3029 1438 3081 nubes

416 3108 709 3180 celumque
745 3107 992 3180 diemque
1014 3108 1340 3161 Teucrorum
1376 3126 1437 3160 ex

416 3187 586 3241 oculis
603 3213 650 3241 ¹·-

490 3268 579 3321 15.
606 3266 843 3336 Efflndie
875 3264 1107 3336 Scaliger
1144 3262 1325 3318 edidit.
1366 3296 1436 3306 —

416 3348 706 3399 obstrictum
732 3345 787 3397 in
816 3343 1001 3398 codice
1023 3345 1223 3397 invenit
1246 3345 1435 3399 Schot-

414 3438 499 3479 tus
534 3444 549 3479 ε
599 3429 827 3478 obstricto
866 3422 1034 3476 voluit
1076 3423 1317 3477 Barthius
1366 3424 1435 3478 ad

412 3504 627 3558 Gallum
654 3505 891 3558 Confess.
909 3521 1030 3576 pag.
1054 3503 1147 3555 103
1166 3541 1179 3563 ‚
1210 3501 1432 3557 Ouden-

416 3583 639 3657 dorpius
665 3588 897 3637 adm-icto
910 3622 923 3643 ‚
948 3581 1144 3634 scilicet
1164 3599 1271 3654 pro
1288 3594 1431 3636 metu

406 3676 636 3735 angusto
674 3675 727 3717 et
770 3662 925 3716 anxio
961 3672 1191 3732 pectore.
1230 3664 1298 3715 At
1336 3678 1435 3731 ego

413 3742 547 3795 nibil
587 3743 760 3815 aptius
780 3782 797 3808 ,
834 3758 995 3813 quam
1043 3739 1313 3811 vulgatum
1355 3744 1436 3790 ob·

413 3836 621 3883 saneto,
650 3819 934 3893 puto.Vult
958 3817 1095 3871 enim
1120 3836 1297 3871 crasso
1314 3836 1435 3871 aere

412 3897 589 3953 vitalia
609 3900 876 3953 obstructa
888 3938 904 3965 ,
916 3908 968 3951 et
984 3896 1227 3968 spiritum
1246 3915 1435 3969 prope-

415 3978 635 4032 modum
652 3980 1018 4033 interclusum.

488 4076 567 4128 17.
578 4060 819 4127 Perpeoeu's
832 4059 1033 4111 claudit.
1042 4054 1297 4108 Francius
1309 4072 1435 4107 oon-

410 4136 533 4208 jecit
577 4140 746 4189 condic
762 4176 779 4197 ,
833 4133 1241 4204 Oudendorpius
1295 4137 1431 4185 dam-

1531 1372 1626 1410 nat
1646 1382 1665 1411 .·
1707 1370 1956 1415 neutrum
1999 1361 2190 1417 melius
2236 1376 2314 1417 est
2345 1369 2550 1441 vulgata

1530 1436 1752 1492 lectione
1783 1444 1984 1495 clandit.
2031 1440 2148 1495 Hoc
2186 1444 2328 1497 enim
2366 1450 2552 1502 volunt

1529 1530 1702 1571 nauto
1719 1519 2012 1573 meticulosi
2034 1558 2051 1584 ‚
2069 1522 2320 1593 quoniam
2337 1528 2446 1596 jam
2469 1548 2553 1581 or-

1527 1596 1610 1650 bis
1635 1610 1750 1669 post
1773 1611 1915 1670 terga
1937 1600 2152 1654 relictus
2165 1642 2180 1668 ‚
2203 1602 2415 1677 ipseque
2437 1606 2552 1661 dies

1529 1673 1778 1733 defecisse
1817 1678 2120 1742 videbatur,
2153 1681 2282 1735 binc
2327 1704 2390 1737 eo
2431 1686 2552 1740 loco

1527 1752 1692 1809 videri
1728 1756 1890 1810 finem
1929 1769 1984 1811 et
2016 1760 2302 1813 terminum
2338 1763 2482 1816 orbis
2517 1782 2550 1819 a

1525 1845 1716 1888 natura
1759 1835 1986 1907 positum
2013 1836 2069 1889 in
2099 1841 2366 1911 perpetuis
2403 1854 2550 1896 tene-

1525 1912 1635 1966 bris
1656 1932 1782 1967 esse.
1801 1915 1994 1969 Similis
2023 1914 2187 1969 dictio
2212 1929 2290 1971 est
2313 1920 2548 1985 Horatii,

1525 1991 1703 2046 Cam.
1723 1994 1838 2057 m,
1875 2002 1972 2059 aa,
2007 1993 2107 2065 37:
2135 1997 2396 2053 «fervidis
2423 2018 2550 2071 pars

1525 2070 1732 2127 inclusa
1756 2072 2017 2127 caloribus
2045 2075 2237 2129 Mundi
2259 2102 2300 2130 ιι.

1601 2152 1682 2205 18.
1702 2160 1852 2206 Anne
1870 2156 1974 2205 alio
1981 2157 2174 2223 positas
2194 2160 2340 2210 ultra.
2361 2156 2552 2212 Schot-

1523 2240 1609 2283 tns
1630 2230 1863 2287 affirmat
1888 2232 2018 2287 alios
2044 2234 2216 2305 legere
2231 2252 2250 2287 ε
2268 2243 2420 2289 Anne
2446 2242 2548 2291 alio

1525 2313 1700 2363 mundi
1724 2315 1918 2381 positas
1953 2316 2040 2364 sub
2082 2318 2288 2367 earde'ne
2327 2332 2500 2385 gemes
2525 2340 2546 2371 .·

1525 2388 1657 2445 alios
1676 2398 1828 2445 Anne
1844 2396 1946 2445 alio
1955 2396 2147 2463 positas
2171 2398 2287 2447 eaela'
2315 2400 2404 2447 sub
2431 2418 2547 2451 car·

1525 2472 1642 2522 dt'ne
1655 2486 1847 2541 gentes.
1875 2472 1997 2543 Ipse
2017 2472 2216 2525 invenit
2237 2478 2367 2526 ultra
2387 2476 2440 2528 iu
2463 2496 2548 2531 ve·

1523 2548 1622 2600 teri
1651 2549 1803 2602 libro.
1831 2552 2004 2622 Atque
2030 2550 2134 2605 hoc
2161 2551 2336 2606 firmat
2361 2556 2546 2629 Elegia

1525 2626 1594 2679 ad
1619 2628 1832 2682 Messal.
1855 2648 1906 2683 ν.
1927 2630 1992 2683 53
2018 2646 2033 2682 =
2072 2656 2098 2675 a
2119 2630 2276 2684 Nunc
2303 2633 2458 2687 aliam
2481 2654 2544 2689 ex

1525 2707 1626 2760 alia
1649 2707 1896 2761 bellando
1911 2728 2146 2782 quarere
2163 2722 2368 2780 gentem
2385 2750 2402 2774 ‚
2415 2714 2546 2766 Vin-

1523 2804 1644 2840 cere
1669 2798 1720 2839 et
1740 2788 1944 2840 Oceani
1969 2788 2164 2841 linibus
2187 2788 2405 2842 ulterius
2431 2818 2473 2844 ω.

1599 2882 1679 2934 19.
1712 2868 1878 2917 Alium
1915 2869 2045 2917 libn’s
2081 2868 2330 2920 intactum.
2373 2870 2546 2925 Valde

1525 2945 1763 3017 suspicor
1798 2962 1918 2997 cum
1943 2945 2274 3007 Bumnmo,
2307 2944 2410 3000 hoc
2433 2966 2545 3002 cor.

1521 3036 1738 3095 ruptum
1761 3040 1892 3077 esse.
1914 3023 2168 3089 Qiamvis
2191 3023 2440 3079 Gor-allus
2463 3047 2546 3081 ex·

1519 3114 1686 3173 ponat
1709 3106 1858 3154 alium
1886 3106 2047 3153 orbem
2062 3141 2077 3162 ,
2098 3106 2162 3153 de
2180 3122 2276 3169 quo
2295 3106 2542 3159 liter-amm

1523 3184 1845 3234 monumentis
1863 3183 1986 3233 nihil
1992 3185 2242 3250 proditum
2261 3198 2355 3245 est,
2381 3186 2542 3240 credo

1520 3271 1696 3315 tamen
1719 3302 1735 3326 ,
1773 3262 1874 3315 hoc
1899 3260 1942 3313 si
1968 3262 2219 3315 voluisset
2245 3276 2397 3334 poeta
2415 3303 2430 3327 ‚
2460 3270 2543 3319 in·

1520 3343 1700 3393 dic-mm
1719 3343 1894 3414 potius
1913 3379 1930 3405 ,
1958 3360 2118 3414 quam
2137 3345 2368 3395 ineaomm
2386 3348 2536 3407 libris,

1521 3420 1800 3475 dicendum
1835 3422 2009 3475 fuisse.
2036 3422 2270 3493 Persaepe
2299 3426 2544 3478 Romanis

1522 3502 1858 3571 scriptoribus
1883 3504 2082 3552 intacta·
2101 3512 2278 3571 gentes
2303 3512 2355 3553 et
2373 3504 2544 3573 regio·-

1523 3598 1616 3633 nes
1635 3578 1907 3643 dicuutur,
1925 3577 1994 3631 ad
2024 3596 2154 3650 quas
2181 3596 2326 3631 arma
2347 3582 2536 3634 Roma-

1523 3677 1590 3711 na
1607 3677 1714 3711 non
1733 3668 2110 3729 pervenerunt,
2131 3657 2317 3710 intacti
2339 3658 2542 3713 Britan-

1523 3738 1606 3805 ni,
1651 3738 1847 3793 intacta
1884 3735 2090 3789 Arabia.
2138 3736 2240 3789 Pro
2276 3738 2380 3792 hac
2413 3758 2540 3793 cou-

1523 3816 1800 3871 suetudine
1841 3814 2094 3888 loquendi
2136 3814 2391 3870 absonum
2429 3833 2506 3873 est
2522 3856 2540 3883 ‚

1522 3899 1756 3948 intactum
1789 3898 1921 3947 le'bn's
1953 3894 2136 3947 orbem
2173 3892 2301 3948 dici.
2352 3898 2537 3969 Neque

1521 3988 1698 4028 tamen
1713 4012 1728 4038 ,
1749 3974 1878 4042 quid
1903 3976 2016 4045 ejus
2038 3973 2154 4025 loco
2171 3976 2540 4046 reponendum

1521 4054 1587 4107 sit
1609 4090 1626 4117 ,
1654 4054 1805 4108 facile
1835 4054 2020 4125 liquet.
2054 4052 2389 4108 Burmannus
2415 4076 2541 4110 eon-

1515 4134 1630 4206 jicit
1649 4136 1788 4185 nobis
1805 4132 1886 4186 vel
1895 4135 2094 4200 proavis
2114 4134 2377 4196 intactum,-
2399 4136 2536 4190 Petr.
