2975 4684
383 421 2506 458 mmmmssmmmmmmmmussmmm

978 563 1946 766 PRAEFATIO

1392 899 1488 947 DE

508 1055 1017 1125 CARMINUM
1064 1055 1249 1126 HAG
1296 1053 1636 1126 CLASSE
1688 1049 2406 1124 PROPOSITORUM

950 1245 1950 1372 AUCTORIBUS,

852 1479 1409 1546 ΑιιαυΜΒΝτο,
1458 1477 2030 1528 nnrnomnus.

380 1783 500 1938 Q
519 1859 560 1900 u
576 1859 618 1900 o
634 1859 677 1902 n
712 1839 928 1927 primo
962 1837 1110 1902 loco
1146 1837 1342 1918 hujus
1370 1835 1773 1900 collectionis
1797 1835 2137 1922 posuimus
2160 1857 2415 1899 carmen
2443 1837 2522 1902 de

374 1945 585 2008 AEtna
600 1991 623 2023 ,
660 1943 936 2032 primam
970 1960 1036 2008 et
1065 1943 1456 2031 praecipuam
1501 1940 1627 2004 sibi
1673 1941 2243 2004 commentationis
2288 1957 2522 2006 nostrae

376 2069 638 2134 operam
682 2048 967 2112 vindicat
984 2095 1003 2129 ,
1052 2063 1249 2135 atque
1292 2068 1501 2134 quum
1559 2044 1867 2134 plurimas
1912 2045 1982 2108 in
2035 2045 2522 2134 interpretando

375 2149 783 2217 difficultates
826 2151 1056 2234 habet,
1105 2168 1245 2216 tum
1268 2201 1286 2234 ‚
1326 2151 1441 2216 ubi
1489 2150 1572 2216 de
1624 2168 1890 2216 auctore
1941 2149 2076 2232 ejus
2130 2152 2519 2240 quaerimus»,

376 2272 632 2320 tantum
658 2257 1064 2322 eruditorum
1094 2255 1461 2322 dissensum
1481 2305 1501 2338 ‚
1543 2273 1786 2322 tantam
1822 2256 2215 2345 opinionum
2246 2258 2517 2322 varieta-

376 2377 505 2427 tem
535 2361 787 2445 objicit,
820 2378 897 2427 ut
925 2363 994 2426 in
1029 2385 1109 2426 eo
1140 2362 1540 2451 probabilius
1565 2361 2025 2427 constituendo
2051 2385 2188 2427 non
2221 2363 2516 2453 exiguam

372 2467 561 2532 nobis
593 2467 963 2558 disputandi
995 2471 1326 2533 materiam
1361 2468 1665 2534 subnasci
1697 2467 2051 2534 videamus».
2096 2470 2449 2559 Antiquior
2479 2493 2516 2534 e

374 2573 723 2638 traditione
760 2575 1350 2640 Grammaticorum
1379 2589 1677 2638 veterum
1710 2574 1936 2662 opinio
1973 2573 2154 2656 tulit,
2174 2575 2519 2665 Virgilium

369 2697 705 2744 auctorem
728 2701 899 2763 esse,
918 2703 1063 2769 quae
1092 2680 1189 2744 uti
1216 2704 1253 2744 a
1280 2681 1415 2746 sola
1437 2678 1917 2744 consuetudine
1938 2680 2351 2745 librariorum
2374 2697 2516 2747 orta

318 2841 325 2847 .
371 2803 567 2877 atque
602 2787 729 2852 alta
750 2786 1030 2870 videtur,
1065 2787 1180 2875 qui
1213 2787 1465 2852 minora
1493 2803 1560 2852 et
1590 2787 1940 2876 singularia
1964 2804 2261 2852 veterum
2290 2803 2514 2876 poeta-

370 2917 520 2958 rum
554 2894 839 2959 carmina
874 2893 1193 2973 majorum
1221 2909 1284 2958 et
1321 2892 1750 2959 celebriorum
1772 2941 1790 2976 ‚
1827 2911 2022 2983 atque
2052 2893 2120 2957 in
2142 2893 2244 2958 his
2263 2893 2516 2984 Virgilii

372 3000 679 3083 maxime,
702 3000 1011 3089 operibus
1050 2999 1403 3090 adjungere
1435 3000 1766 3082 solebant,
1803 3000 1893 3063 ita
1925 3015 1991 3064 et
2033 3001 2266 3064 animis
2297 3001 2516 3089 plero-

370 3129 653 3194 rumque
696 3105 1105 3172 cruditorum
1149 3105 1439 3188 inhaesit,
1487 3105 1602 3194 qui
1639 3105 1948 3170 interiora
1987 3105 2290 3170 carminis
2320 3121 2518 3194 atque

374 3213 638 3300 genium
672 3211 890 3276 minus
917 3210 1366 3294 attendentes,
1401 3233 1523 3277 nec
1555 3213 1637 3276 de
1675 3235 1830 3276 vero
1861 3227 2125 3276 auctore
2158 3211 2515 3278 admodum

374 3316 798 3403 quaerendum
844 3316 1180 3406 putabant.
1226 3317 1363 3382 Hac
1404 3334 1626 3382 mente
1665 3318 1993 3382 Domitius
2034 3317 2412 3383 Calderinus
2456 3333 2521 3382 et

374 3421 610 3487 Badius
632 3423 976 3489 Ascensius
996 3423 1262 3488 AEtnam
1296 3422 1467 3488 inter
1505 3424 1819 3512 opuscula
1841 3423 2090 3513 Virgilii
2121 3425 2517 3506 retulerunt,

372 3543 571 3615 atque
598 3528 998 3617 expositione
1020 3528 1423 3593 illustrarunt
1439 3576 1457 3611 ‚
1480 3552 1874 3619 quamquam
1899 3531 2245 3595 Ascensius
2273 3531 2408 3622 ipse
2436 3529 2519 3594 de

374 3648 640 3696 auctore
685 3633 954 3724 Virgilio
1008 3631 1285 3698 dubitat.
1332 3633 1480 3697 Pari
1527 3633 1780 3698 ratione
1825 3633 1932 3698 alii
1982 3634 2111 3699 hoc
2155 3657 2389 3722 poema
2437 3633 2520 3699 ad

376 3737 806 3801 Claudianum
840 3739 1237 3821 retulerunt,
1275 3737 1457 3828 quod
1484 3739 1794 3829 operibus
1823 3739 2019 3819 hujus
2047 3757 2256 3828 poetae
2283 3739 2518 3820 adjun-

374 3858 555 3907 ctum
578 3843 645 3906 in
674 3843 957 3932 antiquis
982 3843 1375 3908 membranis
1404 3861 1738 3934 repertum
1768 3861 1935 3930 erat,
1963 3859 2040 3909 ut
2061 3843 2147 3910 de
2173 3845 2520 3910 veterrimo

375 3950 629 4034 codice,
644 3952 759 4041 qui
782 3952 1105 4034 Francisci
1124 3953 1482 4020 Petrarchae
1506 3955 1744 4037 fuerat,
1770 3970 2040 4020 testatur
2058 3955 2376 4043 Gyraldus
2398 3955 2519 4042 (ι),

441 4143 521 4210 (1)
556 4141 695 4196 Vide
722 4146 835 4216 ejus
860 4144 1023 4198 verba
1050 4145 1186 4197 inter
1210 4119 1502 4201 testimonia
1527 4147 1596 4202 de
1611 4151 1767 4203 AEtna
1781 4187 1800 4214 ,
1821 4150 1984 4216 infra,
2007 4169 2060 4226 p·
2081 4153 2165 4203 62.
