2975 4684
401 367 420 380 ⁸
491 392 630 480 ,146

1081 392 1482 463 LUCILII
1542 393 1924 478 IUNIOR
1942 394 2031 461 IS

582 515 868 610 Incipit,
903 529 970 582 et
1007 514 1242 608 primis
1278 513 1571 584 demittit
1606 512 1889 584 collibus
1924 515 2165 587 undas.

2542 541 2628 582 480

585 624 722 695 Illae
759 621 1106 720 paullatim
1145 623 1248 694 bis
1288 648 1448 694 sena
1487 625 1559 694 in
1602 623 1817 694 millia
1860 641 2190 721 pergunt,

581 741 852 834 Quippe
889 736 1055 808 nihil
1094 753 1396 823 revocat,
1431 739 1633 808 certis
1666 737 1839 808 nihil
1877 739 2145 834 ignibus
2177 739 2429 825 obstat,

583 848 782 922 Nulla
825 863 1003 918 tenet
1029 849 1278 918 frustra
1314 847 1567 930 moles;
1608 848 1807 918 simul
1840 849 2069 919 omnia
2105 865 2428 944 purgant,

582 965 783 1034 Nunc
825 959 1022 1028 silvas
1062 983 1394 1053 rupesque
1428 974 1679 1029 vorant
1712 959 1856 1030 haec
1894 957 2054 1047 tela,
2090 960 2441 1054 solumque

583 1075 816 1166 Ipsum
848 1068 1110 1164 adjutat
1139 1094 1335 1163 opeS‚
1372 1069 1725 1166 facilesque
1760 1071 1888 1140 sibi
1924 1071 2147 1140 induit
2184 1072 2427 1148 amnia,

484 1286 682 1338 habent
709 1284 964 1343 Fulminis,
985 1281 1154 1336 facilis
1179 1300 1328 1335 error
1353 1283 1515 1335 libra-

485 1365 688 1418 riorum
716 1374 814 1415 est.

558 1447 677 1509 480.
714 1444 885 1495 Primis
923 1442 1130 1494 amicit
1160 1443 1388 1502 coetibus,
1416 1459 1515 1514 per

485 1525 679 1586 colles,
710 1522 806 1594 qui
843 1521 1000 1593 primi
1041 1531 1359 1585 occurrunt,
1389 1521 1427 1574 i.
1461 1540 1512 1574 e.

485 1621 696 1660 summo
733 1602 803 1655 de
839 1612 1034 1654 monte.
1061 1601 1186 1654 Sine
1211 1601 1517 1654 necessitate

483 1683 713 1754 Scaliger
753 1691 923 1734 mutat
955 1682 1104 1748 pn'ois
1143 1682 1367 1732 callibus.
1404 1683 1513 1734 De·

485 1764 693 1826 fluxus,
725 1761 818 1834 qui
875 1760 964 1813 hic
1019 1771 1295 1824 narratur,
1323 1761 1441 1834 ῥὺαξ
1481 1777 1513 1812 a

485 1839 747 1900 Strabone
783 1853 1008 1896 vocatus
1027 1877 1044 1904 ‚
1091 1839 1234 1911 apud
1263 1857 1386 1892 eum
1407 1838 1515 1910 legi

484 1935 658 1996 potest
679 1921 978 1993 descriptus
1007 1920 1144 1973 libro
1164 1919 1276 1982 v1,
1299 1937 1356 1991 p.
1391 1923 1512 1986 269.

556 2005 675 2067 482.
703 2002 904 2054 Omnes
931 1998 1054 2053 libri
1081 2011 1286 2054 veteres
1332 1999 1517 2070 legunt

482 2085 630 2135 curtis
669 2083 794 2134 m'lu'l
831 2081 1025 2148 ignibus
1067 2080 1243 2130 obstat.
1285 2077 1517 2149 Scaliger

482 2175 662 2216 tuetur
689 2162 834 2213 cur-tis
849 2197 866 2219 ,
899 2159 991 2212 sed
1031 2172 1221 2230 parum
1262 2157 1514 2229 probabi·

481 2243 606 2294 liter
632 2241 1009 2311 interpretatur
1032 2255 1048 2290 :
1075 2235 1360 2289 Dorvillius
1377 2273 1392 2298 ‚
1421 2235 1516 2306 qui

482 2319 622 2374 idem
649 2319 840 2391 probat
856 2354 873 2380 ,
911 2317 1305 2386 interpretatur,
1329 2317 1517 2368 breves

483 2399 725 2452 flammas
748 2396 1102 2449 emittentibus
1116 2435 1132 2460 ,
1154 2395 1311 2448 simul
1336 2407 1516 2448 tamen

483 2483 639 2531 curvis
657 2477 910 2546 velfitrvis
925 2483 1107 2529 tentat.
1127 2472 1377 2526 Gorallus
1394 2477 1517 2526 aen's

480 2560 694 2629 reponit
708 2593 725 2622 ,
739 2554 860 2627 quia
885 2553 986 2606 atri
1011 2552 1202 2605 coloris
1221 2553 1396 2624 ignem
1423 2553 1515 2606 de-

481 2635 731 2688 fluentem
757 2633 918 2686 fnisse
935 2631 1124 2684 Strabo
1149 2641 1386 2684 testatur.
1401 2632 1515 2705 Ego

483 2714 615 2768 nihil
640 2711 834 2766 certius
860 2721 990 2782 puto
1005 2747 1021 2773 ,
1041 2727 1205 2781 qnam
1228 2713 1370 2762 cereis
1387 2713 1520 2788 igni.

480 2798 566 2846 bm
607 2790 892 2865 legendum
929 2808 1058 2844 esse.
1101 2793 1228 2842 cer-ee·
1261 2789 1517 2844 dicuntur

482 2872 653 2947 poetis
667 2911 684 2936 ‚
703 2871 796 2944 qui
818 2869 1142 2924 destinatum
1163 2869 1263 2922 iter
1287 2881 1470 2923 tenent
1496 2908 1513 2935 ,

477 2954 562 3006 vel
593 2953 650 3005 in
683 2949 907 3006 consilio
933 2945 1304 3020 proficiscendi
1343 2949 1515 3020 persi·

483 3043 647 3088 stunt.
671 3028 864 3102 virgil.
888 3031 1016 3080 AEn.
1040 3030 1094 3080 11
1114 3069 1130 3096 ,
1158 3046 1257 3082 212
1280 3065 1296 3092 ,
1321 3027 1392 3082 de
1417 3049 1516 3082 an-

483 3111 676 3184 guibus
701 3109 758 3162 in
776 3111 1136 3162 Laocoontem
1155 3108 1478 3162 irruentibus
1497 3127 1511 3163 ε

484 3215 508 3238 ι
527 3190 614 3242 lui
657 3188 869 3260 agmine
897 3199 1042 3241 certo
1083 3188 1390 3241 Laocoonta
1424 3206 1516 3259 pe·

483 3281 666 3322 tunt».
699 3266 874 3331 Idem,
903 3266 1106 3332 AEn.V,
1135 3285 1163 3319 2
1189 3287 1202 3318 ε
1233 3265 1515 3318 «medium

483 3350 679 3400 AEneas
720 3349 832 3417 jam
871 3345 1042 3398 classe
1079 3346 1288 3398 tenebat
1329 3345 1515 3399 Certus

483 3428 584 3481 iter
602 3451 645 3479 ιι.

559 3493 679 3572 483.
719 3507 872 3558 Nulla
899 3518 1033 3555 tenet
1058 3521 1244 3556 omnes
1283 3505 1511 3576 antiquie

487 3589 682 3658 legunt.
737 3583 1024 3638 Dorvillius
1083 3593 1256 3636 mutat
1314 3588 1472 3635 Multa
1489 3623 1506 3646 ,

483 3665 632 3739 quod
657 3663 727 3720 ad
749 3679 966 3718 sensum
994 3661 1214 3715 facilius.
1239 3665 1391 3715 Simul
1409 3682 1512 3714 om-

485 3750 574 3799 m‘a
591 3757 826 3814 pugnant
847 3741 970 3814 legit
995 3740 1115 3793 cod.
1141 3741 1363 3795 Helmst.
1385 3759 1509 3795 cum

485 3825 647 3879 Basil.
669 3825 806 3876 Luc.
825 3821 963 3874 Scal.
985 3825 1212 3888 Pur-gans
1227 3859 1243 3882 ,
1279 3821 1512 3894 reliquo.

485 3903 565 3958 Ex
603 3921 710 3972 qno
745 3899 991 3955 Gorallus
1031 3899 1188 3953 facile
1214 3898 1362 3953 dedit
1389 3919 1514 3969 pur·

481 3998 630 4052 gant,
643 3979 791 4054 quod
805 3991 1009 4032 rentum
1022 3977 1250 4048 videtur,
1261 3991 1320 4032 ut
1333 3996 1519 4032 vorant

487 4063 544 4115 in
563 4061 822 4133 sequenti.
835 4087 894 4100 -
917 4061 1099 4111 Omnia
1110 4073 1336 4128 purgant
1361 4059 1521 4131 signi-

487 4141 634 4206 ficat,
647 4139 830 4192 omnia
851 4138 1216 4205 looe‚snblatis
1235 4152 1288 4192 et
1307 4138 1516 4194 absum·

2549 1099 2631 1144 485

1598 1283 1701 1354 ptis
1716 1322 1731 1346 ,
1752 1301 1868 1357 qnae
1888 1285 2169 1339 obstabant
2189 1326 2203 1351 ,
2223 1303 2395 1340 vacua
2415 1297 2468 1338 et
2484 1297 2634 1340 vasta

1598 1361 1843 1416 reddunt.
1886 1363 1975 1417 Sic
2014 1385 2235 1435 purgare
2274 1383 2445 1418 aream
2485 1365 2631 1438 apud

1600 1441 1899 1496 historicos.

1673 1525 1792 1587 484.
1813 1523 2083 1596 Pleraeque
2101 1535 2318 1578 venistis
2356 1521 2478 1577 edd.
2499 1519 2634 1577 dant

1598 1615 1761 1656 vorat.
1790 1603 2015 1656 Helmst.
2036 1617 2205 1668 notat,
2222 1601 2367 1657 unde
2394 1602 2633 1656 fortassis

1600 1695 1767 1734 rotam
1793 1683 1954 1754 legas.
1982 1682 2227 1736 Gor-allus
2257 1699 2381 1736 curn
2408 1681 2633 1754 quibus-

1598 1760 1724 1814 dam
1750 1761 1864 1815 aliis
1890 1777 2081 1814 vorant
2100 1765 2209 1814 koec
2234 1767 2364 1827 tela,
2386 1760 2432 1814 ἱ.
2460 1780 2508 1814 e.
2538 1761 2632 1815 hio

1599 1841 1828 1913 impetus
1864 1840 2121 1895 fluctuum
2159 1841 2443 1913 ignitorum
2486 1841 2632 1894 abri-

1600 1919 1693 1992 pit.
1714 1919 1859 1972 Alias
1884 1925 1984 1974 tela
1999 1941 2182 1973 vor-are
2198 1921 2287 1974 vix
2306 1920 2413 1973 dici
2438 1922 2633 1992 possit,

1600 1999 1693 2053 sed
1720 1999 1811 2053 hic
1839 2001 1944 2054 tela
1972 2000 2119 2071 ignes
2146 2012 2271 2055 sunt
2286 2038 2303 2064 ,
2331 2001 2425 2072 qui
2454 1999 2633 2072 ipsum

1599 2083 1817 2134 AEtuam
1846 2081 2101 2134 dicuntur
2126 2099 2333 2134 vorare.

1673 2160 1793 2225 485.
1829 2161 2075 2234 Antiqua
2117 2160 2245 2215 edd.
2285 2161 2473 2232 legunt
2511 2165 2632 2229 Ipsa

1600 2243 1799 2308 adjurat
1811 2241 1921 2310 (vel
1936 2242 2171 2311 adjurat)
2186 2259 2319 2309 opes,
2340 2241 2634 2308 facilesque

1602 2322 1692 2371 sibi
1712 2323 1871 2372 induit
1892 2338 2075 2373 annos.
2090 2319 2325 2390 Scaliger
2345 2325 2457 2387 Ipse
2478 2321 2632 2388 adju·

1601 2413 1674 2450 cat
1688 2417 1819 2467 opes,
1821 2401 2107 2467 facilesque
2124 2401 2213 2450 sibi
2225 2401 2568 2458 maluitanum,
2580 2411 2637 2452 et

1599 2478 1998 2550 interpretatur:
2020 2478 2241 2549 ipsemet
2272 2477 2411 2549 ignis
2444 2491 2635 2551 suopte

1600 2557 1812 2627 ingenio
1854 2575 1966 2610 sese
1998 2555 2215 2629 adjuvat
2236 2595 2252 2621 ,
2295 2575 2360 2609 ac
2387 2567 2634 2628 κριταῖς

1600 2635 1705 2689 hoc
1729 2637 1873 2689 enim
1900 2655 2011 2690 esse
2037 2657 2198 2688 annos
2226 2640 2454 2697 induere,
2484 2635 2637 2708 quod

1602 2735 1703 2787 ego
1731 2735 1853 2768 cum
1886 2715 2111 2768 Gorallo
2148 2714 2437 2769 difficulter
2474 2717 2636 2770 intel·

1600 2795 1727 2868 ligo.
1758 2795 2011 2849 Gorallus
2045 2793 2236 2849 edidit:
2270 2800 2525 2863 solemque
2545 2803 2635 2864 Ip-

1602 2895 1707 2927 sum
1736 2878 1934 2944 adfectat
1960 2894 2099 2944 opes,
2107 2875 2417 2942 facilemque
2441 2877 2534 2926 sibi
2553 2879 2636 2926 in-

1602 2959 1711 3007 duic
1730 2973 1944 3006 amnem.
1972 2953 2259 3006 Dorvillius
2286 2954 2497 3026 longius
2522 2955 2635 3006 abit

1604 3053 1635 3087 a
1664 3031 1922 3103 scriptura
1934 3045 2283 3097 vetustarum,
2300 3032 2591 3086 emendans
2616 3053 2631 3086 :

1603 3117 1853 3180 solumque
1886 3117 2051 3179 Ipsum
2094 3113 2325 3180 adjungit
2356 3131 2471 3179 opes
2483 3151 2499 3174 ,
2508 3114 2637 3180 fm-

1598 3195 1823 3261 gilesquc
1840 3193 1933 3241 sibe·
1958 3193 2119 3242 induit
2140 3211 2340 3251 amnes,
2385 3190 2490 3244 hoc
2514 3205 2593 3245 ent
2615 3230 2633 3257 ,

1593 3270 1759 3324 'tellus
1781 3267 1957 3321 induit
1980 3287 2163 3323 amnes
2184 3269 2283 3322 hos
2308 3287 2545 3330 saxosos,
2569 3287 2635 3324 ex

1602 3349 1781 3421 fragili
1798 3349 2095 3421 friabilique
2110 3348 2289 3420 lapide
2306 3361 2605 3404 constantes
2618 3391 2635 3416 ,

1600 3447 1717 3502 qnae
1746 3427 1954 3498 penitus
1981 3426 2080 3480 illis
2101 3446 2200 3481 ceu
2220 3429 2441 3481 vestitur
2462 3441 2515 3482 et
2537 3429 2635 3481 ob-

1601 3507 1812 3582 tegitur.
1842 3507 1959 3578 Ego
1975 3544 1992 3570 ,
2018 3507 2141 3578 quia
2171 3525 2355 3560 omnes
2382 3507 2503 3560 libri
2530 3506 2634 3561 ha·

1598 3590 1723 3642 bent
1735 3589 1925 3656 faciles
1960 3599 2014 3640 et
2044 3585 2162 3640 cod.
2192 3587 2413 3640 Helmst.
2442 3591 2627 3652 annis,

1596 3688 1627 3720 a
1656 3667 1876 3720 lectione
1900 3664 2103 3718 Goralli
2129 3666 2187 3719 in
2216 3677 2419 3718 tantum
2448 3669 2631 3737 putavi

1600 3743 1959 3798 recedendum
1990 3763 2101 3798 esse
2124 3783 2140 3810 ,
2186 3756 2246 3796 ut
2272 3744 2437 3797 altero
2465 3743 2637 3796 hemi-

1600 3825 1790 3878 stichio
1813 3825 2097 3878 scriberem
2111 3825 2399 3894 facilesque
2436 3827 2531 3874 sibi
2544 3826 2629 3875 in-

1600 3906 1707 3956 duic
1740 3909 1920 3965 atmiis,
1946 3903 2002 3956 h.
2034 3921 2079 3956 e.
2110 3902 2283 3956 amnis
2312 3903 2535 3975 ignitus,
2562 3902 2633 3956 de

1604 4003 1711 4056 quo
1730 3997 1911 4055 postea
1930 3983 2095 4056 pergit
2108 3994 2309 4046 auctor,
2327 3983 2480 4037 facile
2493 3983 2636 4036 abri-

1602 4064 1680 4134 pit
1709 4064 1795 4117 vel
1844 4063 2032 4136 excipit
2076 4081 2205 4135 opes
2222 4101 2236 4126 ,
2278 4081 2411 4134 quas
2454 4063 2631 4134 ipsum

1603 4143 1773 4196 solum
1800 4146 2020 4211 adjutae,
2044 4142 2083 4196 i.
2112 4159 2161 4195 e.
2186 4139 2471 4197 validiores
2490 4137 2630 4213 facit.
