2975 4684
828 399 959 464 JO.
1012 395 1239 464 CHR.
1290 392 2045 460 WERNSDORFII.
2457 415 2494 486 7

473 547 829 614 Caeterum
879 539 960 612 'in
1024 539 1449 612 adornando
1499 540 1642 612 hoc
1695 539 2060 611 volumine
2121 553 2504 644 poetarum

376 700 625 746 curam
678 691 753 748 et
800 674 1243 774 diligentiam
1286 699 1515 747 meam
1561 671 1790 746 fateor
1843 676 2128 772 egregie
2173 674 2502 748 subleva-

376 823 524 880 tam
556 831 711 882 esse
744 806 985 880 officio
1014 822 1087 881 et
1110 807 1564 880 humanitate
1595 810 1991 878 amicorum
2019 809 2504 905 optimorum,

376 940 796 1040 Schlaegeri,
830 943 1126 1038 Heynii,
1158 939 1640 1029 Schroeckhii‚
1677 941 1942 1029 Reizii,
1989 942 2332 1039 Langeri,
2379 965 2505 1013 ex—
2558 971 2566 994 ·

377 1074 793 1147 cellentium
830 1075 1159 1148 doctrina
1198 1089 1417 1174 atque
1452 1075 1728 1147 meritis
1751 1075 2114 1160 virorum,
2153 1077 2287 1173 qui
2323 1099 2366 1147 e
2401 1073 2509 1146 hi-

376 1203 755 1281 bliothecis
768 1211 1277 1308 copiosissimis
1296 1208 1474 1280 mihi
1489 1208 1844 1282 librorum
1861 1233 2098 1298 usum,
2115 1210 2226 1281 vel
2237 1178 2506 1298 rerum,

378 1337 648 1436 quibus
682 1365 873 1439 opus
914 1357 1099 1414 esset
1112 1395 1133 1428 ‚
1165 1344 1683 1414 accuratiorem
1719 1343 2052 1413 notitiam
2101 1340 2510 1440 suppedita-

274 1465 281 1472 ’
376 1484 570 1541 runt.
604 1473 939 1562 Quorum
974 1475 1034 1544 si
1070 1471 1388 1548 favorem
1417 1497 1584 1572 erga
1611 1495 1729 1545 me
1758 1487 1832 1545 et
1857 1471 2050 1545 bene
2077 1475 2330 1545 merita
2365 1473 2508 1544 hoc

380 1601 541 1674 loco
569 1603 906 1702 praedico,
935 1629 1091 1678 non
1112 1605 1349 1687 solum
1377 1605 1451 1676 id
1475 1603 1786 1678 testandi
1813 1629 2056 1678 caussa
2075 1607 2259 1704 grati
2288 1605 2510 1676 animi

378 1729 585 1824 facio,
604 1759 1045 1836 quamquam
1063 1735 1209 1808 hoc
1221 1734 1398 1807 mihi
1423 1734 1602 1806 nihil
1627 1750 1737 1808 est
1754 1737 2146 1833 antiquius,
2163 1733 2289 1807 sed
2307 1734 2508 1832 quod

378 1863 620 1939 officio
657 1883 731 1941 et
765 1869 1043 1956 studio,
1074 1893 1224 1967 quo
1256 1869 1510 1964 juvare
1545 1867 1828 1939 labores
1865 1891 2067 1940 meos
2107 1867 2508 1968 politissimi

352 1997 790 2073 eruditione
838 2017 913 2073 et
960 2001 1401 2073 humanitate
1426 2002 1560 2070 viri
1587 1999 2008 2088 voluerunt,
2039 2002 2178 2098 ipsi
2221 1999 2508 2072 credam

381 2129 571 2202 libro
622 2157 789 2204 meo
835 2145 1349 2205 ornamentum
1402 2147 1475 2204 et
1523 2133 2228 2206 commendationem
2277 2157 2510 2206 acces·

382 2263 575 2334 sisse.
632 2317 637 2324 .

478 2397 754 2487 Quinto
791 2395 1007 2492 hujus
1043 2399 1278 2493 operis
1311 2411 1513 2468 tomo
1551 2394 1892 2494 equidem
1935 2394 2340 2494 cogitabam
2373 2399 2512 2468 Co-

382 2523 725 2616 lumellae,
752 2527 1040 2600 Palladii
1066 2527 1521 2624 aliorumque
1559 2525 1650 2628 de
1673 2531 1780 2599 Re
1815 2525 2139 2600 hortensi
2168 2527 2516 2627 opuscula

381 2656 633 2746 edere,
676 2683 837 2756 quae
898 2658 1263 2757 prioribus
1310 2661 1460 2755 jam
1523 2659 1742 2730 tomis
1798 2657 2150 2732 destinata
2201 2655 2508 2732 fuerant.

384 2790 526 2862 Sed
576 2789 752 2862 dum
796 2791 1215 2879 consider0‚
1244 2792 1397 2864 haec
1433 2806 1769 2891 poemata
1807 2793 1954 2886 jam
1999 2791 2242 2863 multis
2281 2794 2512 2890 iisque

380 2924 795 2998 recentibus
832 2929 1265 3026 scriptorum
1306 2929 1412 2998 rei
1454 2929 1738 2998 rusticae
1767 2925 2208 2998 editionibus
2231 2927 2516 3024 vulgata

386 3055 567 3129 adeo
602 3083 790 3149 esse,
824 3075 910 3131 ut
954 3081 1144 3132 nova
1186 3083 1443 3132 eorum
1495 3061 1823 3132 recensio
1869 3060 1987 3130 vix
2042 3059 2516 3147 desideretur,

335 3259 343 3268 ,
386 3186 637 3260 saltem
682 3203 1039 3262 maturato
1082 3215 1237 3262 non
1272 3213 1459 3288 opus
1503 3191 1637 3278 sit,
1666 3213 1818 3262 esse
1865 3203 2102 3260 autem
2142 3189 2312 3276 alia,
2353 3215 2514 3286 quae

386 3319 723 3414 perinde,
750 3336 835 3394 ut
868 3323 1204 3421 Epitome
1238 3320 1502 3394 Iliados
1531 3322 1865 3409 Homeri,
1893 3345 2092 3392 nunc
2125 3319 2352 3410 edita,
2387 3345 2520 3420 per

389 3449 885 3550 longissimum
924 3457 1271 3555 temporis
1311 3457 1624 3554 spatium
1661 3454 1987 3552 neglecta
2004 3508 2023 3541 ‚
2054 3467 2125 3526 et
2157 3453 2374 3525 nullis
2404 3455 2518 3526 vei

393 3587 816 3681 parcissimis
845 3588 1294 3660 eruditorum
1324 3585 1578 3659 studiis
1609 3585 1926 3674 exculta,
1959 3585 2352 3682 deposcere
2383 3584 2522 3657 sibi

390 3741 653 3788 novam
686 3735 760 3791 et
797 3720 1366 3792 emendatiorem
1396 3719 1788 3791 editionem
1819 3717 2216 3802 videantur,
2249 3717 2324 3786 in
2355 3719 2519 3814 qui-

390 3849 531 3922 bus
574 3875 775 3921 nunc
816 3853 1265 3949 potissimum
1304 3852 1720 3924 Maximiani
1759 3851 2039 3923 Etrusci
2089 3849 2365 3945 Elegias
2387 3903 2406 3932 ,
2445 3865 2520 3920 et

390 3980 622 4054 Plauti
648 3980 1159 4081 hypobolimaei
1186 3985 1586 4078 Querolum
1605 4039 1624 4074 ‚
1661 3980 2108 4058 Comoediam
2133 4034 2153 4069 ,
2181 3981 2515 4066 nomino,

391 4115 557 4187 ideo
590 4117 991 4188 consultius
1025 4144 1176 4190 esse
1213 4117 1385 4190 duxi
1420 4135 1776 4190 maturare
1816 4141 2068 4187 eorum
2103 4129 2519 4212 poematum
