2975 4684
559 411 922 432 mmsm
927 407 1474 428 Μῆδωνδδωνδῦ
1480 407 1751 428 mmm
1756 406 2209 428 Bssfflmmmm
2212 409 2483 430 mmm
2488 409 2675 430 mssss

1437 706 1768 808 vm.

1098 985 2113 1114 REPOSIANI

709 1281 1372 1350 CONCUBITUS
1423 1280 1799 1349 MARTIS
1849 1281 1970 1346 ET
2020 1278 2489 1350 VENERIS.

1113 1561 1212 1576 *-

626 1739 1018 1861 D1scrrE
1068 1813 1335 1861 securos
1375 1813 1514 1856 non
1554 1811 1852 1884 unquam
1890 1785 2157 1858 credere
2190 1811 2486 1858 amores:

625 1905 775 1996 Ipsa
809 1904 1074 1990 Venus,
1109 1899 1218 1970 eui
1257 1899 1525 1968 flamma
1566 1914 1844 1994 potem,
1879 1899 1989 1968 eui
2027 1898 2273 1968 militat
2308 1900 2531 1988 ardor,

627 2013 799 2102 Quae
839 2025 987 2083 tuto
1031 2023 1255 2106 posset
1289 2007 1566 2080 custode
1598 2008 1934 2104 Cupidine
1974 2033 2230 2096 amare,

626 2123 795 2210 Quae
833 2121 1028 2190 docet.
1061 2135 1128 2189 et
1167 2119 1474 2206 fraudeS‚
1506 2133 1573 2188 et
1606 2143 1914 2188 amorum
1956 2118 2137 2187 furta
2172 2133 2417 2205 tuetur,

621 2235 765 2324 Nec
799 2231 928 2299 sibi
965 2253 1226 2300 securas
1267 2226 1477 2298 valuit
1516 2229 1810 2323 praebere
1844 2227 2172 2322 latebras..
2638 2251 2663 2289 ⁵

625 2341 939 2433 Improbe
960 2392 979 2427 ,
1010 2339 1176 2408 dure
1213 2364 1409 2432 puer,
1451 2337 1739 2411 crudelis
1774 2339 2055 2408 crimine
2090 2340 2355 2424 matri5‚

623 2453 948 2542 Pompam
983 2448 1172 2518 ducis
1204 2452 1434 2536 Amor,
1476 2447 1664 2519 nullo
1702 2450 1933 2518 satiate
1968 2448 2349 2542 triumpho:

623 2558 830 2646 Quod
866 2583 1184 2628 conversa
1217 2559 1400 2629 Jovis
1435 2559 1677 2629 laetaris
1716 2558 2000 2629 fulmina
2035 2584 2322 2653 semper,

602 2793 623 2827 ῐ
637 2815 648 2826 .
679 2777 864 2826 Discite
887 2793 1100 2838 sec-tems.
1136 2776 1220 2829 Sic
1255 2795 1392 2849 sepe
1422 2795 1551 2849 pro·

526 2857 759 2908 clamant
782 2865 976 2926 poetae,
1005 2855 1098 2906 ubi
1125 2867 1350 2909 attentos
1377 2857 1552 2909 fecere

527 2935 750 2988 lectores
768 2931 839 2986 ad
854 2944 1172 3005 praeceptum
1187 2933 1272 2987 vel
1287 2935 1550 2987 monitum

527 3014 729 3067 volunt.
763 3013 914 3084 Virg.
949 3015 1071 3064 AEn.
1107 3012 1218 3076 Vl,
1247 3017 1382 3066 620:
1411 3041 1434 3059 α
1454 3013 1548 3065 Di-

528 3095 654 3146 scite
677 3091 936 3164 justitiam
959 3092 1178 3154 moniti,
1205 3104 1256 3143 et
1281 3111 1392 3145 non
1419 3105 1552 3145 tem-

527 3191 652 3224 nere
693 3171 910 3224 Divos».
946 3170 1103 3222 Ovid.
1129 3173 1244 3224 Art.
1281 3172 1394 3225 Am.
1435 3171 1549 3234 ΙΙΙ,
1622 3179 1629 3186 ’

530 3251 630 3312 455
649 3267 662 3300 :
709 3275 734 3294 α
755 3249 950 3302 Discite
994 3249 1062 3300 ab
1110 3249 1321 3302 alterius
1365 3249 1552 3304 vestris

527 3327 762 3382 timuisse
775 3327 1000 3400 querelis
1011 3353 1034 3372 n
1043 3367 1055 3378 .
1072 3325 1218 3379 Idem
1235 3329 1427 3382 Medic.
1447 3329 1550 3381 fac.

528 3411 647 3462 init.
667 3434 690 3455 ι
702 3409 902 3462 Discite
917 3445 932 3470 ,
949 3424 1064 3478 quae
1079 3407 1270 3459 faciem
1291 3426 1553 3460 commen-

527 3489 620 3543 det
645 3505 774 3541 cura
789 3523 805 3549 ,
826 3486 1012 3556 puellae
1025 3509 1070 3536 »-
1089 3487 1227 3538 Male
1253 3485 1402 3539 Leid.
1425 3485 1546 3538 cod.

527 3587 722 3620 securus
742 3604 757 3629 ,
782 3577 902 3617 etv.
927 3565 958 3617 5
981 3584 1176 3616 secura.
1199 3565 1405 3616 Vitiose
1422 3565 1552 3617 Bur·

527 3664 755 3700 mannus
773 3644 860 3696 hic
874 3663 1228 3710 nonnunquam
1247 3642 1429 3695 edidit.
1451 3645 1549 3696 Le·

527 3726 758 3797 gendum
781 3735 858 3775 est
883 3740 1009 3774 sane
1035 3742 1135 3774 non
1154 3742 1387 3788 unquam.

597 3809 648 3857 6.
667 3806 910 3872 Improbe,
932 3807 1054 3853 dure
1061 3821 1202 3870 puer,
1225 3805 1431 3853 crudelis
1451 3806 1547 3854 eri-

523 3885 656 3936 mine
666 3884 834 3934 mauis
842 3920 855 3933 .
870 3880 1096 3934 Videtur
1105 3881 1385 3950 respexisse
1393 3882 1543 3952 Vir-g.

524 3963 638 4017 Ecl.
657 3962 792 4014 VIII
807 3999 822 4026 ,
840 3961 906 4014 50
924 3977 938 4011 ε
955 3986 980 4004 α
995 3960 1274 4031 Improbus
1289 3959 1377 4012 ille
1393 3978 1543 4030 puer,

524 4039 752 4094 erudelis
767 4049 828 4090 tu
843 4055 1057 4108 quoque
1084 4049 1322 4100 mater»;
1349 4051 1401 4090 et
1427 4041 1540 4091 AEn.

525 4119 627 4181 1V‚
646 4125 772 4180 412:
791 4141 816 4162 α
827 4117 1077 4190 Improbe
1091 4121 1273 4182 Amor,
1290 4117 1418 4187 quid
1433 4137 1541 4170 non

1638 2775 1883 2829 mortalia
1908 2786 2122 2848 pectora
2146 2775 2289 2846 cogis
2302 2775 2573 2846 ».-virg.
2608 2777 2663 2829 in

1638 2856 1743 2910 Ciri
1764 2893 1779 2921 ‚
1802 2873 1853 2906 v.
1885 2853 2014 2907 133:
2042 2853 2183 2906 «sed
2208 2852 2485 2908 malus'ille
2510 2873 2665 2925 puer,

1637 2953 1798 3006 quem
1816 2951 1914 2985 nec
1937 2951 2029 2986 sua
2050 2931 2259 2986 flectere
2276 2946 2446 2986 mater
2458 2935 2665 2986 Iratum

1637 3012 1841 3086 potuit,
1859 3031 2020 3085 quem
2044 3031 2145 3064 nec
2166 3023 2317 3082 pater
2345 3025 2506 3084 atque
2531 3032 2664 3066 avus

1639 3093 1777 3146 idem
1797 3092 2019 3164 Jupiter,
2039 3102 2140 3145 ete.
2154 3117 2177 3136 ιι
2195 3093 2294 3144 En.

1710 3191 1759 3241 7.
1776 3179 2006 3240 Pompam
2032 3173 2169 3221 ducis
2190 3176 2357 3233 Amor,
2376 3172 2411 3224 i.
2430 3191 2475 3224 e.
2500 3173 2665 3244 longa

1640 3253 1799 3304 series
1838 3261 1915 3302 est
1952 3269 2138 3303 eorum
2159 3287 2175 3312 ‚
2204 3268 2340 3322 quos
2364 3251 2579 3318 vicisti,
2612 3265 2662 3303 et

1638 3331 1787 3402 quasi
1815 3330 2053 3401 captivos
2085 3329 2137 3381 in
2178 3349 2371 3401 pompa
2400 3331 2663 3404 triumphi

1638 3409 1717 3460 tui
1744 3408 1914 3461 ducis.
1951 3408 2035 3461 Sic
2068 3407 2119 3458 in
2156 3409 2428 3480 triumpho
2454 3411 2664 3463 Amoris

1638 3485 1983 3540 describendo
2000 3485 2223 3540 Ovidius
2236 3529 2251 3553 ,
2269 3490 2389 3540 Am.
2412 3489 2441 3540 1
2457 3529 2473 3554 ,
2494 3509 2549 3553 α,
2568 3509 2660 3559 ²7²

1638 3591 1664 3610 «-
1686 3569 1957 3620 Ducentur
1968 3567 2186 3635 juvenes
2203 3568 2341 3639 eapti
2358 3607 2375 3632 ‚
2390 3580 2662 3640 captaeque

1638 3645 1853 3714 puellae:
1872 3644 1995 3696 Haec
2014 3645 2112 3696 tibi
2130 3645 2447 3717 magnificus
2463 3665 2661 3719 pompa

1638 3724 1934 3796 triumphus
1956 3723 2054 3776 erit
2071 3749 2117 3776 υ.
2270 3787 2287 3802 ·

1707 3806 1760 3857 8.
1810 3809 1957 3872 Quod
2002 3823 2255 3858 conversa.
2320 3806 2660 3860 Burmannus

1631 3883 1845 3956 conjicit
1874 3887 2007 3950 Quid
2036 3902 2288 3936 conversa.
2322 3885 2459 3939 Mihi
2478 3899 2659 3940 tamen

1630 3975 1854 4032 utraque
1881 3981 1911 4014 e
1936 3963 2162 4016 lectione
2190 3981 2369 4017 versus
2399 3967 2661 4019 obscurus

1632 4040 1859 4094 videtur.
1884 4043 2037 4094 Forte
2058 4041 2147 4094 hic
2168 4060 2354 4096 sensus
2372 4057 2482 4098 est:
2510 4047 2659 4111 Quo-

1632 4120 1771 4172 niam
1802 4133 1861 4172 tu
1890 4120 2079 4174 laetaris
2100 4163 2113 4188 ,
2144 4123 2417 4193 gloriaris,
2445 4135 2659 4178 tantum
