2975 4684
334 389 889 414 mmm
898 384 2452 414 mmm-“mmmmm

950 653 1883 762 PROOEMIUM

858 929 1183 1006 Novi
1302 927 1989 1026 Eanoffls.

1074 1219 1093 1282 i

334 1379 595 1514 Quur
649 1415 719 1478 in
768 1414 899 1478 hoc
943 1414 1269 1504 poematio
1321 1413 1508 1480 Saleii
1559 1415 1734 1480 Bassi
1789 1417 2169 1506 explicando
2213 1445 2474 1512 operam

332 1519 560 1608 posuit
587 1517 1107 1602 Wernsdorflus,
1145 1517 1327 1584 haud
1358 1541 1590 1608 parum
1627 1519 1732 1586 illa
1761 1521 1972 1602 juvari
2003 1540 2070 1588 et
2097 1525 2478 1616 locupletari

332 1639 633 1713 poterat,
660 1625 717 1689 si
750 1624 1017 1713 quidem
1049 1625 1143 1688 ini
1170 1625 1580 1714 contigisset,
1615 1643 1724 1709 ut,
1757 1649 1915 1715 quas
1948 1630 2166 1717 paullo
2201 1647 2350 1699 ante
2374 1635 2474 1700 vir

338 1730 579 1796 doctus
601 1730 1089 1796 elucubraverat
1110 1732 1177 1795 in
1202 1730 1364 1796 illud
1387 1732 1866 1798 observationes
1881 1783 1900 1816 ,
1938 1738 2250 1803 maturius
2273 1763 2471 1828 quam
2547 1735 2554 1742 ⁶

336 1837 560 1926 potuit
577 1887 597 1920 ,
653 1837 995 1902 obtineret.
1060 1837 1317 1902 Scilicet
1363 1838 1461 1903 vir
1509 1838 1948 1904 nobilissimus
2003 1843 2100 1906 Jo.
2145 1845 2470 1911 Azorsrus

334 1944 639 2009 henum
682 1944 785 2008 vel
834 1945 1105 2010 meu
1123 1990 1143 2024 ,
1194 1943 1483 2008 Polonus
1502 1990 1520 2023 ,
1566 1944 1682 2032 qui
1737 1947 2048 2010 acerrima
2105 1947 2278 2014 inter
2329 1965 2470 2015 stu·

335 2047 445 2112 dia
467 2097 487 2131 ,
522 2049 764 2138 quibus
797 2065 1045 2114 veteres
1072 2050 1418 2137 scriptores
1456 2048 1714 2114 Graecos
1747 2065 1814 2114 et
1837 2051 2166 2117 Romanos
2199 2053 2270 2118 id
2303 2071 2472 2120 tem-

333 2155 517 2244 poris
566 2154 889 2238 versabat,
944 2178 1151 2244 quum
1190 2155 1437 2220 Lucani
1482 2154 1833 2243 aliquando
1881 2155 2116 2222 edendi
2136 2206 2154 2240 ‚
2192 2161 2471 2249 plurima

334 2260 761 2348 exemplaria,
806 2260 1043 2350 scripta
1093 2276 1161 2324 et
1206 2259 1548 2348 impressa,
1602 2261 2074 2348 copiosioribus
2121 2263 2190 2328 in
2233 2265 2468 2332 biblio·

335 2365 547 2430 thecis
586 2383 985 2448 excusserat,
1037 2381 1179 2430 tum
1220 2365 1411 2430 etiam
1458 2389 1655 2455 super
1693 2367 1978 2432 carmine
2013 2368 2082 2432 in
2131 2369 2470 2456 Pisonem,

334 2471 605 2536 Immno
631 2473 829 2562 vulgo
862 2471 1217 2562 adscripto,
1242 2472 1447 2536 multa
1474 2473 1818 2562 collegerat
1843 2489 1911 2537 et
1937 2474 2371 2543 adnotaverat.
2406 2481 2471 2544 Is

334 2601 551 2666 quum
600 2579 965 2668 Goettingae
1011 2593 1546 2659 commoraretur,
1582 2579 1848 2643 hortatu
1879 2581 2120 2668 Heynii
2151 2582 2470 2648 adductus

334 2701 471 2766 est,
498 2701 575 2749 ut
596 2701 940 2774 postquam
972 2685 1165 2764 hujus
1192 2686 1492 2750 carminis
1525 2707 1679 2749 cum
1704 2685 1969 2750 Luoeno
1997 2686 2233 2753 edendi
2263 2693 2472 2755 consi-

332 2789 500 2854 lium
522 2791 877 2873 abjecisset,
906 2813 1057 2854 cum
1080 2790 1528 2856 Wernsdorfio
1556 2813 1701 2880 quae
1733 2791 1816 2856 de
1841 2792 1953 2856 illo
1984 2795 2310 2882 poematio
2345 2819 2474 2860 me-

333 2899 578 2964 ditatus
621 2913 760 2962 erat
792 2897 1320 2962 communicaret.
1367 2898 1502 2979 Qui
1545 2898 1856 2985 quoniam
1893 2901 2469 2966 commentationes

331 3029 485 3070 suas
510 3005 583 3068 in
609 3003 739 3068 hoc
764 3026 997 3092 poema
1022 3004 1107 3068 ita
1133 3003 1265 3084 jam
1286 3003 1668 3093 perscriptas
1697 3019 1764 3068 et
1781 3021 2258 3070 consummatas
2280 3006 2475 3072 habe-

332 3109 479 3192 bat,
500 3128 575 3175 ut
598 3110 677 3174 iis
708 3109 1111 3200 typographo
1135 3107 1369 3197 partim
1382 3110 1515 3188 jam
1533 3107 1782 3173 traditis
1799 3157 1818 3192 ,
1845 3110 2080 3198 partim
2105 3110 2432 3176 tradendis
2449 3162 2467 3193 ,

330 3219 623 3282 inserere
668 3217 791 3281 viri
836 3216 1191 3281 doctissimi
1248 3215 1728 3280 observationes
1767 3239 1900 3280 non
1937 3217 2159 3282 liceret
2178 3266 2197 3302 ‚
2250 3234 2462 3284 tamen

329 3340 525 3388 acute
576 3323 883 3412 cogitatas
932 3321 1158 3387 videns
1210 3319 1584 3411 castigando
1630 3319 2147 3411 illustrandoque
2199 3325 2468 3390 carmini

331 3431 621 3494 multum
653 3427 1055 3518 profuturas,
1090 3427 1495 3492 committere
1533 3449 1668 3490 non
1699 3427 1906 3492 voluit
1938 3444 2013 3493 ut
2047 3429 2282 3495 laboris
2318 3453 2468 3495 eru·

329 3535 455 3601 diti
500 3535 755 3600 fructus
788 3535 1045 3622 periret.
1084 3535 1312 3622 Itaque
1341 3531 1457 3597 has
1493 3547 1676 3597 notas
1713 3535 1782 3596 in
1821 3533 2135 3601 addendis
2175 3535 2254 3600 ad
2295 3537 2473 3600 hunc

329 3657 593 3706 tomum
628 3639 933 3716 inseruit,
961 3655 1028 3704 et
1049 3661 1194 3729 ego,
1228 3653 1303 3703 ut
1329 3637 1532 3719 soleo,
1558 3637 1836 3727 singulas
1875 3641 2141 3704 feliciori
2171 3641 2470 3723 consiliu,

330 3745 649 3832 quoniam
685 3743 902 3831 potui,
929 3765 1050 3806 suo
1081 3742 1228 3806 loco
1262 3739 1590 3828 adscripsi.

424 3850 638 3914 Pauca
686 3847 952 3937 quidem
1010 3849 1263 3912 variatae
1315 3847 1612 3912 lectionis
1671 3847 1962 3938 exempla
2017 3848 2231 3915 attulit
2279 3851 2478 3941 Lago·

332 3959 523 4042 nius,
562 3981 708 4046 quae
744 3980 875 4021 non
915 3957 1215 4038 Cortius,
1245 3972 1359 4020 aut
1390 3953 1697 4018 Wernsd.
1734 3954 1872 4043 ipse
1907 3957 2260 4042 attulisset3
2291 3979 2474 4046 repe-

332 4083 473 4130 tere
526 4081 743 4130 tamen
804 4065 1108 4152 pleraque
1152 4062 1356 4128 voluit
1403 4059 1674 4142 Noster,
1719 4060 1900 4148 quod
1949 4061 2055 4127 ine
2101 4062 2184 4128 ad
2222 4065 2470 4154 singula

578 4175 717 4240 III.
2104 4168 2184 4240 15
