2975 4684
553 389 686 455 DE
752 389 1209 457 EPITOME
1274 389 1701 457 ILIADOS
1764 391 2189 459 HOMERI.
2306 385 2443 461 513

307 518 502 584 titulo
525 540 722 582 usum
747 520 944 584 fuisse
965 519 1299 603 existim03
1323 541 1629 586 securum
1661 521 1921 584 interim
1939 570 1956 598 ‚
1978 521 2139 610 quid
2165 523 2271 586 isti
2298 521 2469 588 con?

305 625 558 690 veniret
576 674 595 709 ‚
624 649 822 714 quem
851 625 1045 690 sciret
1075 626 1422 715 aequalium
1453 649 1726 692 suorum
1757 629 2159 716 paucissimis
2187 630 2288 693 vel
2322 653 2447 696 no-

307 732 486 796 mine
517 733 660 797 solo
691 749 924 798 notum
954 756 1113 798 esse.
1143 732 1386 797 Eadem
1415 735 1667 798 ratione
1693 733 1945 798 Daretis
1976 757 2216 799 nomen
2245 734 2451 800 adsci-

305 819 450 903 tum
495 855 594 902 est
637 839 924 928 Josepho
969 841 1199 904 Iscano
1241 839 1573 918 DevoniO,
1604 863 1801 928 quem
1835 842 2055 905 nescio
2089 864 2171 905 an
2210 864 2345 906 non
2385 858 2453 905 et

305 945 504 1026 hujus
527 945 904 1034 compendii
925 969 1260 1010 censerem
1287 945 1671 1035 scriptorem
1691 972 1709 1028 ;
1737 947 1861 1011 nisi
1888 946 2069 1036 quod
2088 946 2445 1012 Pindarum

307 1051 489 1115 hunc
521 1049 820 1116 fictitium
852 1052 966 1115 illo
993 1051 1244 1116 videam
1276 1056 1475 1142 longo
1508 1053 1847 1118 intervallo
1882 1054 2348 1144 castigatiorem
2383 1069 2452 1118 et

307 1159 592 1225 melioris
617 1159 846 1240 judicii
880 1182 1050 1242 esse,
1077 1161 1388 1232 vitantem
1412 1161 1566 1225 vitia
1584 1210 1602 1244 ,
1629 1184 1773 1249 quae
1810 1161 1916 1225 ille
1946 1161 2107 1226 alter
2136 1160 2411 1227 adfectat
2430 1211 2449 1244 ,

307 1266 684 1330 acuminum
747 1264 1045 1330 videlicet
1103 1290 1140 1330 a
1195 1266 1549 1332 verborum
1616 1267 1794 1332 sonis
1856 1266 2279 1355 pendentium
2304 1316 2321 1350 ,
2387 1283 2454 1332 et

309 1371 747 1437 collusionum
793 1373 966 1437 inter
1009 1373 1186 1461 paria
1225 1373 1571 1456 vocabula,
1610 1397 1925 1462 paresque
1978 1375 2155 1440 sonis
2197 1375 2413 1440 literas
2432 1423 2451 1457 ,

309 1501 454 1566 quae
477 1478 1068 1566 pessumdederunt
1092 1479 1272 1544 bono
1307 1481 1573 1570 ingenio
1600 1480 1840 1562 nisam,
1877 1480 2052 1544 bona
2082 1479 2450 1546 eruditione

307 1584 630 1648 munitam
665 1586 895 1672 poesin
931 1586 1126 1650 etiam
1162 1585 1545 1674 sequiorum
1584 1601 1987 1675 temporum,
2024 1604 2145 1652 etc.

421 1769 598 1834 VIII.
635 1771 808 1836 Inmu
841 1794 928 1835 An
959 1771 1183 1836 Sn‘ru
1205 1771 1418 1835 Tune.
1442 1771 1535 1835 VI
1555 1819 1573 1851 ‚
1607 1793 1761 1853 120,
1788 1793 1943 1836 ros-1·
1974 1793 2341 1836 nucu-uun

1061 1897 1380 1940 scuomon
1407 1878 1701 1942 Lursrn.

397 2063 494 2127 Sit
535 2085 690 2152 ergo
724 2061 748 2150 (
775 2061 1092 2127 Pindarus
1125 2063 1203 2125 de
1238 2061 1400 2126 bello
1437 2061 1758 2152 Trojano)
1794 2077 1861 2125 et
1893 2059 2209 2151 dignitate
2240 2085 2357 2126 sua
2389 2079 2457 2127 et

310 2169 688 2232 testimonio
725 2167 923 2248 hujus
953 2167 1309 2233 doctissimi
1345 2167 1778 2258 grammatici,
1811 2166 2115 2255 deinceps
2152 2168 2324 2233 inter
2343 2191 2455 2232 ve-

308 2275 580 2338 teriores
597 2274 890 2339 barbarie
909 2275 1252 2364 scriptores
1272 2296 1408 2338 non
1428 2273 1871 2362 aspernandus
1883 2322 1901 2355 ,
1916 2273 2121 2338 immo
2137 2273 2457 2338 aestiman·

307 2378 456 2444 dus.
476 2379 616 2444 Nec
633 2380 894 2470 ineptus
913 2381 1215 2444 collocari
1241 2380 1474 2443 ultimo
1501 2380 1649 2443 loco
1674 2379 1844 2443 inter
1860 2395 2077 2444 vetera
2096 2379 2421 2468 poematia
2436 2428 2454 2462 ,

308 2487 365 2551 si
397 2487 514 2574 qui
550 2510 624 2550 ea
659 2505 816 2551 sunt
849 2503 998 2576 post
1030 2487 1354 2551 Pithoeum
1390 2485 1713 2573 repexuri.
1740 2485 1893 2549 Post
1922 2484 2098 2550 alia:
2119 2485 2183 2549 N
2186 2509 2275 2550 on
2300 2509 2456 2551 vero

309 2591 688 2657 dubitamus
737 2610 802 2659 et
851 2593 1133 2658 auctoris
1179 2592 1378 2672 hujus
1429 2615 1670 2656 nomen
1720 2590 2073 2680 aliquando
2122 2590 2191 2654 in
2242 2591 2456 2656 lucem

308 2699 776 2766 retrahendum
798 2749 818 2780 ‚
852 2699 1052 2764 modo
1089 2699 1225 2788 ipse
1258 2721 1454 2763 suum
1490 2697 1673 2786 operi
1708 2697 2125 2786 inscripserit.
2163 2697 2455 2761 Omnino

307 2822 528 2870 autem
565 2807 895 2894 antiquior
925 2822 1023 2871 est
1055 2805 1378 2870 Gualteris
1398 2852 1417 2887 ,
1446 2803 1741 2887 Iscaniis‚
1766 2803 1969 2868 modo
2000 2803 2093 2866 sic
2130 2819 2303 2867 recte
2334 2801 2457 2866 iste

308 2913 690 3001 appelletur,
723 2928 792 2977 et
821 2913 959 2977 aliis
989 2912 1125 2993 ejus
1163 2929 1334 2976 notae
1353 2959 1372 2988 ‚
1401 2911 1585 2999 quod
1619 2925 1851 2998 praeter
1876 2907 2291 2973 Lutatianum
2326 2907 2457 2970 hoc

309 3017 760 3082 testimonium
779 3064 798 3099 ,
843 3018 1048 3106 stylus
1087 3017 1357 3080 minime
1397 3013 1727 3096 tumidus,
1761 3013 2033 3078 minime
2062 3012 2454 3100 ineptiarum

309 3124 618 3188 affectans
637 3171 654 3205 ‚
680 3145 917 3212 easque
943 3145 1064 3212 pro
1097 3120 1395 3187 doctrina
1426 3121 1673 3185 habens
1707 3117 1971 3198 edocet,
1999 3117 2149 3182 licet
2176 3119 2459 3206 interpo-

311 3229 518 3294 latum
551 3245 617 3294 et
649 3252 828 3294 nunc
858 3251 1304 3319 agnoscamus·

392 3425 508 3488 lx.
539 3425 740 3506 lnam,
773 3447 840 3488 nt
871 3427 1201 3488 Ammsnv.
1241 3446 1328 3487 An
1359 3423 1749 3486 Pmnmum
1786 3419 2153 3485 Parnocon.
2190 3445 2247 3486 r.
2283 3426 2389 3499 4ο.

404 3578 675 3666 Auctor⁰
691 3625 900 3690 parvae
935 3602 1172 3666 Iliados
1199 3649 1220 3682 ‚
1251 3625 1384 3664 non
1422 3597 1830 3688 spernendus
1867 3599 2039 3662 inter
2073 3599 2317 3687 priscos
2349 3622 2459 3663 va-

313 3727 430 3774 tes,
464 3709 584 3773 En.

369 3883 457 3948 X.
485 3883 650 3947 Gna.
686 3883 785 3946 Jo.
813 3883 1108 3961 Vossms,
1139 3903 1225 3943 nn
1253 3881 1521 3944 Hrs‘ron.
1553 3879 1711 3942 Lar.
1746 3899 1873 3941 mn.
1907 3879 2037 3960 111,
2069 3877 2265 3942 Pur.
2302 3879 2414 3960 IV,

1069 4007 1204 4050 cu.
1239 4009 1336 4067 11,
1378 4009 1433 4050 r.
1473 3985 1621 4072 819.

381 4149 728 4214 ‘Pindarus
771 4148 1124 4214 Thebanus
1174 4145 1553 4210 inscribitur
1605 4159 1794 4234 poeta
1850 4141 2116 4232 quidam
2179 4145 2463 4208 nominis

561 4259 702 4325 m.
1234 4335 1244 4343 ‚
2031 4247 2123 4320 33
