2975 4684
413 371 438 399 ·
869 362 1005 428 ΑΙ)
1068 359 1525 430 LICENTH
1590 361 2036 432 CARMEN.
2378 365 2521 451 445

395 481 617 546 divino
661 479 878 544 afflatu
920 495 1088 544 actas
1125 496 1190 544 et
1222 481 1343 544 Dei
1391 480 1651 544 nuntias
1694 479 2167 566 (1)eredebant
2188 531 2204 563 ,
2242 487 2525 573 proclive

396 599 566 665 erat,
598 584 812 671 ipsum
858 578 1220 670 Apollinem
1271 581 1459 669 quasi
1502 582 1783 645 amicum
1816 582 2075 646 Christo
2110 607 2351 650 numen
2370 634 2388 669 ,
2422 589 2523 652 vel

397 684 855 749 adumbratum
886 684 1058 747 inter
1087 682 1356 770 gentiles
1387 683 1790 746 Servatorem
1808 731 1825 757 ‚
1859 683 1972 769 qui
2003 699 2070 748 et
2100 695 2273 764 Σωτὴρ
2304 689 2523 774 appel-

397 785 657 866 laretur,
687 785 1066 848 existimare.
1111 783 1390 847 Maxime
1416 805 1572 846 vero
1602 783 1740 846 haec
1771 782 1995 872 opinio
2028 784 2195 848 inter
2224 785 2528 851 Christia-

399 909 520 951 nos
549 886 819 950 invaluit
847 901 1113 950 auctore
1133 885 1563 948 Constantino
1580 885 1821 974 Magno
1844 931 1861 964 ,
1892 901 2239 972 postquam
2264 887 2324 951 ei
2356 890 2526 953 cele-

397 989 516 1052 bre
546 987 708 1052 illud
735 987 945 1051 visum
963 1035 981 1069 ,
1009 1008 1144 1073 quo
1175 987 1384 1050 crucis
1417 986 1677 1076 signum
1706 986 1765 1048 ei
1795 1002 2129 1050 ostensum
2160 1001 2225 1050 et
2246 989 2528 1054 victoriae

399 1091 728 1178 promissae
764 1087 1166 1168 dicebantur,
1199 1087 1575 1176 contigerat.
1614 1089 1691 1151 In
1732 1109 1811 1151 eo
1842 1087 1981 1152 viso
2011 1087 2378 1176 Apollinem
2411 1115 2525 1180 ap-

397 1191 688 1279 paruisse
703 1239 722 1272 ,
755 1207 869 1254 aut
916 1189 1417 1254 Constantinum
1461 1186 1808 1253 credidisse
1844 1209 2009 1252 eum·
2032 1189 2155 1253 sibi
2198 1191 2487 1256 oblatum
2507 1241 2524 1274 ,

403 1313 480 1354 ex
508 1291 656 1355 loco
688 1290 1094 1380 panegyrici,
1125 1291 1549 1354 Constantino
1576 1289 1657 1353 ab
1684 1289 2009 1354 Eumenio
2038 1291 2301 1356 rhetore
2328 1293 2483 1359 dicti
2506 1343 2525 1376 ‚

403 1393 516 1480 qui
547 1393 821 1482 primam
857 1392 1155 1455 omnium
1187 1407 1253 1455 et
1283 1392 1561 1454 maxime
1592 1391 1907 1455 sinceram
1937 1391 2021 1455 de
2046 1413 2126 1456 eo
2152 1395 2526 1461 relationem

402 1491 684 1574 exhibet,
709 1492 1186 1557 haud'obscure
1209 1507 1427 1580 potest
1453 1491 1743 1582 intelligi.
1762 1493 1869 1557 Sic
1894 1494 2069 1558 enim
2098 1494 2227 1577 ille,
2249 1520 2385 1586 cap.
2412 1521 2525 1562 21:

405 1625 431 1650 ιι
455 1594 716 1678 Vidisti,
758 1592 985 1673 credo,
1025 1594 1483 1674 Constantine,
1514 1593 1879 1681 Apollinem
1920 1609 2142 1675 tuum,
2181 1598 2531 1662 comitante

401 1691 720 1773 Victoria,
765 1715 1036 1757 coronas
1087 1691 1205 1756 tibi
1253 1694 1499 1762 laureas
1548 1693 1931 1758 offerentem
1953 1741 1972 1773 ,
2018 1718 2162 1782 quae
2210 1699 2529 1764 tricenum

407 1794 673 1883 singulae
716 1795 936 1858 ferunt
985 1817 1176 1858 omen
1215 1817 1561 1859 annorum.
1596 1796 1719 1870 Hic
1754 1810 1853 1858 est
1886 1795 2061 1858 enim
2100 1796 2531 1864 humanarum

407 1917 717 1960 numerus
753 1911 1014 1961 aetatum
1035 1941 1054 1978 ‚
1092 1918 1236 1983 quae
1283 1895 1402 1958 tibi
1444 1895 1673 1982 utique
1721 1895 2043 1960 debentur
2077 1897 2247 1962 ultra
2283 1901 2529 1989 Pyliam

408 2011 824 2061 senectutem.
873 1997 957 2060 Et
1004 1995 1207 2059 immo
1249 1994 1408 2083 quid
1453 1994 1965 2078 credoi’vidisti,
2006 2012 2197 2086 teque
2246 2000 2315 2062 in
2361 2003 2531 2068 illius

407 2099 617 2186 specie
657 2098 1123 2187 recognovisti,
1150 2098 1252 2161 cui
1301 2097 1505 2160 totius
1550 2095 1782 2160 mundi
1826 2119 2023 2187 regna
2058 2098 2277 2163 deberi
2311 2121 2531 2168 vatum

408 2200 688 2263 carmina
728 2199 943 2263 divina
989 2200 1363 2263 cecinerunt
1394 2230 1438 2261 ν.
1478 2197 1763 2280 Quando
1806 2199 2152 2264 Christiani
2194 2203 2535 2292 scriptores

409 2317 630 2388 postea
662 2301 994 2366 Christum
1023 2300 1456 2366 Constantino
1502 2299 1570 2362 in
1617 2300 1865 2363 somnis
1898 2300 2109 2364 visum
2132 2349 2151 2382 ,
2181 2319 2246 2366 et
2276 2327 2535 2372 crucem

411 2423 532 2489 pro
563 2406 749 2492 signo
781 2402 1060 2468 victoriae
1095 2401 1177 2465 ab
1213 2423 1292 2465 eo
1329 2415 1751 2466 monstratam
1791 2422 1931 2465 esse
1964 2400 2394 2488 prodiderunt
2413 2455 2431 2487 ,
2458 2431 2535 2471 ex

412 2525 483 2566 ea
518 2525 588 2567 re
621 2503 784 2567 nihil
815 2502 1026 2584 aliud,
1072 2525 1266 2591 quam
1299 2502 1489 2566 dolus
1531 2517 1597 2565 et
1627 2501 1935 2589 sapientia
1972 2502 2319 2569 doctorum
2356 2509 2541 2572 Chri-

409 2603 768 2667 stianorum
823 2602 1223 2694 intelligitur,
1273 2603 1386 2691 qui
1443 2619 1519 2666 ut
1573 2603 2071 2668 Constantinum
2130 2629 2211 2670 eo
2264 2609 2403 2673 viso
2457 2611 2538 2674 ad

409 2703 644 2768 Christi
673 2725 849 2768 sacra
871 2720 1171 2768 vocatum
1195 2702 1636 2783 ostenderent,
1661 2725 1735 2765 ea
1763 2703 1999 2789 specie,
2034 2727 2229 2792 quam
2258 2708 2394 2796 ipse
2420 2734 2541 2799 pro

412 2805 708 2893 Apolline
763 2805 1080 2869 habuerat
1100 2852 1119 2885 ,
1169 2803 1500 2868 Christum
1558 2803 1616 2866 ei
1671 2803 2043 2891 apparuisse
2102 2807 2539 2893 affirmarunt,

413 2923 638 2994 atque,
673 2923 750 2970 ut
784 2906 936 2971 inde
981 2905 1283 2992 deinceps
1331 2904 1462 2968 hoc
1510 2927 1887 2992 persuasum
1936 2903 2058 2967 sibi
2106 2907 2539 2994 profiteretur,

415 3007 792 3072 effecerunt.
841 3007 1056 3070 Latius
1091 3006 1222 3069 hoc
1256 3004 1643 3093 jampridem
1680 3003 2121 3070 demonstravi
2156 3007 2223 3070 in
2272 3011 2539 3079 Dissert.

415 3108 499 3172 de
531 3108 690 3172 Viso
735 3107 1144 3172 Constantini
1193 3106 1411 3195 Magni
1464 3105 1546 3169 ad
1599 3106 1816 3170 locum
1869 3107 2172 3171 Eumenii
2227 3112 2541 3199 rhetoris,

416 3210 645 3275 Musaei
679 3209 896 3274 critici
923 3209 1050 3272 vol.
1082 3207 1178 3288 ΙΙ,
1206 3207 1356 3270 fasc.
1391 3228 1426 3269 2
1455 3203 1645 3271 edita.
1667 3207 1809 3270 Hoc
1834 3206 2033 3298 igitur
2055 3209 2265 3274 visum
2295 3231 2375 3278 ut
2400 3218 2544 3304 opi-

419 3311 683 3374 nionem
707 3309 836 3389 jam
865 3324 1010 3372 tum
1038 3307 1209 3370 inter
1240 3307 1644 3372 Christianos
1666 3308 1987 3398 vulgatam
2016 3307 2099 3372 de
2124 3311 2547 3384 similitudine

417 3411 658 3476 Christi
699 3427 763 3475 et
799 3409 1116 3498 Apollinis
1153 3408 1587 3492 demonstrat,
1618 3409 1705 3474 ita
1744 3409 2035 3474 eamdem
2054 3460 2073 3492 ,
2102 3411 2377 3482 dubium
2410 3443 2546 3486 non

419 3529 555 3594 est,
588 3527 810 3602 postea
858 3513 1238 3576 auctoritate
1285 3511 1696 3576 Constantini
1742 3512 1941 3600 magis
1992 3513 2431 3586 confirmatam
2479 3540 2544 3587 et

488 3741 568 3812 (1)
601 3738 886 3806 Quomodo
911 3738 1288 3793 Constantinus
1315 3735 1574 3792 sentiebat
1594 3776 1610 3803 ,
1642 3741 1736 3812 qui
1758 3741 1794 3792 l.
1824 3759 1869 3794 c.
1891 3755 2170 3812 postquam
2189 3762 2369 3800 versus
2389 3768 2545 3820 quos-

418 3827 544 3882 dam
581 3827 820 3902 Sibyllae,
858 3827 1056 3882 Christi
1085 3827 1380 3881 servatoris
1410 3845 1607 3882 nomen
1638 3829 1973 3902 preferentes
1987 3869 2003 3896 ,
2038 3833 2318 3901 recitavit,
2362 3837 2543 3893 addit:

419 3923 522 3977 Καὶ
549 3929 714 3978 ταῦτα
742 3931 806 3995 τῇ
835 3925 1056 3995 ‘scapum
1082 3917 1282 3981 ‹md-ia
1301 3925 1456 3977 0⁸60„
1485 3925 1671 3982 ἆπίστπ
1702 3924 1995 3996 προκηρύξαι
2012 3945 2025 3958 ·
2051 3928 2297 3998 μακαρίαν
2322 3926 2377 3982 δ”
2395 3935 2546 3993 αὐτὴν

424 4020 576 4090 ἔγωγε
622 4019 792 4089 κρίνω,
839 4018 896 4074 ἣν
929 4018 952 4068 ὅ
991 4016 1162 4087 Σωτὴρ
1203 4015 1449 4080 ἐξελίξαι-ο
1473 4024 1719 4088 ’προφῆτιν
1762 4021 1851 4078 τῆς
1890 4017 2061 4068 laureta
2102 4020 2213 4090 περὶ
2247 4022 2386 4092 ἡμῶν
2426 4047 2549 4096 προ-

425 4111 643 4180 gamnite.
