2975 4684
517 361 607 434 38
765 364 899 431 DE
948 363 1252 434 CORN.
1304 365 1679 435 SEVERI
1725 369 2391 440 FRAGMENTO.

596 490 896 572 adjuncta
927 507 1082 556 sunt
1119 490 1359 556 scholia
1398 493 1746 584 Pomponii
1777 496 1996 561 Sabini
2031 513 2096 561 et
2127 497 2451 579 Ascensii,
2485 497 2637 562 AEt-
2708 547 2718 556 .

596 620 695 661 nae
742 597 943 662 solius
982 597 1287 662 Ascensii.
1322 597 1598 664 Videtur
1629 618 1880 667 textum
1927 603 2112 690 sequi
2149 601 2304 668 edit.
2347 602 2598 670 Aldinae
2615 651 2636 686 ,

596 727 791 791 quam
823 721 1041 770 tamen
1074 703 1279 792 ipsam
1308 704 1469 769 mihi
1501 708 1800 804 conferre
1835 731 1969 773 non
2007 709 2212 774 licuit.

506 863 621 928 His
649 861 950 930 subsidiis
978 862 1333 928 instructus
1356 912 1373 945 ‚
1410 863 1786 953 collatisque
1822 882 1963 929 tum
1987 881 2282 930 veterum
2315 863 2635 929 librorum

502 969 891 1034 lectionibus
914 1017 931 1050 ‚
990 985 1133 1032 tum
1168 968 1459 1033 virorum
1509 969 1852 1035 doctorum
1907 969 2294 1050 conjecturis
2311 1019 2328 1053 ,
2383 957 2635 1035 textum

503 1073 715 1140 AEtnae
748 1077 888 1164 ipse
918 1075 1231 1140 constitui
1250 1125 1268 1156 ,
1301 1092 1367 1140 et
1394 1075 1624 1165 partim
1657 1100 1694 1140 a
1725 1076 1978 1141 mendis
1997 1127 2015 1160 ,
2046 1100 2190 1165 quae
2217 1077 2347 1141 hoc
2375 1099 2634 1141 carmen

505 1181 842 1264 obsident,
888 1205 1201 1271 perquam
1240 1183 1459 1246 multis
1480 1232 1500 1266 ,
1546 1184 1780 1271 partim
1820 1207 1857 1247 a
1901 1184 2158 1248 sinistra
2201 1181 2636 1270 quorumdssm

503 1288 1030 1376 interpretatione
1050 1287 1366 1353 vindicavi
1382 1338 1399 1372 ,
1428 1304 1504 1353 ut
1527 1287 1782 1354 credam
1803 1338 1822 1372 ,
1848 1313 1982 1353 non
2011 1289 2175 1354 nihil
2201 1313 2238 1353 a
2261 1313 2368 1354 me
2395 1288 2476 1353 ad
2501 1312 2638 1353 me·

505 1394 734 1458 liorem
783 1395 1097 1482 poematis
1142 1392 1327 1458 valde
1381 1395 1669 1483 corrupti
1721 1411 1787 1460 et
1835 1395 2098 1460 obscuri
2151 1395 2637 1485 intelligentiam

508 1501 815 1565 collatum
854 1523 1011 1564 esse.
2384 1503 2399 1513 ⁹

588 1606 869 1670 Cornelii
904 1605 1117 1670 Severi
1124 1603 1576 1693 fragmentum
1612 1605 1691 1668 de
1733 1621 1930 1669 morte
1964 1605 2273 1672 Ciceronis
2309 1631 2345 1669 e
2388 1605 2478 1670 M.
2514 1606 2634 1669 Se-

506 1733 679 1775 necae
718 1711 1015 1775 Suasoria
1040 1710 1163 1775 VII
1200 1711 1601 1798 transcripsit
1642 1709 1929 1774 Crinitus
1951 1760 1968 1791 ,
2021 1709 2133 1775 lib.
2174 1713 2272 1775 III
2321 1709 2404 1775 de
2455 1711 2637 1774 Poet.

509 1818 645 1881 Lat.
678 1840 817 1906 cap.
850 1817 964 1898 56,
999 1832 1066 1881 et
1098 1839 1247 1881 cum
1284 1817 1423 1882 aliis
1456 1818 1594 1897 ejus
1626 1817 2000 1908 fragmentis
2039 1816 2220 1882 dedit
2250 1820 2454 1882 Henr.
2492 1819 2634 1880 Ste-

506 1925 764 2011 phanus
800 1924 867 1986 in
904 1925 1158 2013 Fragm.
1198 1939 1373 2011 poet.
1406 1937 1534 1986 vet.
1573 1923 1710 1988 Lat.
1741 1946 1884 2012 pag.
1914 1928 2064 2009 419.
2101 1922 2282 1988 Idem
2316 1921 2642 1988 dederunt

506 2032 823 2113 Pithoeus,
867 2033 1085 2121 Epigr.
1125 2048 1251 2096 vet.
1293 2031 1405 2095 lib.
1451 2033 1552 2114 11,
1593 2055 1656 2119 p.
1692 2055 1778 2096 m.
1820 2029 1936 2114 553
1989 2031 2155 2096 Petr.
2191 2034 2640 2114 Burmannus,

504 2139 772 2202 Anthol.
812 2139 947 2202 Lat.
985 2138 1097 2201 lib.
1131 2137 1228 2217 11,
1274 2137 1473 2226 epigr.
1509 2135 1628 2204 155
1651 2186 1669 2218 ,
1718 2155 1784 2203 et
1811 2138 1944 2202 JOS.
1973 2137 2252 2226 Scaliger
2285 2139 2357 2200 in
2389 2138 2640 2202 Catale-

503 2245 622 2309 ctis
643 2291 663 2324 ,
684 2227 841 2332 pag.
874 2243 949 2306 51
972 2291 990 2324 ,
1032 2243 1146 2329 qui
1176 2243 1534 2330 inscripsit,
1569 2266 1708 2309 esse
1749 2266 2006 2308 carmen
2049 2244 2268 2309 Severi
2304 2246 2374 2306 in
2403 2245 2642 2309 obitum

504 2349 602 2413 M.
634 2349 705 2412 T.
748 2347 1053 2412 Ciceronis
1066 2395 1086 2428 ,
1123 2370 1213 2410 ex
1246 2347 1415 2411 libris
1458 2348 1538 2412 de
1587 2346 1748 2411 bello
1789 2347 1962 2412 civili
1982 2373 2006 2411 .·
2055 2349 2137 2414 de
2169 2371 2298 2436 qua
2333 2351 2638 2438 scaligeri

506 2455 823 2519 sententia
864 2453 1143 2518 diximus
1184 2476 1401 2542 supra.
1439 2453 1899 2534 Adjunxerunt
1929 2455 2120 2520 etiam
2155 2453 2368 2520 AEtnae
2389 2455 2638 2521 Theod.

507 2562 841 2643 Gorallus,
869 2563 1178 2626 Accarias
1216 2561 1300 2626 de
1332 2562 1665 2642 Serionne,
1719 2579 1796 2634 et·
1822 2565 2019 2628 Conr.
2055 2566 2214 2630 Arn.
2249 2563 2639 2629 Schmidius.

508 2667 975 2732 Adnotationes
1008 2668 1079 2730 in
1116 2666 1276 2731 illud
1313 2667 1748 2756 fragmentum
1782 2684 2014 2756 praeter
2045 2668 2357 2733 hactenus
2390 2691 2639 2733 memo·

505 2789 677 2838 ratos
710 2773 1138 2864 Scaligerum,
1172 2770 1729 2866 Lindenbrogium
1747 2823 1764 2857 ,
1792 2773 2125 2840 Gorallum
2143 2825 2162 2858 ,
2192 2777 2639 2864 Burmanuum

506 2879 574 2942 in
606 2878 787 2942 libris
820 2877 1168 2941 nominatis
1189 2926 1208 2960 ‚
1238 2878 1638 2965 scripserunt
1671 2877 1874 2943 Andr.
1911 2878 2250 2961 Schottus,
2283 2879 2386 2952 J0.
2408 2879 2641 2944 Schul-

509 2984 781 3074 tingius,
818 2984 917 3049 Jo.
968 2983 1141 3048 Frid.
1184 2983 1552 3050 Gronovius
1606 2983 1688 3048 ad
1736 2985 2065 3048 Suasorias
2113 2985 2408 3068 Senecae,
2453 2987 2638 3072 Casp.

510 3090 807 3154 Barthius
858 3089 1120 3154 Advers.
1154 3089 1264 3153 lib.
1306 3089 1404 3152 IX
1426 3138 1444 3171 ,
1480 3113 1536 3153 c.
1588 3091 1665 3166 14
1687 3139 1706 3171 ,
1740 3105 1806 3154 et
1837 3107 2064 3154 auctor
2112 3089 2640 3155 emendationum

511 3195 581 3257 in
631 3193 896 3259 Miscell.
927 3195 1242 3258 observat.
1282 3193 1408 3257 vol.
1445 3194 1572 3276 VI,
1599 3211 1658 3258 .t.
1685 3195 1817 3276 111,
1857 3217 2002 3284 pag.
2039 3194 2198 3278 526,
2233 3219 2390 3284 quas
2423 3213 2643 3285 postea

514 3323 585 3366 se
622 3297 836 3389 ipsu'm
864 3301 1191 3390 scripsisse
1225 3299 1553 3387 professus
1583 3316 1681 3365 est
1713 3299 1882 3364 Petr.
1911 3303 2126 3366 Burm.
2156 3324 2281 3366 sec.
2317 3302 2356 3365 l.
2385 3325 2441 3365 c.

598 3471 720 3539 ΙΙΙ.
766 3471 1050 3535 Cornelii
1079 3471 1297 3536 Severi
1324 3471 1685 3560 fragmento
1717 3471 2247 3562 subjungendum
2275 3473 2642 3560 putavimus

516 3579 589 3642 C.
625 3576 910 3641 Plancius
942 3580 1347 3642 Antinoum
1375 3580 1811 3666 fragmentum
1839 3578 1918 3641 de
1943 3580 2350 3665 namggatzbne
2379 3577 2643 3642 Germa-

516 3683 644 3746 nioi
663 3705 785 3771 per
824 3683 1145 3750 Oceanum
1182 3682 1769 3772 Septemtnbnalem.
1822 3685 1944 3748 Hic
1989 3709 2068 3749 en
2076 3685 2166 3748 im
2217 3684 2394 3750 Pedo
2435 3707 2642 3771 quum

512 3788 895 3876 jampridem
922 3790 1095 3854 inter
1132 3807 1350 3878 poetas
1380 3791 1668 3855 minores
1701 3790 2069 3856 nominatus
2107 3791 2189 3855 sit
2215 3815 2250 3856 a
2283 3791 2644 3855 collectori-

520 3895 643 3960 bus
678 3911 745 3958 et
780 3895 1139 3962 editoribus
1170 3912 1461 3960 veterum
1508 3914 1885 3985 poetarum,
1922 3920 2044 3962 nec
2079 3913 2327 3978 minen,
2361 3897 2416 3960 si
2447 3894 2642 3960 Vete-

522 4022 665 4063 rum
704 4000 1071 4064 testimonio
1112 4016 1278 4065 stare
1310 4003 1644 4084 volumus,
1685 4003 1842 4068 alios
1877 4003 2082 4084 inter,
2114 4025 2308 4092 quam
2346 4001 2642 4066 heroicos

521 4121 748 4193 poetas
778 4106 1025 4170 censeri
1052 4107 1253 4195 possit
1273 4156 1292 4189 ,
1318 4131 1451 4172 non
1484 4107 1908 4172 omittendam
1939 4109 2074 4190 ejus
2108 4108 2484 4173 memoriam
2515 4104 2642 4170 du-
