2975 4684
443 367 488 438 8
749 366 1264 438 PRAEFATIO
1321 371 1454 438 JO.
1512 369 1737 438 CHR.
1794 367 2257 440 WERNSD.

439 514 870 605 editionem,
901 539 1132 615 quum
1165 516 1561 616 praesertim
1590 515 1869 589 idoneis
1896 517 1989 588 ad
2018 513 2463 590 recensenda
2488 539 2577 586 ea

437 647 776 722 subsidiis
839 672 956 721 me
1026 652 1466 724 instructum
1516 651 1799 724 videam
1820 705 1842 734 ,
1910 675 2139 748 eaque
2196 651 2577 722 occasione

433 803 718 880 sperem
775 805 994 880 posse
1051 781 1362 880 aliquam
1431 797 1713 882 partem
1788 781 2174 856 literatum
2228 787 2577 854 Romame

431 910 680 1010 paullo
733 913 960 1011 magis
1021 911 1380 985 iuustrari.
1445 919 1615 986 Haec
1668 928 2041 1013 poemata,
2082 913 2255 1010 quia
2306 913 2575 1010 partim

428 1041 718 1116 levioris
755 1057 830 1117 et
871 1042 1132 1117 ludicri
1175 1047 1583 1144 argumenti
1632 1059 1801 1118 sunt
1816 1099 1839 1136 ‚
1868 1043 2225 1140 adjunctis
2258 1044 2573 1116 severio·

429 1171 638 1248 ribus
675 1174 1104 1275 temperabo
1127 1233 1147 1266 ,
1175 1175 1424 1249 Rutilii
1463 1179 1911 1265 Numafiani,
1940 1179 2058 1248 cui
2092 1175 2327 1248 dicata
2368 1175 2575 1265 Que-

429 1307 633 1380 rolus
661 1322 772 1380 est
789 1364 808 1400 ,
828 1310 1228 1401 ItinerariO,
1249 1325 1322 1382 et
1337 1309 1613 1382 Hosidii
1640 1313 1839 1382 Getae
1854 1308 2109 1382 Medea
2124 1363 2145 1396 ,
2162 1306 2541 1404 Tragoedia
2554 1361 2577 1392 ‚

431 1461 594 1535 quae
637 1437 936 1537 quidem
979 1466 1020 1512 e
1064 1440 1506 1512 centonibus
1538 1441 1949 1537 Virgilianis
1984 1439 2383 1538 composita
2420 1451 2572 1522 est,

429 1570 635 1667 quod
685 1596 920 1669 genus
970 1575 1310 1644 carminis
1359 1572 1530 1644 alias
1576 1573 1780 1670 parvi
1822 1569 2041 1656 facio,
2088 1569 2215 1642 sed
2272 1570 2445 1668 quia
2496 1583 2574 1640 et

425 1701 860 1798 antiquitate
895 1705 1170 1776 eminet
1192 1756 1211 1792 ‚
1241 1705 1519 1801 quippe
1556 1703 1700 1798 jam
1746 1727 1787 1774 a
1812 1701 2253 1774 Tertulliano
2292 1724 2571 1773 memo·

425 1847 580 1904 rata
599 1888 620 1922 ‚
649 1849 722 1906 et
749 1859 793 1906 a
815 1839 1032 1907 Petro
1053 1841 1478 1906 Burmanno
1515 1836 1834 1933 primum
1874 1837 2151 1931 integra
2190 1847 2299 1908 est
2341 1832 2571 1920 edita,

421 1965 756 2065 profecto
805 1971 1038 2066 repeti
1085 1970 1278 2040 inter
1319 1973 1577 2040 Poetas
1626 1969 1945 2039 minores
1992 1969 2364 2065 magisque
2404 1967 2571 2038 vul-

421 2109 576 2205 gari
609 2123 953 2180 meretur.
986 2113 1097 2180 De
1141 2109 1296 2180 aliis
1333 2107 1740 2180 minorihus
1760 2160 1779 2193 ‚
1801 2133 1935 2179 nec
1970 2106 2325 2179 dissimilis
2356 2132 2573 2206 argu-

423 2239 690 2329 menti,
731 2237 1176 2312 carminibus
1239 2237 1429 2310 forte
1500 2237 1849 2309 addendis
1914 2252 2071 2308 tum
2144 2237 2519 2336 dispiciam
2548 2297 2570 2329 ‚

423 2393 660 2468 quum
703 2370 794 2440 ad
839 2372 1068 2468 ipsam
1109 2369 1306 2440 illius
1349 2373 1531 2440 tomi
1574 2368 2123 2441 adornationem
2170 2394 2562 2443 accessero,

422 2499 648 2571 Scrib.
716 2499 1145 2570 Helmstadii
1184 2501 1259 2569 in
1316 2498 1693 2569 Academia
1746 2498 1929 2568 Julia
1982 2499 2314 2571 Carolina
2372 2525 2434 2572 a.
2490 2501 2565 2576 d.

427 2635 630 2702 XXX
665 2631 904 2701 Martii
941 2631 1580 2700 MDCCLXXXIV.
