2975 4684
886 392 992 459 IN
1055 393 1458 463 HOMERI
1528 392 1989 466 ILIADEM.
2366 396 2509 491 629

788 614 1344 682 PERIOCHA
1411 618 1557 685 XV
1624 616 2089 685 ILIADOS.

649 791 766 841 Jam
793 789 990 842 vallum
1021 792 1323 861 fossamque
1359 808 1521 864 super
1542 792 1772 863 ijana
1797 794 2049 865 juventus

650 877 949 940 Institor-at,
973 888 1138 950 capue
1165 878 1418 932 minitans
1441 878 1687 933 incendia
1711 879 1880 933 classi.

456 1019 704 1106 Jupiter
737 1042 971 1083 somno
1005 1021 1404 1111 expergituS,
1437 1020 1615 1085 videt
1642 1038 1883 1087 statum
1918 1025 2285 1088 certaminis
2313 1025 2505 1089 inno-

367 1140 586 1188 vatum
606 1174 625 1205 ‚
659 1126 940 1213 pellique
971 1126 1322 1210 Trojanos,
1373 1127 1617 1193 Graecis
1654 1150 1849 1217 opem
1883 1128 2133 1193 ferente
2167 1128 2499 1218 Neptuno,

363 1230 591 1318 Itaque
643 1252 866 1319 aspere
918 1233 951 1296 J
959 1254 1179 1295 unone
1227 1234 1553 1320 increpata
1573 1281 1591 1315 ,
1631 1249 1696 1298 et
1744 1234 2077 1298 minaciter
2114 1257 2230 1323 per
2266 1234 2504 1300 Iridem

365 1337 722 1401 conterrito
754 1337 979 1419 fratre,
1008 1338 1198 1436 jubet
1229 1338 1679 1403 auxiliatorem
1716 1339 2062 1404 desistere:
2093 1341 2231 1428 ipse
2254 1342 2501 1429 Apolli-

365 1466 515 1506 nem
551 1442 902 1509 recreando
940 1443 1194 1534 adlegat
1241 1446 1539 1526 Hectori,
1580 1461 1937 1533 monetque
1971 1470 2092 1535 pro
2135 1447 2502 1537 Phrygibus

363 1549 514 1614 belli
551 1550 908 1613 instaurare
945 1550 1292 1615 fortunam.
1319 1551 1493 1615 Tum
1526 1566 1593 1615 et
1614 1551 1770 1631 Ajax
1793 1553 2209 1617 Telamonius
2242 1568 2503 1619 strenue

362 1655 707 1742 praeliatur,
740 1672 806 1720 et
841 1656 922 1721 ab
968 1654 1200 1720 eodem
1237 1658 1535 1745 plurimis
1572 1657 1864 1723 hostium
1912 1659 2265 1726 interfectis
2283 1709 2301 1742 ,
2340 1683 2499 1725 con-

363 1759 649 1851 flagratio
689 1762 903 1826 classis
947 1778 1224 1827 arcetur.

756 1951 1304 2021 PERIOCHA
1373 1954 1565 2020 XVI
1632 1952 2102 2021 ILIADOS.

638 2136 779 2185 Dum
805 2130 922 2184 face
936 2168 952 2193 ,
980 2129 1110 2183 dum
1141 2131 1284 2183 ferro
1309 2134 1505 2184 celsam
1530 2148 1838 2203 oppugnare
1864 2132 2103 2185 carinam

541 2276 548 2281 ,
638 2220 834 2284 Troes,
863 2230 914 2271 et
936 2218 1165 2290 Argolici
1189 2231 1414 2291 pergunt
1441 2218 1727 2272 defendere
1753 2236 1917 2291 reges.

443 2361 718 2427 Achilles
755 2362 1133 2427 Graecorum
1170 2377 1412 2425 statum
1441 2363 1573 2442 jam
1610 2362 1733 2425 sub
1766 2377 2051 2426 extrema
2085 2378 2258 2425 sorte
2292 2362 2485 2427 mise-

353 2482 552 2543 ratur.
601 2470 815 2533 Armis
861 2470 994 2533 suis
1041 2468 1413 2533 Patroclum
1443 2469 1761 2556 permittit
1810 2469 2062 2533 armari.
2112 2469 2245 2551 Qui
2274 2493 2481 2557 quum

353 2573 844 2661 Myrmidonum
871 2573 1280 2663 produxisset
1313 2574 1663 2637 exercitum
1685 2622 1703 2656 ,
1731 2590 2307 2662 consternatosque
2329 2576 2490 2639 Tro-

345 2682 532 2762 janos
546 2678 808 2743 Achillis
841 2680 1052 2768 specie
1082 2678 1443 2761 fefellisset,
1471 2695 1733 2742 ruentes
1760 2702 1955 2767 supra
1978 2680 2216 2743 vallum
2234 2728 2251 2761 ,
2290 2694 2354 2741 et
2386 2682 2489 2743 in-

348 2785 554 2849 vicem
585 2784 974 2865 officientes,
1007 2807 1176 2848 caeco
1200 2806 1438 2873 pavore
1463 2804 1674 2871 usque
1706 2783 1787 2867 ad
1820 2784 2027 2871 campi
2054 2800 2273 2871 aperta
2304 2808 2485 2848 com-

349 2890 550 2978 pellit.
602 2888 850 2955 Deinde
887 2912 1271 2978 congressus
1305 2887 1745 2977 Sarpedonem
1785 2890 2078 2976 perimit,
2130 2890 2486 2977 multisque

348 2997 636 3063 hostium
676 2998 884 3079 caesis,
917 2998 1052 3084 ipse
1097 2997 1177 3060 ab
1227 2998 1507 3061 Hectore
1553 2994 1957 3076 interficitur,
1992 2996 2173 3082 prius
2213 2996 2295 3060 ab
2347 2998 2483 3061 Eu-

347 3103 606 3192 phorbo
637 3102 1028 3167 vulneratus,

709 3294 1262 3365 PERIOCHA
1333 3295 1567 3363 XVII
1634 3295 2099 3363 ILIADOS.

627 3478 929 3533 Actoridem
951 3496 1145 3531 caesum
1172 3496 1270 3530 nec
1297 3488 1376 3542 te,
1403 3476 1676 3537 Menelae,
1701 3476 1904 3530 fefellit.

431 3620 617 3707 Circa
650 3618 1110 3704 interemptum
1136 3614 1506 3679 Patroclum
1541 3636 1759 3702 pugna
1798 3614 2222 3677 contrahitur.
2251 3614 2481 3695 Quum

341 3728 408 3789 in
444 3725 694 3789 diversa
730 3722 1042 3787 exercitus
1070 3718 1579 3801 contenderent,
1606 3720 1845 3802 Graeci,
1881 3735 1954 3782 ut
1985 3740 2219 3806 corpus
2254 3719 2477 3784 defen-

341 3832 605 3907 derent,
653 3830 952 3910 Trojani‚
991 3843 1066 3891 ut
1113 3827 1196 3891 ad
1246 3826 1598 3890 ludibrium
1660 3822 1925 3891 cadaver
1974 3824 2343 3912 abriperent
2369 3877 2386 3909 ,
2434 3852 2467 3892 a

341 3939 638 4003 Menelao
666 3935 1062 4024 Euphorbus
1089 3930 1428 4013 occiditur,
1469 3949 1537 3997 et
1567 3931 1648 3995 ad
1677 3932 2175 3995 ostentationem
2209 3932 2470 4020 gloriosi

340 4044 639 4109 facinoris
690 4043 944 4107 Achillis
999 4040 1242 4104 exuviis
1309 4040 1547 4102 Hector
1606 4054 1909 4103 armatur.
1960 4034 2341 4101 Antilochus
2390 4038 2472 4103 ad

341 4150 654 4217 Achillem
671 4198 688 4231 ,
713 4148 978 4212 nuntius
1005 4144 1200 4210 cladis
1227 4160 1523 4232 acceptae,
1550 4144 1845 4251 Menelao
1878 4143 2175 4220 instante,
2192 4142 2466 4209 lestinat.
