2975 4684
537 358 672 427 322

1389 352 1801 423 INCERTI

629 478 940 575 AEquoris
975 476 1347 560 horrisoni,
1385 480 1595 543 sortis
1625 473 1764 543 fera
1795 475 1975 567 jussa
2008 474 2343 567 jubebunt
2374 502 2389 544 :

623 588 848 659 Tende.
889 586 1116 654 favens
1155 584 1464 679 glaucum
1504 610 1623 679 per
1664 584 1849 653 laevia
1888 584 2083 654 dorsa
2114 586 2569 679 p1·ofundum;

633 706 731 769 Ac
775 713 1034 768 tantum
1075 692 1362 767 tremulo
1391 696 1777 791 crispentur
1810 693 2050 763 caerula
2094 710 2315 782 motu,

631 811 975 898 Quantum
1010 803 1154 875 vela
1189 804 1445 891 ferant,
1483 819 1811 899 quantum
1843 806 2017 873 sinat
2051 806 2189 874 otia
2222 806 2457 875 remis:

627 923 776 992 Sint
809 920 1086 1001 fluctuS,
1122 914 1404 985 celerem
1442 913 1709 983 valeant
1744 916 1859 1010 qui
1895 914 2141 1009 pellere
2188 940 2477 1010 puppem
2500 970 2521 999 ‚

627 1033 817 1119 Quos
852 1050 1201 1096 numerare
1247 1024 1459 1093 libens
1504 1026 1752 1118 possim
1774 1078 1793 1111 ‚
1820 1049 1989 1119 quos
2026 1050 2297 1095 cernere
2340 1024 2564 1096 laetus:

625 1144 857 1209 Servet
891 1136 1284 1205 inoffensam
1330 1134 1610 1205 laterum
1653 1158 1806 1229 pars
1838 1134 2011 1203 linea
2056 1135 2331 1205 libram:

521 1406 756 1473 jubebunt
777 1411 1096 1472 sequeretur,
1110 1410 1161 1451 et
1169 1410 1466 1471 utrumque
1484 1398 1555 1451 ab

531 1483 777 1536 affectata
803 1479 1067 1551 elegantia
1082 1477 1242 1551 hujus
1263 1490 1426 1549 poete
1441 1496 1556 1531 ene

449 1586 458 1593 ·
535 1562 813 1615 videretur.

609 1660 689 1711 17.
711 1642 859 1690 Som's
869 1639 990 1707 sera
1007 1640 1164 1705 jussa.
1186 1636 1270 1691 Sic
1295 1636 1556 1689 Burman·

533 1740 635 1775 nus
661 1717 910 1773 emendat
936 1717 1219 1771 lectionem
1239 1714 1556 1787 ambiguam.

533 1802 664 1856 MSS
684 1814 858 1851 sortem
869 1802 1008 1867 sera.

613 1882 691 1933 18.
718 1880 1068 1946 Tendesavem
1081 1880 1343 1945 glaucum,
1366 1871 1424 1924 id
1451 1885 1559 1938 est,

535 1957 756 2015 extende
775 1999 791 2025 ,
829 1958 1050 2028 planum
1071 1956 1184 2020 fae,
1218 1954 1370 2026 placa
1394 1952 1557 2005 tumi-

535 2040 667 2094 dum
704 2036 1048 2110 profundum.
1089 2034 1192 2087 Alii
1227 2044 1390 2105 poetae
1437 2046 1559 2083 ster*-

535 2140 651 2172 πονο
684 2137 854 2184 oequor
879 2114 1081 2168 dicunt.
1098 2113 1247 2185 Virg.
1268 2110 1559 2176 AEueid.V,

535 2200 668 2251 820:
699 2192 1032 2251 «subsidunt
1053 2191 1244 2254 undae,
1271 2189 1561 2243 tumidum-

533 2298 636 2350 que
659 2277 758 2331 sub
775 2293 872 2327 axe
887 2272 1091 2326 tonanti
1107 2270 1368 2325 Sternitur
1381 2288 1561 2340 sequor

539 2357 756 2427 aquis».
743 2352 1008 2417 .Statius,
1038 2350 1164 2405 silv.
1199 2350 1311 2416 111,
1349 2367 1410 2411 3,
1444 2347 1557 2399 init.

543 2436 690 2501 -Di,
712 2432 904 2505 quibus
927 2430 1155 2483 audaces
1179 2446 1329 2481 amor
1351 2437 1430 2479 est
1445 2444 1558 2479 aer-

534 2532 657 2567 vare
703 2511 936 2575 carinas,
978 2506 1206 2560 sternite
1251 2505 1412 2558 molle
1458 2506 1561 2559 fre·

536 2607 694 2645 ιιιιιι
709 2596 910 2645 .-—Per
929 2590 1072 2640 loevae'a
1099 2591 1192 2637 dor
1167 2605 1274 2645 rsa,
1301 2604 1394 2656 per
1419 2603 1561 2640 sum-

535 2692 620 2725 ma
639 2688 876 2744 aequora,
893 2679 950 2719 ut
971 2665 1130 2718 habet
1148 2663 1332 2735 Virgil.
1353 2664 1388 2716 l.
1413 2682 1459 2717 c.
1487 2662 1563 2716 ita

533 2764 594 2804 ut
613 2751 773 2823 plana
793 2748 861 2801 sit
879 2744 1038 2798 inaris
1055 2742 1373 2815 superficies.
1390 2742 1563 2795 Groeci

531 2842 699 2903 poetae
712 2829 898 2883 dicunt
907 2830 976 2881 τὰ
991 2829 1130 2893 εὐρέα
1142 2832 1280 2879 νῶτα
1289 2824 1559 2885 θαλάσσης·

535 2924 588 2964 et
613 2910 833 2974 Statius,
850 2906 1019 2958 Theb.
1044 2906 1092 2955 V
1098 2906 1320 2973 ,369-
1253 2939 1270 2967 ,
1295 2899 1561 2955 «dorsum

535 2990 759 3063 aequoris
784 3014 806 3035 ι
835 2985 1086 3041 similiter.

615 3090 633 3120 1
645 3088 696 3137 9.
730 3070 948 3120 Tremulo
971 3068 1241 3133 crispentur
1259 3065 1440 3112 coerula
1461 3080 1564 3111 mo·

533 3166 582 3203 tu
604 3171 624 3200 .·
661 3149 937 3201 vibrentur
979 3156 1030 3196 et
1065 3142 1253 3196 leniter
1289 3138 1559 3193 fluctuent.

537 3226 802 3283 Ausonius
833 3224 888 3277 in
919 3224 1054 3277 Mos.
1077 3222 1143 3274 63
1169 3240 1184 3271 z
1215 3248 1239 3265 a
1266 3219 1426 3285 Quod
1455 3218 1562 3271 sul-

536 3319 652 3359 cata
677 3305 782 3358 levi
823 3302 1080 3374 crispatur
1113 3318 1276 3352 arena
1316 3310 1494 3351 meatu
1516 3324 1557 3350 n.

537 3384 851 3439 Dracontius
877 3382 932 3433 in
959 3381 1318 3433 Hexaemero:
1363 3404 1384 3424 ι
1417 3378 1561 3430 Mur·

534 3484 688 3519 mure
712 3460 858 3534 quod
887 3460 1027 3512 venti
1051 3458 1234 3511 ssantes
1261 3476 1393 3527 vaga
1421 3476 1559 3509 mar-

537 3563 684 3597 mora
711 3541 948 3611 crispant
971 3566 1012 3590 n.

611 3642 689 3677 20.
723 3628 970 3689 Quanam&
993 3622 1113 3669 vela
1123 3618 1328 3685 firmet,
1359 3614 1412 3666 id
1441 3626 1521 3668 αι
1538 3655 1554 3681 ,

535 3714 792 3776 quantum
829 3715 1018 3769 capere
1058 3708 1110 3749 et
1145 3694 1400 3749 sustinere
1435 3694 1555 3747 vela

533 3783 648 3835 sine
663 3780 898 3853 periculo
915 3777 1132 3849 possint.
1149 3776 1338 3827 Fateor
1357 3788 1555 3841 tamen,

533 3862 722 3917 melius
743 3859 844 3931 legi
870 3865 1116 3926 Quantum
1143 3860 1263 3907 vela
1265 3856 1428 3923 serat
1449 3853 1555 3907 hoc

533 3950 928 4013 est,quantu1n
962 3936 1083 3991 satis
1105 3936 1201 4002 ait,
1229 3934 1298 3987 ad
1318 3934 1470 3987 vela
1457 3954 1556 3986 un·

532 4018 728 4091 plenda
753 4030 806 4071 et
827 4014 1166 4089 impellenda.
1197 4046 1264 4054 —
1304 4021 1551 4083 Quantum

533 4100 668 4151 sinae
684 4101 784 4151 otia
805 4099 968 4159 remia
993 4096 1032 4149 i.
1056 4115 1099 4149 e.
1119 4105 1378 4167 quantum
1407 4094 1553 4147 suffi-

1642 1398 1775 1465 ciat,
1808 1410 1869 1451 ιιι
1900 1400 2059 1453 remis
2092 1398 2310 1455 nti.non
2340 1418 2553 1455 neeesse
2580 1401 2669 1453 sit.

1717 1498 1797 1533 33.
1828 1486 1960 1548 Quos
1992 1498 2251 1531 numerare
2280 1482 2433 1531 libens
2458 1484 2671 1548 possim,

1642 1558 1703 1611 h.
1732 1577 1777 1611 e.
1806 1558 1902 1630 qui
1928 1557 2117 1612 fluctus
2145 1571 2255 1612 tam
2282 1559 2429 1613 lenes
2458 1560 2595 1625 sint,
2614 1573 2673 1614 ut

1644 1655 1734 1690 eos
1762 1637 1872 1690 sine
1890 1650 2038 1691 metu
2064 1636 2335 1709 adspicere
2354 1656 2455 1709 per
2474 1638 2643 1692 otium
2655 1680 2673 1705 ,

1644 1727 1698 1769 et
1734 1716 1900 1769 libens
1936 1734 2219 1770 numerare
2250 1716 2477 1789 possim,
2502 1736 2673 1790 quum

1644 1794 1776 1849 alias
1802 1796 1859 1848 in
1887 1804 2194 1868 tempestate
2210 1794 2403 1849 fluctus
2425 1795 2675 1851 decuma·

1644 1876 1703 1929 ni
1726 1886 2044 1929 metuantur.
2064 1873 2220 1929 Ovid.
2236 1875 2399 1929 Trist.
2418 1876 2465 1941 1,
2486 1895 2515 1928 3
2532 1917 2549 1944 ,
2568 1885 2669 1947 49:

1646 1955 1781 2021 «Qui
1795 1955 1939 2009 venit
1959 1954 2046 2007 hic
2060 1953 2268 2021 fluctus,
2282 1954 2473 2009 fluctus
2490 1976 2675 2025 super-

1647 2034 1841 2088 eminet
1862 2052 2044 2087 omnes
2063 2071 2079 2097 ,
2106 2034 2375 2089 Posterior
2400 2054 2545 2090 nono
2572 2050 2676 2103 est,

1646 2113 2035 2185 undecimoque
2054 2113 2205 2184 prior
2218 2140 2257 2167 ο.
2284 2144 2357 2154 —-
2374 2114 2589 2169 Rectius
2604 2129 2678 2170 ta·

1646 2212 1771 2247 men
1788 2192 1892 2246 hoc
1913 2192 2160 2264 explicari
2174 2193 2398 2249 arbitror
2416 2194 2484 2249 de
2504 2194 2675 2250 flucti-

1647 2273 1774 2335 bus,
1794 2272 1886 2344 qui
1912 2284 2025 2325 tam
2046 2276 2186 2326 lente
2198 2312 2215 2339 ,
2230 2292 2391 2344 parce
2401 2314 2418 2341 ,
2434 2274 2675 2347 placide-

1650 2370 1754 2423 que
1788 2351 2106 2418 volvuntur,
2130 2364 2194 2405 ut
2218 2353 2372 2407 facile
2406 2354 2676 2408 numerari

1647 2450 1743 2503 per
1770 2448 1977 2485 moram
2004 2432 2221 2521 possint.
2256 2432 2393 2485 Nam
2420 2432 2514 2485 ubi
2539 2446 2675 2487 tem·

1648 2522 1845 2583 pestate
1872 2511 2227 2579 concitantur,
2244 2511 2334 2564 alii
2349 2512 2419 2565 ab
2436 2510 2555 2565 aliis
2577 2531 2669 2565 su·

1646 2588 2074 2661 pervenientibus
2115 2590 2414 2643 obruuntur
2432 2630 2448 2657 ,
2492 2591 2673 2663 oppri-

1648 2679 1948 2735 muntur,ut
1962 2668 2228 2721 numerari
2240 2683 2523 2741 nequeant.
2534 2670 2673 2725 Inde

1648 2747 1990 2819 proverbium
2016 2766 2029 2800 :
2040 2750 2231 2818 fluo-ms
2249 2768 2539 2813 numerare,
2560 2750 2595 2803 i.
2620 2770 2666 2804 e.

1646 2846 1764 2881 rem
1786 2828 2029 2880 inutilem
2051 2839 2105 2879 et
2120 2846 2311 2881 vanam
2332 2840 2536 2883 tentare
2562 2830 2673 2883 fru-

1646 2919 1772 2961 stra.
1806 2906 1967 2971 Quod
1994 2924 2179 2979 graves
2203 2906 2396 2961 fluctus
2416 2922 2675 2963 vocantur

1648 2990 1935 3047 decumani,
1958 3005 2067 3039 non
2084 2984 2137 3039 id
2158 3006 2191 3040 a
2213 2987 2546 3042 numerando
2562 3002 2643 3043 est
2656 3030 2671 3055 ,

1650 3064 1742 3119 sed
1776 3065 1922 3137 quod
1950 3066 2132 3119 omnia
2159 3066 2376 3138 gravia,
2398 3087 2593 3141 magna
2620 3082 2673 3122 et

1648 3146 1883 3217 perfecta
1906 3158 2162 3199 vocantur
2180 3150 2481 3199 decumana.
2506 3148 2613 3201 En.

1723 3227 1807 3279 33.
1856 3232 2081 3278 Lacennn
2120 3245 2241 3294 pars
2290 3229 2425 3279 linea
2476 3230 2671 3281 libram.

1648 3312 1766 3357 Pars
1802 3307 1936 3356 linea
1967 3304 2101 3376 quid
2134 3306 2228 3371 sit,
2254 3306 2357 3359 nisi
2383 3306 2439 3359 in
2476 3306 2675 3361 mendo

1647 3397 1727 3436 est
1744 3421 1759 3446 ,
1788 3384 1876 3436 vix
1914 3382 2065 3437 aliter
2100 3404 2317 3455 possum
2346 3385 2673 3457 intelligere,

1645 3482 1807 3535 quam
1844 3462 1912 3515 de
1940 3464 2057 3516 velo
2083 3464 2258 3530 navis,
2276 3475 2337 3516 ut
2362 3483 2547 3519 sensus
2564 3465 2633 3519 eit
2657 3484 2673 3519 z

1648 3542 1779 3596 vela
1799 3553 1850 3595 et
1866 3540 2116 3595 rudentes
2138 3561 2325 3595 navem
2346 3555 2455 3597 tam
2480 3545 2673 3615 aquali

1643 3632 1823 3675 tenore
1850 3633 1901 3673 et
1929 3622 2047 3691 pari
2072 3622 2234 3689 libra,
2263 3622 2300 3673 i.
2320 3640 2368 3675 e.
2389 3622 2675 3678 altitudine

1644 3700 1869 3753 laterum
1891 3700 2205 3771 provehant,
2227 3712 2285 3755 ut
2302 3720 2574 3775 nunquam
2594 3704 2673 3756 in·

1644 3777 1831 3844 clinet,
1878 3790 1931 3830 et
1971 3778 2110 3831 latus
2151 3777 2240 3833 det
2268 3779 2425 3834 undis
2441 3818 2457 3843 ,
2506 3794 2567 3833 ut
2592 3782 2673 3835 lo·

1644 3857 1826 3929 quitur
1844 3857 2129 3929 Virg-AEn.
2164 3860 2191 3911 1
2212 3900 2229 3927 ,
2264 3860 2379 3913 105.
2414 3891 2485 3901 —-
2522 3864 2671 3913 libna

1642 3941 1849 3988 laterum
1890 3938 2038 3990 navis
2082 3938 2151 3989 ita
2194 3936 2301 3991 dici
2336 3938 2570 4005 videtur,
2610 3954 2673 3993 ιιι

1640 4034 1807 4087 quum
1829 4028 1991 4087 poeto
2010 4015 2194 4071 dicunt
2211 4036 2335 4071 aves
2356 4020 2529 4069 librari
2542 4038 2673 4087 pen-

1642 4097 1715 4147 nis
1738 4098 1790 4147 in
1814 4116 1963 4149 auras
1980 4135 1995 4157 ‚
2042 4097 2076 4151 i.
2096 4117 2140 4150 e.
2164 4096 2357 4169 aequali
2382 4096 2670 4169 agitatione
