2975 4684
696 417 954 486 EDIT.
1007 418 1130 486 ET
1187 412 1662 486 INTERPR.
1716 411 2043 482 AETNAE.
2344 408 2433 486 33

305 546 416 611 hic
448 546 659 610 multo
685 547 900 635 plura,
933 522 1275 634 multoque
1302 543 1662 608 accuratius
1697 541 2167 630 dici'poterant.
2200 545 2441 610 Recen-

307 655 558 718 tissime
590 653 979 742 singularem
1018 673 1282 740 operam
1315 651 1470 714 huic
1513 649 1781 713 carmini
1817 647 2084 730 dicavit,
2136 665 2202 714 et
2242 652 2439 718 Corn.

307 759 529 824 Severi
557 757 825 824 AEtnam
867 759 1232 848 germanica
1269 757 1567 820 versione
1605 755 1931 819 luculente
1982 755 2441 844 interpretatus

310 879 410 929 est
442 865 816 929 Conr.Arn.
843 863 1212 927 Schmidius
1230 863 1329 945 ,V.
1358 863 1432 927 C.
1452 910 1469 944 ,
1496 859 1827 949 ediditque
1846 862 2213 952 Brunsvigae
2239 865 2404 952 1769
2422 914 2443 948 ,

309 969 478 1034 in-8.
513 970 648 1053 Qui
679 970 746 1033 in
777 969 1149 1058 praefatione
1177 991 1383 1057 quum
1416 966 1499 1032 de
1530 968 1658 1032 vita
1681 971 1753 1030 'et
1787 969 2193 1055 poematibus
2226 971 2443 1036 Severi

311 1075 626 1139 nonnulla
658 1075 955 1162 praeclare
979 1075 1239 1138 monuit
1259 1122 1276 1156 ,
1313 1088 1456 1137 tum
1494 1073 1782 1160 Opitium
1803 1121 1820 1155 ,
1859 1073 2256 1139 Germanicae
2282 1099 2443 1165 poe·

311 1201 460 1245 seos
511 1195 844 1268 parentem
869 1229 886 1263 ,
935 1181 1003 1243 in
1057 1179 1340 1244 Vesuvio
1392 1177 1716 1267 descripto
1774 1181 2182 1268 frequentem
2233 1181 2446 1247 AEtnae

311 1287 708 1351 imitatorem
740 1285 937 1369 sistit,
973 1286 1308 1372 multaque
1344 1307 1496 1349 eum
1528 1283 1680 1349 inde
1716 1284 1785 1348 in
1819 1307 2013 1350 suum
2050 1307 2216 1376 opus
2249 1302 2450 1352 trans·

311 1391 538 1456 tulisse
560 1439 578 1472 ,
638 1391 1022 1478 comparatis
1083 1390 1295 1454 Latini
1349 1406 1416 1454 et
1463 1389 1831 1455 Germanici
1894 1392 2195 1456 carminis
2252 1395 2446 1478 IociS,

309 1496 620 1563 ostendit.
663 1497 892 1561 Versio
944 1497 1327 1562 Germanica
1369 1495 1851 1580 difficillimum,
1898 1499 2248 1588 multisque
2289 1502 2447 1566 locis

309 1605 608 1669 obscuris
660 1619 725 1668 et
775 1603 1096 1691 corruptis
1136 1602 1558 1692 impeditum,
1598 1625 1856 1666 carmen
1878 1652 1897 1686 ,
1942 1603 2255 1694 intricatis
2312 1605 2447 1686 ejus

310 1710 612 1774 sensibus
651 1709 876 1774 dextre
915 1709 1304 1798 explicandis
1329 1758 1346 1792 ,
1395 1709 1648 1798 egregie
1681 1711 2049 1792 collustrat,
2084 1728 2192 1794 ut,
2224 1713 2276 1775 si
2308 1713 2449 1776 viro

309 1815 692 1880 doctissimo
725 1815 1068 1903 placuisset
1093 1815 1216 1903 ipsi
1254 1830 1430 1879 texto
1467 1816 1782 1903 poematis
1820 1815 2191 1903 castigando
2224 1839 2447 1880 curam

309 1923 601 1987 criticam
643 1920 988 2004 adhibere,
1025 1944 1146 1986 nec
1195 1921 1260 1984 in
1308 1919 1443 1984 sola
1484 1919 1725 1985 Goralli
1764 1922 2142 1984 recensione
2178 1921 2449 2010 adquie-

309 2049 528 2112 scere,
577 2049 930 2117 permagno
951 2067 978 2110 ,2
1010 2027 1264 2091 credam
1284 2075 1303 2109 ,
1345 2025 1661 2091 beneficio
1706 2027 1886 2090 hunc
1934 2042 2194 2113 poetam
2239 2027 2321 2091 ab
2368 2050 2446 2092 eo

310 2135 581 2198 mactari
617 2133 932 2222 potuisse.
988 2134 1306 2199 Praeterea
1339 2135 1408 2197 in
1449 2133 1845 2197 collectione
1888 2131 2254 2197 Pisaurensi
2301 2157 2447 2197 om-

311 2240 500 2304 nium
559 2256 973 2328 poematum,
1032 2240 1395 2304 carminum
1419 2287 1437 2321 ,
1489 2239 2003 2329 fragmentorum
2068 2239 2447 2303 Latinorum

311 2346 596 2408 Cornelii
633 2345 850 2409 Sereri
879 2345 1076 2410 AEtna
1107 2344 1452 2410 exhibetur
1479 2363 1659 2408 tomo
1688 2345 1801 2426 lv,
1840 2345 1954 2432 qui
1991 2329 2241 2409 Pisauri
2272 2368 2447 2412 anno

318 2451 490 2536 1766
519 2451 796 2538 prodiit,
835 2466 1030 2538 atque
1080 2449 1374 2514 ethnicos
1421 2467 1643 2540 poetas
1692 2450 1980 2514 minores
2032 2467 2097 2513 et
2141 2451 2449 2516 minimos

311 2555 610 2620 continet
629 2605 647 2636 ,
683 2579 828 2644 pag.
857 2559 940 2634 24
961 2604 978 2638 ,
1018 2554 1406 2644 videturque
1437 2577 1515 2619 ex
1552 2555 1786 2620 Pithoei
1824 2554 2107 2620 editione
2131 2579 2448 2646 expressa.

313 2661 956 2726 Commentatoribus
993 2679 1060 2726 et
1102 2661 1565 2750 interpretibus
1602 2661 1816 2728 AEtnae
1859 2678 2093 2750 praeter
2134 2663 2449 2729 hactenus

309 2783 707 2832 memoratos
757 2766 1192 2832 accensendus
1243 2784 1342 2833 est
1387 2769 1573 2856 Casp.
1620 2767 1919 2832 Bai-thius
1940 2815 1959 2850 ,
2020 2768 2134 2856 qui
2178 2767 2448 2836 Advers.

310 2872 484 2937 libro
502 2872 725 2954 XVII,
764 2871 798 2936 5
817 2922 834 2955 ,
861 2871 1073 2938 XLIX
1091 2921 1108 2954 ,
1148 2873 1222 2954 6,
1253 2871 1455 2937 multa
1485 2870 1683 2953 hujus
1711 2875 2023 2961 poematis
2057 2873 2199 2937 loca
2230 2897 2452 2939 emen·-

311 2977 428 3043 dat
461 2993 528 3042 et
573 2977 868 3043 illustrat.
915 2979 1244 3068 Insignem
1283 2977 1571 3058 ejusdem
1615 2979 1833 3044 locum
1879 3000 1916 3043 a
1957 3001 2153 3046 versu
2196 2979 2320 3043 302
2368 2980 2451 3045 ad

313 3083 448 3150 310
491 3107 529 3147 a
567 3085 864 3172 pluribus
913 3082 1162 3148 mendis
1199 3084 1430 3149 liberat
1473 3101 1538 3148 et
1579 3083 1946 3174 diligentius
1988 3083 2453 3174 interpretatur

307 3189 413 3255 Jo.
453 3187 628 3253 Frid.
669 3188 1054 3276 Gronovius·
1075 3189 1144 3252 in
1187 3189 1392 3278 Epist.
1430 3188 1513 3253 ad
1544 3189 1687 3254 Nic.
1719 3189 2090 3270 Heinsium,
2136 3206 2319 3256 tomo
2353 3194 2451 3258 III

311 3296 559 3386 Syllog.
589 3297 812 3360 Burm.
841 3318 986 3384 pag.
1018 3299 1122 3384 74.
1161 3297 1533 3361 Nonnullos
1570 3297 1761 3361 etiam
1794 3299 1969 3361 locos
2007 3295 2221 3363 AEtnae
2260 3301 2451 3364 casti-

313 3401 490 3490 gavit
537 3401 736 3465 Ianus
763 3401 999 3464 Vlitius
1035 3402 1101 3464 in
1146 3401 1512 3466 Comment.
1559 3400 1641 3466 ad
1685 3403 1889 3466 Gratii
1928 3402 2169 3493 Cyneg.
2216 3403 2454 3469 Nostra

315 3508 634 3572 memoria
673 3507 751 3572 ad
792 3529 1052 3572 carmen
1090 3507 1252 3572 illud
1291 3507 1747 3572 excutiendum
1777 3509 2073 3592 accessit,
2110 3524 2177 3573 et
2208 3509 2451 3575 Goralli

314 3613 599 3676 maxime
656 3612 1220 3701 interpretationes
1275 3613 1528 3677 vocavit
1584 3613 1707 3676 sub
1755 3636 2023 3678 examen
2068 3611 2246 3678 Frid.
2296 3616 2451 3680 Otto

313 3718 748 3785 Menckenius
779 3719 849 3782 in
887 3719 1311 3783 Miscellaneis
1348 3720 1519 3807 Lips.
1554 3720 1739 3784 novis
1758 3770 1776 3802 ,
1809 3721 2049 3785 volum.
2072 3719 2153 3798 V,
2175 3735 2355 3808 parte
2386 3721 2453 3804 I,

317 3849 505 3889 num.
529 3823 688 3888 VIII
713 3873 730 3904 ,
769 3841 834 3888 et
863 3841 1045 3912 parte
1077 3823 1142 3888 II
1165 3872 1182 3906 ,
1223 3846 1402 3889 num.
1424 3823 1514 3888 VI
1535 3874 1552 3908 ,
1596 3825 1835 3913 quibus
1868 3825 2025 3890 locis
2071 3825 2146 3888 P.
2190 3807 2465 3890 Cornelii

317 3932 538 3996 Severi
559 3930 638 3992 de
663 3933 867 3992 AEtna
897 3927 1150 3994 carme'n
1184 3953 1227 3992 a
1247 3933 1641 4020 praeposteris
1670 3931 1723 3995 J
1716 3933 1939 3994 oannis
1984 3929 2213 3995 Clerici
2246 3932 2457 4021 conje-

317 4041 519 4100 cturis
548 4033 937 4101 vindicatur.
976 4035 1297 4099 Antonius
1329 4035 1408 4098 de
1439 4038 1632 4126 Rooy‚
1682 4035 2181 4126 Gymnasiarcha
2218 4038 2456 4101 Sneca-

320 4165 483 4222 nus,
509 4164 685 4204 anno
725 4141 922 4227 1764,
945 4139 1216 4218 Traiecti
1244 4139 1325 4204 ad
1362 4143 1573 4206 Rhen.
1614 4143 1819 4206 forma
1856 4157 2075 4206 octava
2110 4142 2459 4230 publicavit

2076 4248 2149 4316 3.
