2975 4684
481 356 624 442 446
1235 357 1784 427 Excunsus
1842 359 1874 424 1

478 479 859 544 celebratam
907 499 1064 542 esse.
1117 479 1386 548 Constat
1431 478 1667 565 Imper.
1703 478 2205 542 Constantinum
2252 501 2371 566 per
2420 503 2620 544 omne

479 581 623 643 vitae
678 577 954 666 spatium
1011 577 1334 665 singulare
1381 577 1705 666 Apollinis
1754 578 2048 644 studium
2083 603 2215 669 prae
2254 603 2323 644 se
2357 582 2618 665 tulisse,

478 703 630 746 cum
671 701 879 767 eoque
921 678 1058 742 fere
1096 679 1338 744 Christi
1384 679 1635 750 cultum
1676 681 2027 754 miscuisse.
2069 682 2203 763 Qui
2228 698 2615 748 caeterorum

476 797 716 849 statuas
750 782 1046 845 Deorum
1088 780 1414 844 evertebat
1431 829 1449 862 ,
1485 781 1721 854 multas
1754 781 1859 844 ille
1890 783 2207 869 Apollinis
2239 799 2480 850 statuas
2512 789 2617 850 vel

474 881 762 971 tripodes
779 882 1346 971 Constantinopoli
1370 882 1438 945 in
1461 881 1899 970 hippodromo
1917 884 2158 971 posuit,
2182 900 2257 948 ut
2270 885 2613 968 Eusebius,

473 985 872 1050 Sozomenus
929 999 995 1050 et
1053 983 1350 1048 Zosimus
1399 981 1663 1047 diversis
1717 983 1875 1048 locis
1930 983 2234 1066 tradunt,
2275 1009 2354 1052 ex
2400 989 2613 1076 iisque

475 1086 724 1151 notavit
767 1085 1020 1172 Gyllius
1061 1085 1126 1146 in
1162 1085 1447 1173 Topogr.
1496 1084 1993 1172 Constantinop.
2030 1086 2140 1150 lib.
2177 1086 2278 1151 ΙΙΙ
2304 1135 2323 1168 ,
2356 1109 2497 1175 cap.
2546 1089 2610 1153 3.

469 1188 774 1275 Inprimis
827 1185 1256 1250 memorabilis
1312 1201 1521 1250 statua
1563 1185 1879 1274 Apollinis
1930 1202 2061 1268 est,
2103 1210 2302 1275 quam
2357 1211 2435 1254 ex
2483 1213 2611 1254 aere

473 1289 702 1354 factam
720 1337 738 1368 ,
775 1286 1046 1373 antiquo
1097 1303 1161 1350 et
1209 1284 1571 1350 admirabili
1620 1309 1817 1374 opere
1833 1334 1851 1367 ,
1896 1302 1961 1350 et
2010 1309 2090 1350 ex
2136 1288 2261 1354 Ilio
2310 1289 2610 1381 Phrygiae

474 1390 872 1468 translatam,
899 1411 1088 1475 supra
1133 1386 1503 1452 columnam
1546 1387 1897 1452 rotundam
1939 1387 2383 1475 porphyretici
2428 1411 2607 1453 mar-

469 1492 703 1572 moris,
741 1513 886 1578 quae
923 1488 1215 1577 plurimis
1245 1489 1502 1554 circulis
1527 1488 1629 1551 vel
1655 1488 1837 1550 zonis
1868 1487 2166 1552 laureatis
2196 1489 2405 1552 cincta
2429 1507 2605 1572 erat,

465 1591 839 1671 collocavit,
865 1604 932 1653 et
961 1611 1154 1652 suum
1187 1589 1278 1652 illi
1315 1611 1556 1653 nomen
1592 1587 1863 1665 indidit,
1892 1604 1957 1652 et
1987 1589 2178 1677 capiti
2216 1589 2355 1668 ejus
2390 1590 2606 1655 clavos

464 1692 780 1781 quosdam
803 1739 820 1772 ‚
848 1691 1032 1778 quasi
1062 1689 1275 1757 radios
1292 1739 1309 1772 ,
1336 1691 1647 1772 inseruit,
1671 1691 1785 1778 qui
1814 1713 2048 1778 corpus
2078 1692 2344 1756 Domini
2378 1693 2605 1756 saluti-

463 1793 614 1861 ferae
644 1793 820 1861 cruci
855 1790 1224 1856 affixissent.
1257 1791 1454 1856 Vides
1503 1793 1685 1879 quasi
1727 1792 2279 1858 combinationem
2316 1793 2603 1882 aliquam

461 1895 699 1960 Christi
729 1911 794 1960 et
815 1894 1152 1981 Apollinis.
1179 1893 1372 1957 Plura
1395 1892 1476 1958 de
1504 1915 1577 1958 ea
1602 1894 1908 1957 columna
1937 1916 2015 1957 ex
2044 1894 2341 1960 Cedreno
2372 1913 2438 1960 et
2470 1897 2601 1961 Zo-

463 2019 614 2060 nara
645 1996 910 2063 tradunt
936 1995 1182 2082 Gyllius
1208 1995 1273 2057 in
1296 1995 1585 2083 Topogr.
1611 1995 1945 2058 Constant.
1976 1995 2016 2057 l.
2047 2017 2103 2058 c.
2132 2011 2197 2059 et
2220 1997 2599 2062 Pancirolus

457 2101 525 2164 in
554 2102 920 2164 Comment.
945 2096 1027 2161 ad
1049 2094 1348 2182 descript.
1375 2096 1555 2159 urbis
1577 2095 2072 2182 Constantinop.
2097 2096 2249 2159 Non
2272 2097 2597 2160 minorem

457 2201 561 2266 ille
592 2201 912 2265 honorem
945 2198 1200 2284 Sibyllae
1218 2245 1236 2276 ,
1258 2195 1388 2260 vati
1415 2195 1761 2284 Apollinis,
1788 2196 2050 2277 habuit,
2081 2195 2267 2275 cujus
2294 2191 2597 2262 vaticinia

456 2301 539 2369 de
549 2303 831 2376 Christo,
845 2299 1270 2387 inprimisque
1289 2296 1469 2378 illud,
1483 2295 1665 2385 quod
1674 2298 2017 2387 Virgilium
2042 2315 2231 2387 putat
2249 2299 2485 2389 Ecloga
2500 2301 2597 2364 IV

453 2404 862 2490 complexum
892 2423 1062 2480 esse,
1089 2399 1349 2487 copiose
1375 2397 1595 2465 laudat
1621 2398 1689 2462 in
1721 2399 1899 2464 Orat.
1929 2398 2013 2463 ad
2039 2400 2429 2476 Sanctorum
2460 2422 2592 2464 coe-

453 2520 618 2584 mm,
629 2520 772 2567 tum
789 2523 943 2568 vero
963 2523 1104 2568 eam
1117 2499 1519 2564 memorabili
1536 2500 1606 2564 in
1626 2498 2042 2587 nummo‚qui
2060 2498 2593 2564 Constantiniana

451 2604 720 2693 Daphne
744 2601 1142 2681 inscribitur,
1167 2600 1398 2665 habitu
1423 2600 1727 2664 Victoriae
1743 2648 1761 2680 ,
1790 2623 1943 2666 cum
1982 2600 2165 2665 lauro
2208 2617 2274 2664 et
2312 2617 2589 2690 tropaeo,

449 2727 814 2794 expressam
830 2704 1067 2792 signari
1093 2703 1360 2784 curavit,
1384 2719 1462 2766 ut
1481 2701 1865 2766 memoriam
1884 2702 2005 2765 visi
2030 2723 2223 2790 supra
2248 2704 2589 2770 memorati

449 2822 886 2886 conservaret,
917 2827 1052 2894 quo
1067 2804 1370 2884 Victoria,
1395 2803 1759 2890 Apollinem
1792 2803 2099 2866 comitata
2117 2850 2135 2884 ,
2168 2823 2552 2892 apparuerat
2568 2853 2589 2885 ,

449 2931 759 2976 coronam
791 2907 1076 2971 lauream
1122 2903 1404 2974 offerens
1421 2951 1440 2986 ,
1493 2927 1689 2992 quam
1736 2903 1843 2968 ille
1880 2903 2139 2968 videtur
2180 2927 2302 2992 pro
2344 2905 2587 2994 Sibylla

448 3012 726 3100 Daphne
745 3009 1071 3074 habuisse.
1097 3009 1319 3074 Exstat
1349 3007 1453 3070 ille
1486 3028 1799 3069 nummus
1822 3005 1999 3093 apud
2019 3006 2343 3088 Patinum,
2361 3007 2584 3095 Impe-

445 3131 561 3205 rat.
603 3117 880 3178 Roman.
921 3110 1246 3176 Numism.
1292 3131 1372 3174 ex
1411 3131 1535 3172 aere
1580 3107 1799 3173 medio
1837 3123 1903 3172 et
1945 3107 2103 3171 min.
2136 3130 2280 3196 pag.
2310 3109 2470 3186 466,
2516 3127 2585 3174 et

440 3215 511 3278 L.
547 3217 894 3302 Begerum,
922 3212 1116 3276 Thes.
1144 3209 1507 3278 Brandenb.
1536 3225 1583 3274 t.
1622 3209 1689 3282 11
1708 3257 1726 3289 ,
1770 3231 1835 3296 p.
1875 3207 2025 3284 803.
2048 3208 2175 3284 Sed
2206 3209 2577 3276 uberiorem

441 3315 580 3394 ejus
635 3313 1124 3400 explicationem
1175 3312 1312 3378 h'aec
1361 3311 1825 3380 dissertationis
1876 3311 2174 3398 angustia
2223 3327 2419 3398 atque
2469 3313 2579 3380 hic

439 3417 624 3485 locus
657 3435 794 3478 non
826 3413 1015 3499 capit.
1050 3414 1283 3478 Honor
1311 3412 1431 3476 iste
1457 3412 1744 3499 Apollini
1780 3411 2074 3491 habituS,
2104 3413 2217 3499 qui
2251 3414 2577 3481 Constan-

437 3517 580 3580 tino
623 3513 951 3583 ferebatur
979 3513 1311 3578 victoriam
1359 3529 1424 3577 et
1467 3513 1821 3601 imperium,
1856 3512 2221 3601 praedixisse
2242 3563 2261 3594 ,
2294 3531 2358 3579 et
2386 3515 2576 3596 adju-

438 3615 742 3680 vantibus
773 3613 1028 3701 Sibyllae
1059 3615 1333 3678 oraculis
1366 3614 1583 3702 ipsum
1610 3614 1670 3677 ei
1698 3614 2035 3678 Christum
2063 3613 2574 3699 demonstrasse,

442 3717 614 3783 haud
653 3716 852 3781 dubie
879 3717 1093 3804 plures
1131 3716 1451 3803 permovit
1469 3716 1769 3781 Ecclesiae
1802 3716 2103 3781 doctores
2119 3765 2139 3798 ,
2163 3733 2238 3780 ut
2259 3717 2576 3806 Apollinis

435 3821 616 3884 cultu
655 3819 824 3883 inter
859 3833 1082 3907 gentes
1119 3817 1442 3882 celebrato
1475 3817 1814 3883 crederent
1845 3816 2195 3907 aliquando
2220 3835 2574 3884 venturum

433 3921 610 3986 orbis
632 3921 1038 4000 servatorem
1065 3917 1531 4010 significatum:
1558 3937 1623 3986 et
1636 3942 1877 4009 paucos
1896 3919 1980 3984 ab
1998 3943 2135 3986 aevo
2157 3923 2572 3988 Constantini

429 4023 628 4085 fuisse
655 4022 954 4100 arbitror,
979 4021 1093 4109 qui
1113 4043 1248 4085 non
1275 4021 1515 4110 Ecloga
1533 4021 1622 4085 IV
1649 4021 1896 4110 Virgilii
1914 4069 1933 4102 ,
1957 4036 2287 4110 tamquam
2315 4021 2571 4110 Sibyllae

432 4123 691 4185 oraculo
709 4169 726 4202 ,
769 4137 1075 4208 putarent
1123 4121 1474 4186 adventum
1520 4136 1713 4208 atque
1776 4119 2064 4185 officium
2114 4121 2356 4185 Christi
2398 4123 2566 4186 cele-
