2975 4684
497 369 631 440 532

1347 335 1763 426 'INCERTI

591 494 766 561 Cum
807 484 1294 581 quinquaginta
1331 493 1630 548 materna
1666 500 1789 571 per
1822 498 2089 569 aequora
2134 487 2376 543 vectus.

593 594 958 670 Thessalici
987 594 1268 688 juvenes
1305 589 1681 683 Phidippus
1725 600 1791 654 et
1824 584 2165 680 Antiphus
2208 585 2423 666 ibant,

591 709 876 803 Altaque
920 721 1020 775 ter
1054 703 1241 772 denis
1277 699 1620 770 sulcarunt
1658 723 1927 792 aequora
1964 697 2217 792 proris:

591 822 677 889 Et
713 817 930 887 tribus
970 811 1343 906 adsumptis
1381 809 1637 879 ratibus
1674 822 1851 878 secat
1884 831 2151 902 aequora
2178 808 2453 892 Nireus,

591 928 1150 1024 Tlepolemusque
1187 946 1428 992 novem
1465 918 1807 1005 Rhodius»,
1841 942 2010 1013 quos
2048 917 2302 986 viribus
2342 941 2495 988 acer
2562 933 2645 986 ¹9⁵

595 1039 914 1110 Eumelus
955 1035 1279 1132 sequitur,
1318 1033 1541 1102 minus
1581 1055 1715 1101 una
1758 1055 1927 1099 nave
1968 1029 2329 1124 profectus.

494 1253 562 1307 G.
603 1273 631 1307 2
669 1251 797 1324 legit
835 1253 1037 1302 Graium
1079 1249 1230 1298 dms
1267 1248 1521 1298 comitator

499 1337 626 1388 Aeln.
653 1335 718 1384 A.
749 1335 898 1382 durus
927 1330 1203 1380 comitatur.

575 1431 693 1481 ¹9²·
718 1412 976 1478 Phidippus
1001 1421 1050 1459 et
1069 1408 1311 1474 Antiphus
1338 1402 1529 1475 scripsi

499 1513 563 1548 ex
601 1490 820 1545 Homeri
864 1487 1025 1542 Iliad.
1055 1488 1146 1552 11,
1187 1486 1322 1556 678,
1360 1502 1529 1555 quum

497 1573 720 1644 vulgato
765 1570 1023 1623 haberent
1068 1569 1303 1636 Pedippus
1343 1577 1392 1616 ee
1430 1569 1533 1615 An-

498 1657 538 1705 ti
569 1673 644 1706 us.

527 1675 693 1802 P193.
715 1734 978 1782 Pulsamne
993 1747 1198 1795 oequora
1219 1726 1284 1779 G.
1308 1745 1354 1779 2.

575 1820 696 1880 194.
723 1813 918 1862 naribus
935 1822 1074 1860 secat
1092 1826 1296 1874 oequora
1315 1811 1497 1857 Teucer·
1512 1823 1530 1854 .·

505 1893 579 1947 sic
614 1890 822 1962 vulgati
861 1900 912 1941 et
950 1887 1144 1959 scripti.
1185 1885 1290 1940 Sed
1319 1882 1533 1938 doctiss.

501 1971 825 2025 Bondamius
839 2007 856 2032 ,
876 1969 1004 2020 Var.
1024 1969 1166 2020 Lect.
1187 1984 1240 2038 p.
1264 1972 1384 2033 147,
1408 1981 1535 2016 con-

501 2050 667 2105 tendit
682 2090 698 2116 ,
723 2049 779 2101 in
794 2047 990 2100 Teucri
1017 2045 1196 2099 locum
1217 2043 1537 2096 substituen-

502 2129 634 2185 dum
662 2147 774 2182 esse
793 2132 1019 2188 Nireum,
1050 2143 1208 2198 quem
1235 2123 1501 2176 Homerus
1518 2158 1535 2186 ‚

505 2211 562 2263 11
582 2252 597 2275 ,
639 2211 767 2278 671,
795 2219 905 2260 tres
931 2217 1138 2260 tantum
1173 2221 1336 2257 naves
1368 2201 1539 2256 addu-

505 2289 645 2342 xisse
691 2296 900 2352 narrat,
948 2296 999 2337 et
1037 2283 1259 2348 Noster,
1290 2282 1391 2336 nisi
1433 2280 1539 2334 hoc

504 2369 624 2422 loco
671 2365 1065 2427 nominaverit,
1104 2363 1260 2434 plane
1301 2361 1540 2415 omisisse

508 2447 802 2502 censendus
847 2453 943 2497 est.
1004 2443 1329 2497 Sententiam
1386 2461 1537 2494 suam

507 2527 591 2582 his
613 2539 864 2599 proterea
882 2521 1178 2576 rationibus
1200 2522 1370 2587 fulcit,
1390 2521 1540 2594 quod

509 2628 617 2662 non
672 2605 842 2659 solum
892 2603 1156 2654 Homerus
1197 2601 1251 2653 in
1298 2602 1541 2672 catalogo

511 2708 608 2743 suo
643 2683 840 2738 Teucri
871 2682 1032 2755 hujus
1074 2680 1316 2752 nuspiam
1357 2681 1543 2733 memi-

511 2768 620 2832 nit,
657 2763 750 2818 sed
774 2763 990 2815 fratrem
1013 2763 1126 2833 ejus
1152 2761 1369 2834 Ajacem
1385 2759 1543 2814 Tela-

513 2847 755 2901 monium
792 2839 1076 2894 duodecim
1112 2857 1274 2892 naves
1313 2838 1382 2890 ad
1407 2839 1542 2892 Tro-

506 2932 616 3000 jam
671 2923 882 2977 duxisse
940 2930 1123 2972 narrat
1149 2956 1164 2983 ,
1204 2938 1440 2990 quocum
1492 2929 1545 2972 et

510 3009 702 3061 Noster
729 3000 982 3055 convenit
1012 3017 1170 3052 versu
1195 3005 1329 3066 ²043
1368 2998 1460 3052 sed
1493 3011 1547 3052 et

514 3087 603 3142 alii
649 3083 959 3155 scriptores,
1001 3091 1061 3131 ut
1101 3079 1309 3151 Dictys,
1345 3079 1435 3132 lib.
1478 3081 1506 3132 1
1523 3115 1541 3143 ‚

517 3185 635 3238 cap.
662 3164 724 3217 13
745 3174 796 3214 et
824 3179 882 3230 17
905 3161 1120 3231 Ajacem
1149 3158 1424 3212 ductorem
1449 3179 1546 3211 na-

515 3247 658 3300 vium
717 3241 916 3294 faciunt
939 3279 956 3306 ‚
1004 3239 1274 3292 Teucrum
1325 3238 1545 3292 fratrem

513 3329 629 3398 ejus
643 3320 892 3376 comitem
910 3329 962 3370 et
978 3318 1186 3370 socium
1205 3319 1364 3372 fuisse
1379 3319 1545 3373 aiunt.

513 3405 668 3460 Chre
704 3401 868 3454 Dares
907 3398 1101 3470 Phryg.
1138 3418 1183 3451 c.
1231 3405 1330 3462 14:
1376 3400 1547 3471 «Ajax

515 3481 860 3539 Telamonius
915 3497 980 3531 ex
1020 3475 1283 3530 Salamine
1325 3477 1547 3533 adduxit

513 3582 697 3618 secum
744 3561 1016 3612 Teucrum
1081 3558 1297 3609 fratrem
1333 3584 1379 3611 D.
1435 3559 1546 3632 Hy.

515 3644 672 3719 ginus
697 3639 910 3714 quidem
927 3681 942 3706 ,
970 3637 1078 3691 fab.
1101 3656 1187 3707 97,
1213 3639 1428 3711 Ajacem
1445 3639 1547 3690 Te-

511 3727 635 3778 lam.
656 3739 819 3774 naves
831 3736 939 3778 χιι,
961 3730 1015 3771 et
1033 3717 1300 3770 Teucrum
1328 3718 1545 3772 fratrem

510 3803 734 3859 totidem
761 3799 1035 3854 adduxisse
1057 3799 1150 3852 ait.
1178 3797 1283 3852 Sed
1305 3795 1544 3853 diversus

513 3887 584 3938 ab
615 3883 718 3936 hoc
747 3899 1001 3935 numerus
1033 3877 1249 3932 navium
1290 3893 1392 3946 est,
1410 3898 1542 3950 quas

511 3964 722 4017 Teucro
752 3960 900 4033 apud
938 3962 1192 4014 Nostrum
1230 3957 1445 4032 vulgata
1471 3959 1543 4012 le·

513 4043 621 4094 ctio
677 4041 861 4092 tribuit
895 4059 908 4094 :
965 4051 1071 4092 tres
1125 4048 1332 4090 tantum
1381 4059 1542 4094 naves

513 4117 723 4172 duxisse
772 4117 972 4170 dicitur
993 4135 1010 4182 3
1058 4117 1202 4190 apud
1245 4119 1541 4173 Homerum

1609 1262 1737 1298 vero
1763 1244 1865 1299 soli
1891 1244 2052 1298 Nireo
2076 1255 2183 1298 tres
2208 1261 2373 1297 naves
2396 1242 2651 1296 tribuun-

1612 1337 1717 1392 tur,
1740 1335 1791 1378 et
1816 1323 1905 1378 hic
1924 1324 2071 1377 solus
2103 1323 2172 1375 ab
2202 1323 2553 1396 epitomatore
2578 1323 2651 1376 si-

1614 1403 1774 1468 letur,
1798 1403 1903 1458 nisi
1930 1404 2051 1457 loco
2066 1403 2259 1457 Teucri
2280 1401 2651 1458 nominandus

1612 1483 1701 1536 sit.
1741 1485 1915 1554 Atque
1952 1481 2051 1536 has
2086 1484 2317 1536 rationes
2354 1483 2491 1536 tanti
2532 1500 2653 1535 esse

1612 1563 1771 1616 video
1786 1600 1801 1626 ,
1838 1574 1897 1615 ut
1917 1563 2030 1615 sine
2054 1562 2494 1634 tergiversatione
2514 1562 2653 1616 scri·

1615 1641 1853 1696 bendum
1874 1653 2059 1714 putem
2082 1661 2097 1695 2
2123 1643 2215 1696 «Et
2240 1645 2409 1696 tribus
2432 1641 2655 1696 adsum-

1614 1721 1718 1794 ptis
1752 1723 1956 1776 ratibus
1988 1735 2128 1776 secat
2151 1742 2365 1796 equora
2392 1723 2585 1776 Nireus
2602 1750 2651 1774 ιι.

1615 1801 1866 1875 Suspicor
1880 1801 2035 1856 etiam
2064 1807 2119 1858 τὸ
2138 1805 2409 1871 adsumptis
2430 1803 2655 1856 mendo-

1618 1900 1735 1934 sum
1768 1899 1914 1948 esse,
1944 1894 1997 1946 et
2034 1882 2371 1941 scribendum
2406 1887 2474 1934 Ee
2496 1886 2653 1934 trihu

1618 1981 1686 2012 ex
1704 1965 1847 2026 &me
1866 1963 2066 2013 ratibus.
2090 1962 2229 2014 Nam
2248 1961 2456 2034 Dictys,
2472 1963 2525 2026 1,
2552 1980 2615 2031 17
2630 1980 2649 2014 ε

1630 2065 1654 2086 ι
1670 2039 1861 2092 Nireus
1884 2059 1945 2092 ex
1970 2041 2129 2112 Syme
2148 2051 2282 2104 tres,
2316 2039 2576 2094 Podarces
2596 2051 2656 2094 et

1621 2120 1942 2174 Protesilaus
1970 2139 2033 2173 ex
2053 2119 2288 2192 Phylace
2312 2139 2471 2173 naves
2488 2138 2561 2174 Π.
2578 2147 2625 2172 n.

1697 2199 1812 2266 195.
1838 2200 2039 2252 Omnes
2074 2200 2293 2273 quidem
2326 2200 2451 2254 libri
2486 2199 2649 2254 dede—

1607 2291 1749 2331 runt
1774 2281 2183 2348 ffi'ptolemusque
2204 2301 2373 2334 novem
2398 2285 2649 2344 Rhodius,

1624 2369 1675 2411 et
1703 2357 1772 2411 G.
1814 2378 1841 2412 2
1882 2357 2044 2413 habet
2082 2381 2252 2413 novem
2286 2363 2470 2412 ratibus
2508 2381 2651 2429 quos.

1621 2435 1727 2490 Sed
1751 2441 2049 2506 Tlepolemus
2068 2439 2350 2512 legendum
2372 2459 2484 2493 esse
2504 2483 2519 2508 ,
2532 2441 2655 2512 jam

1622 2517 1869 2571 Barthius
1894 2518 2025 2571 vidit
2050 2519 2087 2571 l.
2118 2537 2166 2572 c.
2196 2539 2249 2592 p.
2281 2520 2417 2592 2754
2444 2562 2461 2586 ,
2486 2539 2653 2592 quem

1623 2596 1887 2650 Homerus
1924 2599 2007 2663 11,
2032 2598 2168 2666 653,
2194 2599 2325 2654 dicit
2360 2621 2425 2654 ex
2464 2601 2657 2656 Rhodo

1623 2697 1817 2732 novem
1840 2697 1999 2732 naves
2024 2678 2328 2734 adduxisse.
2344 2683 2527 2755 Dictys
2554 2683 2655 2736 Lc.

1629 2762 1927 2826 Tlepolemus
1946 2779 2014 2811 ea·
2032 2763 2202 2812 modo
2220 2765 2433 2830 aliisque
2446 2766 2651 2825 insulis,

1626 2859 1738 2906 quoe
1775 2841 1908 2892 circa
1949 2859 2059 2891 eam
2100 2856 2273 2902 erant,
2303 2857 2409 2893 oceo
2450 2847 2659 2896 navibus

1625 2921 1780 2971 venie.
1798 2920 1960 2972 Dares
1990 2919 2183 2992 Phryg.
2216 2941 2261 2974 c.
2296 2930 2389 2988 14:
2414 2949 2441 2968 ι
2457 2923 2661 2995 Tlepo·

1626 3000 1796 3054 lemus
1832 3018 1902 3054 ex
1936 2999 2121 3054 Rhodo
2162 3001 2389 3057 navibus
2426 3022 2661 3058 numero

1628 3099 1821 3134 novem
1837 3106 1882 3134 n.

1705 3165 1820 3229 196.
1852 3165 2045 3214 Eumeli
2076 3181 2273 3216 nomen
2292 3199 2308 3226 ,
2339 3161 2488 3234 quod
2524 3162 2661 3216 editi

1630 3240 2024 3312 corruptissime
2041 3247 2317 3303 Emmaus,
2334 3246 2626 3294 Emeneleus
2636 3281 2657 3304 ‚

1630 3323 1705 3372 En
1742 3325 1981 3380 enar-elus,
2004 3333 2055 3374 et
2098 3319 2219 3375 cod.
2248 3322 2312 3374 A.
2344 3325 2663 3384 Eurum-elus,

1631 3401 1867 3454 scribant
1891 3442 1907 3467 ,
1958 3402 2045 3454 hic
2108 3401 2473 3472 reponendum
2544 3421 2663 3458 esse

1632 3479 1955 3532 Bondamius
1982 3481 2014 3533 l.
2032 3499 2077 3534 c.
2100 3499 2153 3550 p.
2182 3482 2309 3549 149,
2328 3483 2489 3536 suasit
2504 3525 2520 3552 ‚
2540 3481 2663 3536 Ho-

1632 3579 1782 3613 mero
1809 3574 2058 3626 auctore,
2080 3561 2231 3614 Iliad.
2262 3563 2317 3615 11
2336 3599 2351 3625 ,
2387 3570 2527 3634 714,
2566 3565 2667 3618 uhi

1632 3643 1851 3712 Εὔμηλος
1874 3639 2087 3693 Admeti
2120 3639 2261 3695 filius
2290 3643 2541 3697 undecim
2564 3663 2669 3698 ιιι-

1634 3721 1785 3773 vibus
1813 3739 1877 3773 ex
1913 3720 2095 3775 Pheris
2132 3723 2405 3794 praefuisse
2441 3721 2659 3778 dicitur.

1632 3799 1813 3852 Pherae
1856 3801 1980 3853 urbs
2005 3801 2305 3856 Thessalia
2344 3803 2529 3876 Dictys
2554 3803 2591 3856 l.
2613 3824 2661 3858 c.

1632 3880 1924 3932 «Eumelus
1956 3880 2037 3933 xl
2073 3881 2255 3934 Pheris
2279 3908 2325 3936 ιο.
2362 3882 2523 3937 Unde
2552 3885 2663 3957 Hy·

1629 3961 1783 4032 ginus
1801 3960 2149 4032 corrigendus
2166 3961 2401 4025 videtur,
2421 3965 2515 4034 qui
2533 3965 2664 4017 scri-

1630 4039 1705 4091 bit
1728 4039 2009 4106 Eumelum
2039 4059 2101 4092 ex
2126 4039 2441 4094 Perrhaebia.
2468 4042 2663 4096 Noster

1630 4122 1788 4172 ‘ninus
1812 4139 1916 4171 una
1934 4139 2087 4180 nave,
2106 4119 2141 4173 i.
2163 4139 2204 4174 e.
2230 4120 2477 4175 undecim
2488 4124 2663 4190 pmfe·

2604 4207 2615 4232 Ι
