2975 4684
374 420 829 443 mm
834 420 2358 444 §mmmmm-mmmm
2361 424 2514 445 “m

869 706 1868 833 EXCURSUS
1959 713 2015 833 Ι

429 1006 559 1075 ΑΙ)
600 1006 893 1076 SALEII
933 1006 1178 1077 BASSI
1231 1006 1510 1077 CARM.
1550 1008 1680 1077 AD
1727 1010 1986 1080 CALP.
2026 1013 2472 1097 PISONEM,

1184 1216 1285 1261 vs,
1336 1190 1427 1263 35
1479 1206 1554 1263 et
1606 1192 1718 1265 36.

1184 1422 1750 1453 *ψ-

662 1610 751 1664 Sic
771 1608 929 1663 etiam
942 1648 961 1675 ,
976 1625 1171 1679 magno
1183 1612 1296 1683 jam
1314 1618 1445 1663 tunc
1472 1608 1732 1663 Cicerone
1749 1609 1983 1681 vigente,

667 1696 871 1749 Laurea
907 1690 1153 1747 facundis
1189 1703 1455 1747 cesserunt
1490 1710 1640 1747 arma
1675 1693 1885 1765 togatis.

472 1884 691 1949 Ram-n
724 1885 1159 1947 Bersmannus
1200 1880 1285 1947 ad
1334 1882 1456 1946 hos
1511 1903 1736 1947 versus
1780 1882 2076 1971 allegavit
2097 1932 2116 1967 ‚
2153 1908 2298 1973 quae
2337 1891 2518 1979 apud

388 1986 813 2061 Ciceronem,
861 1982 1053 2049 offic.
1091 1984 1203 2049 lib.
1232 1986 1263 2049 I
1292 2030 1311 2065 ‚
1368 2006 1423 2049 c.
1461 2005 1543 2047 22
1571 2030 1590 2064 ‚
1637 1984 1948 2073 leguntur
1979 2008 1996 2050 :
2034 1984 2280 2055 Cedant
2335 2014 2523 2057 arma

384 2105 589 2179 togae,
626 2091 929 2155 concedat
960 2090 1183 2155 laurea
1216 2090 1477 2177 linguoe.
1512 2090 1666 2155 Non
1697 2090 1874 2155 enim
1905 2077 2180 2157 dubium
2203 2112 2331 2178 est,
2359 2099 2522 2163 allu-

387 2196 545 2259 sisse
583 2194 869 2259 Saleium
920 2190 1005 2257 ad
1060 2214 1211 2257 eum
1266 2214 1530 2257 versum
1583 2190 1914 2256 Ciceronis
1933 2240 1954 2275 ,
1996 2216 2132 2281 quo
2167 2196 2341 2283 ipse,
2371 2215 2524 2287 post

388 2318 763 2385 oppressam
804 2294 1321 2377 conjurationem
1360 2292 1792 2359 Catilinariam
1807 2342 1826 2376 ,
1867 2294 1950 2361 de
1993 2318 2062 2361 se
2107 2298 2522 2386 gloriabatur,

390 2420 721 2487 quemque
770 2396 1035 2463 irrisum
1060 2420 1097 2462 a
1136 2396 1357 2463 multis
1398 2394 1714 2484 improbis
1735 2444 1754 2478 ‚
1789 2398 1927 2486 ipse
1956 2396 2038 2463 de
2071 2398 2260 2467 offic.
2292 2404 2336 2469 l.
2362 2427 2420 2470 c.
2453 2422 2521 2471 et

392 2500 457 2563 in
488 2499 767 2589 Philipp.
801 2500 866 2564 11
898 2547 917 2581 ‚
958 2498 1035 2581 8,
1076 2514 1143 2565 et
1176 2514 1338 2565 orat.
1362 2498 1431 2563 in
1463 2498 1681 2563 Pison.
1712 2520 1770 2565 c.
1805 2521 1890 2585 29
1929 2516 1996 2567 et
2029 2500 2113 2565 30
2133 2550 2154 2585 ‚
2200 2506 2523 2591 queritur.

390 2602 596 2668 Miror
627 2619 851 2668 autem
870 2648 890 2685 ‚
928 2625 969 2667 a
1002 2600 1271 2676 ‚nemine
1306 2600 1654 2667 doctorum
1688 2600 1982 2667 virorum
2009 2650 2028 2685 ‚
2061 2605 2175 2691 qui
2222 2604 2306 2671 ad
2344 2609 2526 2675 locos

392 2703 721 2767 Ciceronis
750 2703 1055 2793 allegatos
1096 2703 1518 2767 commentati
1544 2718 1736 2782 sunt,
1775 2724 1928 2767 eum
1969 2706 2272 2771 carminis
2315 2712 2524 2776 nostri

392 2828 681 2887 versum,
716 2827 837 2895 pro
872 2803 1329 2870 constituenda
1351 2804 1453 2869 vel
1486 2802 1828 2871 asserenda
1857 2827 2079 2873 versus
2115 2808 2524 2878 Ciceroniani

394 2908 693 2991 lectione,
722 2904 1079 2973 adductum
1104 2928 1261 2971 esse.
1287 2906 1457 2971 Nam
1477 2920 1556 2969 ut
1578 2904 1960 2993 interpretes
1979 2908 2308 2975 Ciceronis
2337 2912 2528 3000 pleri-

394 3032 523 3098 que
546 3007 897 3091 adnotant,
928 3008 1283 3097 praesertim
1308 3007 1446 3073 duo
1482 3008 1872 3097 Heusingeri
1896 3008 1965 3072 in
1999 3032 2248 3098 nupera
2277 3036 2533 3080 accura-

398 3112 773 3200 tissimaque
798 3110 1121 3175 librorum
1152 3110 1287 3174 Cic.
1316 3108 1399 3173 de
1426 3106 1619 3173 Offic.
1651 3107 1936 3174 editione
1956 3157 1975 3191 ‚
2011 3132 2204 3198 quam
2241 3113 2343 3179 his
2375 3116 2531 3204 ipsis

398 3213 627 3279 diebus
636 3214 921 3304 primum
932 3211 1097 3277 mihi
1116 3212 1429 3299 inspicere
1448 3212 1723 3301 contigit
1739 3258 1756 3293 ,
1781 3228 1969 3276 acute
1987 3210 2496 3303 disquisiverunt
2511 3268 2532 3304 ‚

396 3318 465 3380 in
490 3316 649 3381 locis
664 3314 997 3381 Ciceronis
1022 3313 1109 3379 de
1125 3312 1313 3380 offic.
1340 3312 1498 3378 etin
1520 3312 1740 3377 Pison.
1769 3312 2058 3402 plerique
2093 3316 2348 3383 codices
2371 3319 2534 3385 MSS

398 3418 642 3483 habent
671 3417 981 3482 concedat
1004 3414 1229 3480 laurea
1258 3414 1496 3503 lingva?
1513 3462 1534 3495 ,
1563 3415 1706 3497 alii,
1739 3414 1918 3505 iique
1943 3417 2242 3483 meliores
2260 3470 2277 3502 ‚
2313 3420 2536 3487 laurea

398 3520 582 3583 laudi
596 3566 617 3599 ,
659 3518 839 3607 quod
870 3518 1379 3607 prestantissimi
1426 3517 1754 3582 Ciceronis
1801 3516 2071 3607 interpr.
2123 3519 2494 3589 Gronovius
2513 3574 2534 3609 ,

400 3620 691 3685 Graevius
709 3669 728 3703 ‚
764 3620 1081 3685 Ernestus
1096 3669 1114 3701 ‚
1146 3635 1213 3684 et
1242 3635 1393 3687 ante
1422 3642 1534 3685 eos
1565 3618 1842 3684 Ursinus
1883 3642 1958 3685 ac
1989 3621 2256 3687 Vossius
2289 3626 2531 3713 proba-

398 3741 557 3787 runt
572 3770 593 3803 ,
618 3722 929 3811 quoniam
960 3723 1101 3811 ipse
1124 3723 1353 3787 Cicero
1378 3722 1550 3786 hanc
1572 3722 1916 3785 lectionem
1937 3744 2219 3787 asserere
2239 3726 2535 3791 oratione

401 3830 466 3891 in
492 3826 623 3891 Pis.
646 3849 703 3889 c.
730 3824 815 3889 30
832 3824 1113 3905 videtur,
1140 3824 1256 3887 ubi
1280 3824 1409 3887 hoc
1433 3844 1656 3887 versus
1679 3822 2049 3885 membrum
2077 3822 2179 3887 his
2201 3826 2412 3890 verbis
2439 3829 2539 3895 in·

402 3910 793 4017 terpretatur
820 3951 837 3991 :
868 3962 893 3989 a
923 3928 1091 3992 Nam
1126 3948 1331 4015 quum
1360 3942 1435 3989 tu
1452 3975 1469 3999 ‚
1509 3923 1780 3989 timidus
1807 3946 1882 3989 ac
1905 3940 2188 3989 tremens
2201 3971 2221 4007 ,
2249 3928 2388 3991 tuis·
2403 3929 2538 4018 ipse

400 4032 821 4097 furacissimis
880 4028 1183 4095 manibus
1236 4027 1590 4093 detractam
1641 4050 1676 4091 e
1725 4026 2010 4093 cruentis
2067 4027 2346 4092 fascibus
2400 4031 2540 4095 lau·

402 4156 575 4199 ream
612 4132 695 4199 ad
731 4148 987 4221 portam
1018 4131 1413 4219 Esquilinam
1447 4128 1734 4210 abjecisti
1755 4179 1774 4211 ‚
1809 4128 2138 4210 indicasti,
2167 4152 2300 4197 non
2342 4135 2540 4199 modo
