2975 4684
516 387 1988 419 “mmmmm-mmmmm
1993 389 2638 410 mmm

677 847 1638 974 CORNELIO
1741 811 2480 970 SEVERO

1248 1131 1904 1202 TESTIMONIA.

603 1663 653 1726 1.
702 1661 1014 1743 Ovmms,
1052 1659 1266 1725 Errsr.
1318 1681 1400 1723 nx
1434 1661 1644 1726 Powr.
1680 1683 1807 1725 mn.
1841 1659 1956 1742 lv,
2005 1683 2042 1722 2
2063 1706 2083 1740 ,
2120 1683 2262 1738 Qun
2308 1681 2418 1723 nar
2467 1681 2555 1722 An

1415 1766 1745 1832 Snvnaux.

730 1971 930 2055 Quod
960 1972 1152 2060 legis,
1186 1996 1231 2036 o
1257 1989 1435 2036 vates
1464 1993 1853 2060 magnorum
1886 1971 2164 2035 maxime
2195 1993 2421 2060 regum
2446 2017 2464 2051 ,

814 2078 1014 2144 Venit
1039 2077 1123 2143 ab
1154 2078 1433 2143 intonsis
1470 2100 1715 2167 usque,
1741 2079 1976 2143 Severe
1995 2125 2015 2161 ,
2045 2078 2244 2144 Getis.

1277 2308 1516 2371 Inuum
1572 2329 1641 2371 11
1687 2329 1860 2371 rum.

810 2507 897 2570 At
920 2521 995 2569 tu
1009 2552 1029 2586 ,
1063 2505 1170 2568 cui
1198 2503 1447 2569 bibitur
1476 2504 1728 2570 felicius
1759 2505 2012 2570 Aonius
2039 2505 2188 2568 fons
2209 2551 2228 2584 ,

900 2610 1159 2676 Utiliter
1188 2609 1481 2676 studium
1504 2660 1524 2694 ,
1551 2611 1731 2700 quod
1769 2611 1890 2675 tibi
1922 2609 2128 2692 cedit,
2159 2632 2301 2676 ama
2321 2659 2341 2691 ‚

808 2717 1127 2805 Sacraque
1157 2715 1496 2782 Musarum
1529 2719 1764 2784 merito
1797 2716 1968 2799 cole,
2001 2731 2124 2781 etc.

750 2938 837 3003 11.
882 2939 1053 3004 Imm
1098 2961 1387 3003 nusum
1432 2959 1610 3002 mm
1655 2959 1855 3003 suar.
1903 2959 2188 3018 currui,
2213 2959 2275 3001 v.
2313 2959 2377 3022 9.

807 3140 1071 3229 Quique
1106 3140 1286 3206 dedit
1317 3141 1501 3206 Latio
1535 3162 1792 3207 carmen
1829 3138 2039 3230 regale
2072 3140 2366 3204 Severus.

567 3373 686 3440 111.
732 3373 805 3438 L.
851 3374 1127 3438 Asnaus
1171 3373 1422 3440 Sanam
1439 3424 1458 3458 ,
1505 3375 1712 3440 Ens‘r.
1751 3373 2030 3439 LXXIX
2076 3395 2162 3444 An
2206 3372 2554 3439 Lucinam.

577 3578 815 3644 Morbo
852 3595 971 3644 tuo
1004 3577 1273 3644 daturus
1302 3603 1441 3644 eras
1461 3628 1481 3662 ,
1529 3581 1721 3646 etiam
1753 3585 1809 3643 si
1846 3601 2044 3645 nemo
2088 3577 2426 3644 mandaret
2469 3579 2589 3644 tibi
2611 3629 2630 3662 ,

488 3683 701 3750 donec
726 3684 994 3750 AEtnam
1025 3682 1349 3751 describas
1381 3685 1451 3748 in
1478 3701 1599 3750 tuo
1627 3684 1914 3750 carmine
1933 3733 1952 3766 ,
1987 3701 2052 3748 et
2079 3684 2263 3748 hunc
2289 3684 2628 3750 solennem

487 3789 797 3856 omnibus
836 3789 1046 3880 poetis
1096 3789 1313 3854 locum
1344 3791 1658 3882 attingas:
1705 3811 1902 3879 quem
1937 3813 2073 3878 quo
2105 3789 2323 3855 minus
2357 3790 2628 3856 Ovidius

488 3910 821 3978 tractaret,
860 3893 1026 3959 nihil
1061 3893 1346 3977 obstitit,
1390 3896 1572 3984 quod
1602 3897 1734 3977 jam
1763 3895 2071 3985 Virgilius
2098 3895 2508 3984 impleverat:
2543 3918 2629 3960 ne

486 4001 795 4066 Severum
828 3999 1095 4087 quidem
1122 3999 1500 4065 Cornelium
1536 4017 1813 4090 uterque
1843 3999 2176 4067 deterruit.
