2975 4684
866 344 1280 414 PRAEFAT.
1329 347 1466 414 AD
1522 344 1975 415 EPITHAL.
2340 343 2480 438 379

203 473 273 529 θ’
355 472 654 539 ficatione
689 471 1144 562 accipiendum
1195 495 1336 540 csse
1396 469 1519 562 pro
1560 473 1791 561 quovis
1846 473 2133 540 carmine
2182 473 2475 561 nuptiali.

357 578 560 661 Quod
593 578 940 647 discrimen
971 578 1488 646 animadvertens
1511 581 1565 644 J.
1588 581 1662 645 C.
1688 579 1987 668 Scaliger,
2012 575 2193 642 Poet.
2211 576 2325 644 lib.
2345 579 2443 646 111
2458 627 2479 661 ,

353 708 492 774 cap.
523 707 638 757 101
657 733 678 767 ,
713 707 858 776 pag.
892 685 1020 772 390
1048 709 1184 775 seq.
1219 686 1505 755 carmina
1534 686 1850 773 nuptialia
1878 685 1971 751 ita
1995 683 2369 773 distinguit,
2406 699 2483 748 ut

354 790 562 876 dicat,
599 790 778 860 aliud
819 792 890 856 in
922 791 1079 881 ipsis
1117 793 1362 881 nupn‘is
1381 841 1400 870 ,
1431 791 1503 856 in
1544 791 1879 874 convivio,
1908 791 2012 860 vel
2052 807 2203 880 post
2231 811 2481 856 coenam

355 897 535 980 cani,
579 898 794 988 qualia
831 914 990 965 sunt
1021 898 1222 966 scolia
1261 914 1329 963 et
1368 895 1809 986 epithalamia3
1840 896 2015 968 aliud
2055 918 2259 987 genus
2304 893 2481 984 apud

352 1019 576 1091 poetas
626 1027 801 1088 esse,
838 1026 973 1094 quo
1020 1027 1124 1070 res
1163 1006 1336 1094 ipsa,
1371 1004 1443 1068 h.
1498 1027 1553 1077 e.
1602 1005 1979 1094 nuptiarum
2031 1017 2373 1094 apparatus
2418 1017 2484 1066 et

352 1131 599 1198 pompa
628 1109 1038 1196 describitur.
1062 1111 1276 1192 Hujus
1303 1111 1555 1200 generis
1584 1109 1759 1200 apud
1780 1110 2039 1176 Graecos
2071 1109 2231 1176 illud
2256 1107 2484 1174 Musa-i

355 1213 439 1278 de
469 1215 766 1284 Leandro
799 1239 938 1285 esse
974 1217 1163 1300 dicit,
1195 1218 1368 1281 inter
1397 1217 1661 1282 Latinos
1699 1217 1916 1299 Statii,
1951 1214 2320 1296 Claudiani,
2360 1216 2485 1278 Au·
2602 1241 2607 1249 ¹

359 1321 550 1388 sonii.
575 1321 777 1390 Addit
799 1341 1206 1412 postremum
1229 1346 1470 1414 genus,
1508 1322 1690 1412 quod
1718 1324 1998 1392 mixtum
2032 1338 2129 1391 cst
2154 1343 2234 1388 ex
2260 1343 2484 1386 narra-

355 1426 578 1509 tione3
615 1428 804 1516 quale
849 1430 1362 1518 pulcherrimum
1406 1429 1569 1496 illud
1599 1429 1829 1496 Catulli
1874 1431 1959 1494 sit
1983 1427 2486 1516 Epithalamium

354 1533 530 1599 Pelei
579 1551 646 1605 et
682 1535 1000 1608 Thetidis.
1055 1537 1197 1626 Ego
1248 1559 1404 1602 vero
1455 1554 1863 1626 postremum
1911 1536 2039 1603 hoc
2092 1551 2159 1600 et
2208 1535 2485 1600 mixmm

354 1661 564 1728 genus
595 1640 702 1706 vix
729 1640 1100 1706 admiserim
1120 1688 1139 1723 ,
1170 1665 1376 1730 quum
1395 1692 1416 1725 ‚
1439 1642 1622 1731 quod
1644 1643 1915 1708 unicum
1944 1641 2081 1721 ejus
2116 1638 2483 1727 exemplum

357 1761 456 1808 est
473 1793 492 1826 ,
545 1745 1048 1835 Epithalamium
1086 1748 1260 1839 Pelei
1309 1763 1374 1812 et
1402 1747 1694 1815 Thetidis
1714 1795 1733 1832 ,
1768 1769 1903 1812 non
1934 1745 2019 1815 ad
2040 1745 2325 1813 carmina
2354 1761 2485 1808 nu-

359 1850 578 1938 ptialia
609 1853 872 1940 proprie
895 1852 1064 1918 dicta
1083 1901 1101 1932 ,
1137 1852 1254 1918 sed
1274 1852 1358 1917 ad
1396 1853 1647 1918 fabulas
1691 1835 2011 1941 poeticas,
2045 1848 2383 1939 quomodo
2422 1863 2489 1914 et

354 1953 584 2020 Musaei
619 1956 912 2022 Leander
970 1975 1036 2025 et
1093 1956 1428 2023 Claudiani
1483 1959 1729 2047 Raptus
1789 1957 2191 2045 Proserpinae
2206 2005 2222 2038 ,
2260 1954 2489 2020 referri

355 2077 716 2146 mereatur,
753 2047 828 2128 ¹et
862 2064 917 2127 si
966 2065 1250 2128 Catullus
1291 2065 1360 2128 in
1407 2085 1486 2128 co
1520 2087 1781 2128 carmen
1818 2087 1856 2128 a
1896 2063 2113 2128 Parcis
2152 2077 2483 2128 cantatum

355 2168 552 2232 refert
571 2215 594 2250 ,
637 2186 980 2258 propterea
1021 2193 1059 2236 a
1100 2170 1468 2235 narratione
1508 2192 1642 2234 non
1671 2168 1975 2250 discedit,
2008 2192 2130 2233 nec
2170 2167 2485 2256 epithala-

357 2273 568 2336 mium
611 2276 804 2340 canit.
832 2278 920 2344 Et
951 2279 1349 2372 contrarium
1381 2277 1573 2368 plane
1603 2277 1923 2365 Scaliger-o
1958 2275 2180 2342 statuit
2210 2273 2487 2340 Achilles

356 2379 599 2445 Statius
635 2383 848 2470 prima
881 2381 1104 2452 adnot.
1143 2383 1226 2448 ad
1269 2383 1400 2448 hoc
1449 2405 1751 2448 carmen:
1790 2384 1953 2448 Sunt
1972 2431 1993 2464 ,
2036 2385 2151 2470 qui
2174 2379 2487 2470 epithala-

354 2489 552 2550 mium
595 2487 714 2551 hoc
748 2511 872 2552 esse
919 2490 1162 2569 nolint,
1210 2489 1389 2578 quod
1427 2489 1602 2553 abest
1642 2509 1986 2577 puer-orum
2000 2486 2489 2578 puellarumque

354 2596 720 2658 canentium
765 2593 1012 2660 chorus,
1069 2593 1268 2678 Quod
1300 2595 1355 2660 si
1389 2618 1544 2662 vero
1596 2593 2101 2684 Epithalamium
2134 2591 2483 2658 dicendum

259 2722 264 2728 ·
355 2714 485 2780 est,
533 2699 878 2764 commode
929 2701 1133 2766 altero
1167 2701 1277 2766 illo
1333 2723 1570 2792 genere
1588 2751 1605 2783 ,
1644 2724 1779 2789 quo
1834 2725 1935 2766 res
1974 2702 2126 2789 ipsae
2164 2699 2483 2787 nuptiales

356 2819 426 2868 et
456 2827 849 2892 sponsorum
875 2805 1098 2871 laudes
1134 2807 1546 2891 referuntur,
1583 2806 1905 2870 contineri
1936 2820 2168 2893 potest.
2200 2804 2355 2883 Ejus
2384 2825 2489 2892 ge-

359 2911 531 2975 neris
567 2913 788 2975 omnia
818 2929 974 2976 sunt
1009 2913 1472 3002 Epithalamia,
1514 2935 1659 3001 quae
1685 2927 1836 3001 post
1878 2912 2201 2976 Catullum
2238 2933 2275 2973 a
2326 2910 2481 2997 Pap.

358 3016 564 3081 Statio
595 3033 660 3081 et
692 3018 1118 3105 sequentibus
1151 3021 1389 3108 scripta
1433 3034 1609 3086 sunt.
1643 3018 1881 3083 Statius
1914 3039 2149 3105 nempe
2182 3016 2485 3079 festivum

359 3123 594 3186 Catulli
627 3123 890 3211 genium
923 3123 1244 3208 deseruit,
1284 3143 1349 3188 et
1386 3143 1575 3189 vetus
1613 3123 2097 3215 epithalamium
2131 3122 2200 3185 in
2226 3143 2485 3186 carmen

357 3229 823 3317 panegyricum
850 3231 1202 3312 convertit,
1223 3231 1340 3294 ubi
1368 3248 1563 3319 poeta
1589 3231 1811 3318 sponsi
1838 3251 2221 3318 sponsaeque
2250 3226 2486 3308 studia,

357 3357 576 3418 curas,
609 3335 924 3401 desideria
959 3355 1462 3422 commemorat,
1515 3337 1737 3402 laudes
1788 3337 2135 3424 utriusque
2184 3351 2251 3399 et
2296 3334 2484 3399 dotes

357 3441 559 3504 animi
603 3443 1027 3531 corporisque
1071 3445 1373 3532 explicat,
1411 3445 1788 3532 nuptiarum
1815 3459 2195 3532 apparatum
2228 3459 2294 3506 et
2322 3441 2487 3505 cele-

358 3545 662 3610 britatem
718 3545 1056 3632 describit,
1107 3549 1344 3613 blande
1404 3551 1597 3613 etiam
1650 3571 1923 3637 sponsos
1972 3547 2349 3637 compellat,
2406 3545 2488 3609 ad

357 3671 646 3715 amorem
687 3669 994 3717 mutuum
1013 3701 1030 3734 ‚
1063 3654 1511 3738 concordiam,
1550 3653 1893 3720 blanditias
1938 3655 2349 3718 exhortatur:
2372 3649 2487 3714 de-

361 3757 562 3846 nique
597 3757 766 3822 bene
802 3759 1152 3841 ominatur,
1174 3777 1322 3824 vota
1353 3761 1545 3841 facit,
1584 3760 1873 3824 sobolem
1907 3760 2270 3848 pollicetur.
2306 3758 2491 3822 Hanc

357 3865 676 3928 rationem
711 3866 844 3929 fere
871 3865 1090 3928 omnia
1116 3885 1485 3954 sequuntur
1509 3866 1933 3955 Epithalamia
1958 3867 2335 3930 Latinorum
2355 3912 2373 3945 ,
2400 3863 2489 3926 ita

359 3986 574 4034 tamen
593 4018 610 4051 ‚
637 3987 711 4035 ut
728 3972 862 4036 aliae
877 3971 1232 4036 amantium
1253 3989 1400 4060 post
1415 3974 1607 4062 longa
1635 3971 1946 4037 desiderii!
1965 3971 2487 4062 conjugationem

356 4075 930 4159 felicem‚Deorum
949 4077 1246 4166 auspiciis
1267 4080 1521 4160 factam,
1549 4097 1687 4143 tum
1710 4079 2077 4168 nuptiarum
2100 4101 2405 4166 pompam
2426 4092 2489 4140 et
