2975 4684
972 384 1103 451 DE
1150 384 1522 455 sufflo
1571 384 1904 453 BASSO.
2001 446 2010 461 ,
2224 336 2252 443 ’.
2355 382 2478 453 ,3,

360 527 615 577 tantum
650 526 727 575 ut
755 512 855 575 vir
888 511 1177 600 optimus
1193 558 1213 595 ,
1246 512 1361 577 sed
1391 529 1467 577 ut
1502 528 1697 602 poeta
1731 510 2023 603 egregius
2067 528 2262 601 atque
2295 514 2487 578 abso·-

358 618 734 681 lutissimus.
768 617 987 681 Coluit
1008 618 1327 708 praecipua
1358 616 1809 683 benevolentia
1835 634 1904 683 et
1925 638 2054 683 usu
2075 618 2487 682 contubernii

359 724 695 788 Lucanum
736 722 1265 806 cordubensem,
1300 740 1366 788 et
1412 724 1659 791 Iulium
1703 722 2113 805 Secundum,
2155 725 2271 811 qui
2321 725 2491 788 inter

362 850 653 894 summos
680 844 966 893 oratores
993 852 1125 893 suae
1156 830 1353 894 aetatis
1386 830 1764 895 celebratur.
1791 831 1999 894 Caesar
2018 845 2234 894 autem
2253 828 2492 948 Vespa-

364 937 583 1000 sianus
619 935 882 1024 plurimi
916 934 1070 1000 fecit
1095 935 1329 1001 Saleii
1308 936 1648 1027 ingenium
1679 952 1876 1025 atque
1908 935 2314 1016 doctrinam,
2343 950 2489 999 tan-

366 1056 639 1129 tumque
658 1038 753 1105 illi
777 1042 1094 1107 concessit
1108 1086 1129 1125 ‚
1158 1057 1235 1107 nt
1253 1042 1425 1106 inter
1448 1040 1726 1107 illustria
1746 1056 2174 1107 monumenta
2199 1040 2487 1129 positum

365 1147 449 1210 sit
464 1196 485 1229 ,
506 1150 879 1236 Augustum
897 1147 1365 1236 Vespasianum
1385 1147 1758 1237 quingentis
1787 1148 1896 1213 HS
1926 1148 2267 1237 elargitum
2293 1145 2494 1209 fuisse

367 1252 575 1317 Saleio
592 1253 807 1333 Basso,
836 1268 1101 1342 propter
1128 1253 1465 1343 ingenium
1490 1253 2013 1341 singularemque
2037 1250 2491 1316 eruditionem.

369 1359 467 1422 De
499 1380 635 1446 quo
665 1358 1042 1425 scribuntur
1068 1361 1409 1448 complura
1432 1382 1470 1423 a
1497 1360 1694 1425 Corn.
1715 1359 1958 1425 Tacito.
1987 1356 2308 1423 Iuvenalis
2331 1374 2496 1445 quo·

371 1464 591 1551 quein
620 1463 839 1529 Satiris
868 1462 950 1528 de
976 1464 1103 1529 hoc
1124 1464 1328 1529 Saleio
1346 1465 1644 1529 meminit
1658 1511 1676 1545 ,
1699 1486 1984 1553 eumque
2007 1461 2200 1528 tradit
2219 1460 2496 1527 maxime
2543 1500 2548 1505 ·

372 1569 655 1634 nobilem
682 1570 915 1649 misse,
960 1568 1075 1634 sed
1102 1569 1337 1661 exiguo
1373 1592 1448 1635 ac
1479 1570 1663 1659 tenui
1697 1592 1918 1634 censu.

505 1786 647 1851 VII.
688 1788 1077 1870 Gnsmus,
1122 1808 1207 1851 nn
1257 1786 1457 1851 Ponr.
1515 1807 1682 1851 mr.
1733 1806 1909 1851 mu..
1961 1784 2072 1866 Ν,
2115 1806 2170 1849 r.
2219 1786 2368 1861 241.

462 1982 703 2048 Saleius
744 1982 976 2046 Bassus
1030 1984 1098 2046 in
1140 1982 1499 2073 pangendis
1549 1981 1824 2048 heroicis
1869 2004 1986 2073 per
2022 1982 2162 2047 haec
2208 1998 2501 2071 tempora

376 2088 643 2169 claruit,
694 2104 943 2152 amatus
974 2111 1133 2153 vero
1168 2090 1466 2177 inprimis
1505 2113 1540 2153 a
1567 2088 1960 2178 Vespasiano
1981 2136 2000 2171 ‚
2050 2104 2246 2177 atque
2291 2088 2373 2151 ab
2421 2109 2501 2151 eo
2533 2127 2546 2149 e

376 2194 746 2283 quingentis
807 2194 1111 2259 sestertiis
1162 2194 1442 2261 donatus
1461 2243 1481 2278 ‚
1529 2211 1595 2260 et
1655 2210 1962 2285 praeterea
2022 2188 2275 2283 positus
2333 2194 2505 2257 inter

377 2298 649 2363 illustria
696 2316 1117 2368 monumenta
1134 2350 1153 2376 ‚
1201 2300 1355 2389 quia
1396 2316 1465 2365 ct
1509 2300 1696 2366 illum
1747 2300 2088 2365 Cornelius
2128 2298 2412 2363 Tacitus'
2435 2299 2501 2361 in

380 2406 661 2471 historiis
710 2409 1039 2498 egregium
1073 2423 1331 2497 poetam
1378 2424 1445 2473 et
1488 2408 2040 2497 praeclarissimum
2087 2422 2298 2472 vatem
2331 2428 2506 2472 nun·

382 2524 593 2600 cupa&
732 2600 931 2655 Cetera
955 2614 1065 2654 non
1088 2600 1363 2666 addimus,
1400 2601 1526 2673 quia
1549 2612 1757 2656 tantum
1779 2600 2047 2675 superiora
2076 2609 2332 2673 repetunt.
