2975 4684
407 365 498 384 m
504 365 581 384 ΒἊ
590 365 678 385 m
685 365 1039 386 mmm&
1045 367 2418 388 §fla-§mmssmmmmmmmm
2426 370 2445 386 ⁸
2454 369 2548 388 m

783 599 934 674 AD
1004 597 1252 677 DUO
1321 599 2137 678 EPITHALAMIA
2158 661 2176 697 ,

1105 824 1272 884 ρυλε
1333 824 1867 886 εερυωττυιι,

1049 1015 1928 1122 PRAEFATIO

1431 1260 1530 1308 DE

505 1418 952 1488 VETERUM
999 1419 1839 1488 EPITHALAMIORUM
1884 1417 2467 1487 AUCTORIBUS

963 1591 1077 1658 ET
1123 1591 1523 1660 DIVERSA
1571 1589 2003 1659 RATIONE.

421 1967 908 2078 EPITEALAMIA
926 2063 945 2095 ,
970 2037 1084 2079 seu
1107 2015 1390 2080 carmina
1413 2013 1725 2104 nuptialia
1740 2063 1759 2096 ‚
1787 2013 1869 2080 ab
1895 2014 2361 2104 antiquissimis
2386 2029 2560 2076 tem-

421 2117 690 2204 poribus
719 2134 850 2191 tam
885 2121 1202 2197 celebrata
1225 2136 1567 2209 poetarum
1598 2119 1981 2187 Graecorum
2006 2136 2075 2186 et
2102 2122 2560 2187 Romanorum

423 2222 652 2288 studiis
683 2242 873 2308 sunt,
909 2241 1020 2308 ut,
1053 2249 1197 2316 quae
1231 2228 1340 2290 hic
1371 2227 1762 2314 proferimus
1783 2275 1801 2307 ,
1830 2226 2255 2314 Epithalamia
2288 2223 2513 2289 Latina
2539 2273 2560 2306 ,

427 2349 639 2416 operae
669 2332 952 2423 pretium
989 2333 1105 2414 sit,
1148 2355 1300 2398 cum
1343 2333 1517 2414 aliis,
1568 2333 1805 2423 partim
1838 2332 2315 2426 antiquioribus
2338 2379 2357 2412 ,
2394 2353 2563 2394 con-

427 2433 596 2500 ferre
615 2483 635 2512 ,
668 2432 954 2526 indeque
985 2438 1306 2506 rationem
1353 2461 1585 2504 eorum
1634 2455 1750 2506 aut
1798 2438 2145 2503 discrimen
2192 2435 2561 2504 ostendere.

426 2538 778 2632 Plerosque
805 2544 1368 2632 epithalamiorum
1390 2562 1685 2610 veterum
1705 2561 2001 2610 auctores
2018 2560 2357 2610 recensent
2366 2544 2559 2608 Mart.

427 2656 582 2718 Ant.
611 2651 901 2726 Delrius‚
935 2651 1265 2740 Syntagm.
1292 2653 1483 2740 Trag.
1513 2668 1674 2739 part.
1708 2653 1833 2733 111,
1856 2675 1921 2740 p.
1952 2675 2071 2740 273
2106 2651 2306 2716 Andr.
2334 2649 2564 2716 Schot-

427 2777 534 2824 tus
579 2759 644 2821 in
693 2756 865 2820 notis
907 2755 989 2820 ad
1034 2757 1243 2821 Procli
1275 2758 1645 2821 Chrestom.
1696 2773 1869 2846 poet.
1920 2781 1987 2846 p.
2040 2762 2159 2844 49,
2217 2773 2285 2822 et
2316 2757 2556 2822 Thom.

431 2864 741 2944 Creniu5‚
783 2860 1122 2927 Animadv.
1165 2861 1399 2952 philol.
1437 2879 1601 2949 part.
1633 2863 1761 2943 lx,
1798 2885 1935 2951 cap.
1968 2861 2005 2926 3
2028 2911 2045 2943 ,
2096 2869 2131 2944 S
2161 2861 2235 2944 5,
2290 2886 2355 2951 p.
2408 2857 2563 2947 1963

429 2969 544 3034 sed
579 2969 682 3032 his
727 2968 946 3056 plures
978 2966 1134 3031 alios
1171 2965 1408 3032 addere
1444 2967 1597 3032 lieet
1616 3014 1634 3047 ‚
1684 2989 1851 3053 quos
1879 2967 1983 3032 isti
2017 2969 2417 3056 praeteriunt.
2471 2971 2563 3034 Ut

428 3076 721 3139 Deorum
776 3073 1194 3160 Dearumque
1242 3072 1502 3160 nuptias
1550 3072 1806 3153 sileam,
1862 3096 2023 3160 quas
2072 3073 2279 3138 Graeci
2312 3091 2561 3140 veteres

433 3203 566 3244 non
600 3179 813 3243 solum
848 3179 1279 3260 carminibus»,
1322 3178 1436 3243 sed
1470 3195 1537 3242 et
1568 3179 1760 3242 sacris
1797 3179 2073 3268 publicis
2109 3179 2521 3244 celebrarunt
2541 3229 2561 3262 ,

431 3305 722 3373 quasque
751 3294 1011 3364 Θιαγάμιοι
1031 3285 1133 3348 vel
1161 3295 1308 3365 ἱιροὺς
1341 3295 1527 3365 γάμους
1557 3283 1997 3374 appellabant,
2033 3300 2110 3349 ut
2143 3286 2315 3350 Iovis
2347 3303 2414 3350 et
2450 3288 2482 3350 J
2490 3311 2565 3349 u-

433 3389 658 3471 nonis,
695 3388 981 3454 AEtheris
1018 3407 1082 3456 et
1112 3393 1360 3472 Terrae,
1419 3391 1719 3456 Plutonis
1756 3407 1823 3454 et
1866 3390 2300 3479 Proserpinoe,
2337 3391 2563 3456 Martis

433 3496 803 3577 etVeneris‚
819 3495 1051 3558 Bacchi
1077 3511 1142 3558 et
1160 3496 1470 3560 Ariadnes
1488 3545 1507 3578 ‚
1540 3497 1835 3561 Herculis
1862 3513 1927 3560 et
1950 3497 2163 3562 Hebes
2179 3545 2197 3577 ,
2230 3497 2564 3562 connubia

432 3603 713 3666 heroum
740 3617 807 3665 et
835 3602 1125 3665 virorum
1169 3603 1517 3668 illustrium
1553 3604 1849 3691 inprimis
1886 3620 2225 3694 poetarum
2260 3605 2565 3692 antiquo-

433 3731 584 3774 rum
627 3707 886 3796 ingenia
930 3724 1362 3772 exercuerunt
1405 3709 1521 3796 (1).
1559 3708 2148 3773 Celebrafissimum
2182 3708 2323 3773 sine
2358 3708 2563 3774 dubio

436 3966 442 3976 ,
504 3911 582 3978 (1)
637 3913 846 3978 Nuptias
883 3908 1212 3962 diversorum
1256 3921 1536 3980 poetarum
1600 3908 1929 3962 dramatibus
1986 3908 2265 3981 inscriptas
2305 3921 2568 3962 memorat

434 3999 774 4052 Cnsaubonus
804 3998 858 4051 in
882 3998 1155 4054 Animadv.
1179 3999 1232 4050 in
1260 3999 1454 4052 Athen.
1486 3999 1580 4052 lib.
1606 3999 1688 4051 111
1708 4036 1724 4061 ,
1761 4017 1874 4070 cap.
1908 3995 1992 4050 15.
2037 3997 2344 4069 Antiphanis
2379 3999 2567 4052 drama

435 4093 600 4159 Γάμος
621 4091 912 4161 appellatur
935 4092 1021 4144 lib.
1042 4092 1118 4144 IV
1143 4091 1392 4145 Athenai.
1420 4091 1569 4146 Alius
1587 4103 1740 4164 poeta
1766 4090 2011 4162 Diphilus
2032 4099 2228 4163 Γᾶμους
2250 4090 2565 4146 comoediam
