2975 4684
495 361 590 444 24
993 363 1132 434 DE
1191 365 1630 437 LUCILIO
1680 367 2129 438 JUNIORE

492 490 700 579 Scylla
743 504 812 554 et
851 489 1216 580 Charybdi,
1267 511 1505 584 egerat.
1544 497 1601 561 E
1630 519 1767 586 quo
1796 498 2081 562 carmine
2108 497 2353 564 Seneca
2396 515 2465 564 et
2508 499 2647 564 alio

493 597 644 662 loco
674 595 772 684 (1)
816 617 1080 662 versum
1107 598 1394 688 aliquem
1421 599 1507 666 de
1532 603 1675 690 ipso
1704 601 1959 690 Alpheo
1986 601 2291 692 producit
2320 625 2339 670 t

773 757 942 812 Eleu*
957 749 1146 815 Siculi·
1165 759 1234 816 de
1257 763 1497 818 fontibus
1526 765 1698 820 exsilit
1718 766 1905 822 amnia.

579 927 678 992 De
709 926 948 1010 AEtna,
993 943 1252 994 certum
1297 947 1430 1012 est,
1473 933 1545 996 in
1582 933 1801 998 animo
1838 933 2138 1000 habuisse
2168 934 2491 1000 Lucilium
2510 981 2531 1016 ,
2578 948 2651 996 et

487 1056 748 1098 summa
795 1055 954 1098 cura
999 1033 1132 1100 hoc
1185 1035 1424 1124 egisse,
1479 1053 1558 1103 ut
1582 1059 1723 1104 enm
1756 1055 2051 1130 poemate
2084 1039 2481 1105 describeret
2522 1037 2648 1102 ali-

495 1139 789 1228 quando.
815 1139 1106 1206 Abunde
1137 1140 1272 1208 hoc
1299 1142 1631 1210 declarant
1648 1145 1845 1211 verba
1876 1147 2163 1230 Senecoe,
2188 1147 2379 1235 epist.
2408 1165 2607 1210 mxx
2626 1191 2647 1224 ‚

493 1249 665 1313 inter
694 1248 1066 1312 testimonia
1090 1252 1456 1339 proposita:
1480 1281 1507 1308 ι
1522 1251 1761 1318 Morbo
1778 1269 1895 1318 tuo
1926 1253 2196 1319 daturus
2222 1275 2363 1318 eras
2380 1302 2397 1332 ,
2424 1253 2652 1316 etiam·-

489 1354 548 1418 οἱ
579 1375 780 1418 nemo
809 1353 1150 1419 mandaret
1175 1355 1296 1420 tibi
1313 1403 1332 1437 ,
1357 1355 1577 1422 donec
1598 1356 1865 1424 AEtnam
1892 1357 2215 1424 describas
2244 1359 2315 1423 in
2348 1373 2469 1422 tuo
2502 1379 2651 1422 car-

491 1461 674 1525 mine
687 1491 736 1524 ».
773 1461 864 1524 Et
885 1459 1114 1526 eadem
1137 1462 1446 1552 epistola:
1475 1491 1503 1518 ι
1530 1465 1661 1528 Aut
1688 1486 1813 1555 ego
1842 1481 1909 1530 te
1936 1487 2069 1531 non
2102 1465 2287 1546 novi,
2308 1480 2425 1530 aut
2444 1463 2653 1528 AEtna

495 1565 616 1630 tibi
639 1563 903 1630 salivam
935 1583 1178 1633 movet.
1209 1568 1244 1632 J
1247 1590 1352 1632 am
1383 1569 1575 1657 cupis
1602 1568 1843 1660 grande
1866 1569 2109 1659 aliquid
2126 1585 2239 1654 ,et
2268 1591 2385 1658 par
2408 1567 2657 1658 priori-

492 1671 620 1736 bus
671 1671 954 1738 scribere
981 1703 1028 1738 ιι.
1073 1673 1220 1738 Ηοο
1251 1673 1308 1737 si
1341 1695 1515 1764 opus
1546 1675 1831 1739 Lucilius
1862 1691 1997 1741 tam
2034 1675 2205 1741 serio
2246 1675 2653 1740 destinatum

491 1779 718 1862 animo
746 1779 1014 1858 habuit,
1051 1782 1270 1846 sitam
1309 1780 1426 1846 diu
1453 1783 1721 1848 molitus
1752 1799 1879 1865 est,
1910 1785 1967 1848 ai
2000 1801 2133 1849 tam
2166 1781 2404 1872 cupide
2438 1782 2659 1846 voluit

497 1885 804 1974 exsequi3
841 1886 987 1974 quis
1033 1885 1192 1952 inde
1243 1907 1378 1951 non
1439 1903 1587 1952 tuto
1630 1887 1887 1976 colligat
1908 1935 1927 1970 ,
1968 1889 2160 1952 etiam
2196 1910 2267 1952 re
2310 1887 2615 1951 effecisse
2636 1933 2657 1966 ‚

497 2017 697 2082 quam
739 1993 1026 2084 primum
1068 1993 1404 2082 potuerit?
1435 1993 1731 2058 Gravitas
1776 2009 1841 2058 et
1882 1992 2241 2082 amplitudo
2274 1993 2658 2082 argumenti

495 2099 677 2164 haud
709 2099 911 2164 dubie
937 2097 1247 2162 movebat
1272 2098 1599 2162 Lucilium
1614 2145 1633 2181 ,
1662 2114 1741 2162 ut
1758 2099 2023 2164 AEtnam
2048 2099 2315 2188 proprio
2346 2114 2659 2186 poemate

491 2221 560 2270 et
589 2221 742 2291 post
772 2219 1004 2268 caetera
1023 2202 1258 2266 Siciliae
1286 2201 1605 2268 mirabilia
1632 2201 2124 2268 describendam
2146 2216 2435 2268 sumeret
2454 2251 2474 2286 ‚
2509 2219 2581 2268 et
2600 2203 2659 2267 si

497 2311 743 2374 Seneca
795 2308 868 2374 id
907 2329 1236 2395 nusquam
1274 2306 1501 2370 laudat
1516 2355 1537 2390 ,
1586 2323 1701 2370 aut
1728 2309 2089 2396 perfectum
2126 2329 2265 2374 esse
2296 2307 2621 2399 significat
2640 2356 2661 2390 ,

497 2435 726 2479 caussa
757 2412 1059 2502 profecto
1089 2411 1232 2476 haec
1267 2427 1365 2476 est
1381 2458 1400 2492 ,
1435 2411 1621 2498 quod
1651 2414 1969 2500 posterius
2000 2412 2126 2479 fuit
2156 2414 2414 2502 scriptis
2450 2415 2662 2478 Sene-

498 2545 591 2586 cae
611 2569 631 2604 ‚
677 2535 876 2610 atque
921 2519 1052 2583 hoc
1101 2517 1372 2582 demum
1415 2535 1685 2582 mortuo
1714 2518 2077 2607 perfectum
2096 2567 2117 2602 ‚
2158 2535 2236 2584 ut
2264 2518 2487 2585 videre
2515 2543 2661 2584 non

495 2629 794 2719 potuerit
816 2627 934 2715 (ει).
964 2624 1213 2690 Videor
1242 2625 1408 2688 mihi
1449 2624 1583 2688 hoc
1618 2625 1833 2713 ipsum
1876 2625 2129 2690 ex'loco
2163 2627 2423 2690 Senccae
2458 2647 2661 2714 supra

497 2749 866 2799 memorato
889 2751 1084 2820 posse
1116 2730 1421 2817 colligere
1437 2777 1456 2812 ,
1490 2752 1627 2818 quo
1652 2731 2039 2794 Arethusam
2072 2753 2109 2794 a
2130 2730 2382 2794 Lucilio
2410 2730 2663 2794 descri-

494 2856 676 2930 ptam
721 2853 1019 2904 testatur.
1067 2835 1240 2934 Nam
1291 2851 1446 2900 ante
1489 2857 1645 2897 eum
1691 2835 1909 2898 locum
1950 2835 2083 2922 agit
2118 2833 2200 2898 de
2246 2835 2663 2900 mirabilibus

492 2945 820 3012 variarum
869 2943 1223 3032 regionum
1279 2937 1490 3003 fluviis
1516 2987 1535 3021 ,
1576 2939 1689 3026 qui
1737 2939 1926 3027 plane
1968 2939 2405 3004 absorbentur
2450 2957 2662 3023 terra,

494 3073 857 3138 rursusque
905 3050 1036 3113 alio
1076 3048 1228 3112 loco
1267 3060 1615 3135 emergunt
1630 3093 1649 3126 ,
1695 3043 1893 3132 idque
1926 3045 2217 3110 versibus
2258 3046 2665 3133 quibusdam

491 3173 845 3247 poetarum
896 3155 1156 3244 probat.
1210 3150 1452 3216 Iisdem
1498 3167 1717 3214 autem
1774 3148 1857 3212 de
1912 3147 2119 3212 fluviis
2168 3167 2399 3214 auctor
2438 3152 2665 3216 AEtnae

491 3266 716 3330 locum
772 3261 946 3329 bene
991 3260 1270 3346 longum
1315 3255 1517 3320 habet
1558 3279 1595 3318 a
1644 3275 1839 3317 versu
1882 3251 2035 3320 inde
2083 3275 2195 3318 121
2216 3303 2237 3337 ,
2292 3278 2665 3346 eorumque

565 3487 645 3554 (1)
680 3486 872 3538 Natur.
915 3483 1120 3548 Quaest.
1161 3479 1255 3533 lib.
1297 3477 1420 3542 111,
1455 3495 1574 3546 cap.
1618 3493 1665 3526 1.

564 3590 642 3656 (2)
674 3588 810 3641 Just.
837 3586 1051 3657 Lipsius
1089 3583 1146 3635 in
1188 3579 1396 3652 praefat.
1438 3576 1511 3630 ad
1549 3585 1831 3629 comment.
1872 3575 1927 3626 in
1970 3575 2137 3646 Epist.
2180 3579 2392 3633 Seneca
2432 3593 2622 3635 monet
2648 3625 2664 3650 ,

491 3694 678 3730 omnes
715 3674 970 3747 epistolas
1004 3671 1220 3725 senecae
1256 3668 1398 3718 intra
1436 3662 1713 3716 biennium
1734 3699 1750 3726 ,
1782 3661 2073 3714 Consulatu
2110 3663 2349 3718 Memmii
2378 3669 2571 3740 Reguli
2611 3682 2668 3724 et

489 3762 723 3834 'Virginii
745 3761 898 3826 Rufi,
933 3760 1174 3828 itemque
1203 3750 1428 3806 Lecanii
1458 3760 1513 3801 et
1542 3747 1735 3800 Licinii
1753 3787 1769 3811 ,
1791 3746 1849 3799 id
1882 3761 1989 3810 est,
2028 3747 2174 3802 haud
2206 3752 2366 3822 longe
2398 3767 2523 3808 ante
2546 3759 2667 3830 ejus

489 3863 718 3906 mortem
744 3849 974 3920 scriptas
998 3863 1136 3898 esse.
1166 3842 1285 3892 Hoc
1313 3839 1358 3891 si
1383 3853 1572 3890 verum
1594 3846 1674 3887 est
1691 3875 1706 3899 ,
1739 3834 2007 3898 Lucilius,
2036 3855 2197 3906 quem
2228 3839 2429 3894 Seneca
2464 3844 2523 3894 in
2552 3845 2667 3916 epi-

488 3939 636 3994 stolis
660 3937 732 3992 ad
759 3939 983 3990 AEtnam
1013 3925 1426 3986 describendam
1453 3921 1768 3974 hortabatur
1787 3958 1803 3983 ,
1847 3920 1902 3972 id
1944 3941 2135 3993 poema
2164 3939 2285 3980 ante
2312 3941 2543 3984 mortem
2564 3933 2669 3987 Se-

489 4046 634 4082 necae
655 4045 771 4080 non
799 4022 1063 4095 perficere
1079 4059 1098 4084 ‚
1129 4032 1312 4086 neque
1339 4011 1476 4064 adeo
1500 4010 1695 4062 Seneca
1727 4007 1861 4060 illud
1897 4008 2113 4063 laudare
2139 4013 2251 4068 ullo
2286 4015 2406 4070 loco
2434 4019 2667 4091 scripto-

488 4135 613 4172 rum
635 4131 858 4168 suorum
879 4108 1068 4181 potuit.
