2975 4684
529 370 668 442 588
1397 371 1807 440 INCERTI

621 496 706 561 Et
739 516 938 585 super
973 490 1280 559 exstincti
1313 504 1687 586 prostratus
1722 493 2023 561 membra
2056 494 2329 579 sodalis,

623 600 940 673 Crudeles
982 599 1204 669 fundit
1237 616 1548 694 questuS,
1585 617 1789 696 atque
1826 602 2050 673 oscula
2096 604 2262 699 figit.

723 715 888 781 Mox
921 711 1036 780 ubi
1071 710 1328 805 depulsi
1363 713 1680 805 gemitus,
1718 712 2151 808 lacrymaeque
2186 718 2537 809 quierunt,

634 820 908 918 [Tristis
945 821 1074 906 ait,
1093 827 1228 905 jam
1249 821 1529 914 jamque
1564 846 1710 890 meo
1741 824 2123 893 cruciabere
2162 823 2373 921 ferro]

633 932 839 1001 «Non
879 933 1155 1023 impune
1195 932 1326 999 mei
1364 930 1671 1001 laetabere
1706 934 1883 1003 caede
1918 934 2204 1021 sodalis,
2498 956 2501 959 ’
2597 956 2677 994 ⁸⁵⁵

628 1048 876 1111 Hector
900 1095 919 1126 ,
948 1042 1070 1125 ait,
1108 1064 1516 1135 magnasque
1551 1066 1737 1123 me0‚
1774 1042 2063 1113 violente
2082 1097 2101 1129 ‚
2132 1042 2347 1113 dolori

632 1150 973 1223 Persolves
1010 1176 1272 1243 poenaS,
1307 1165 1511 1244 atque
1549 1152 1692 1221 istis
1735 1154 1943 1221 victor
1978 1156 2047 1222 in
2084 1156 2319 1239 armis,

631 1268 708 1332 In
745 1263 988 1355 quibus
1027 1260 1348 1345 exsultas,
1390 1259 1539 1329 fuso
1576 1264 1861 1332 moriere
1902 1288 2143 1333 cruore
2172 1294 2229 1331 n.

735 1378 896 1443 Post
931 1372 1072 1441 haec
1112 1396 1427 1441 accensus
1461 1372 1652 1441 furiis
1693 1371 1988 1443 decurrit
2027 1374 2112 1443 ad
2148 1398 2395 1467 aequor,

535 1596 696 1649 dendi
721 1608 890 1649 vestes
917 1596 970 1647 in
997 1595 1144 1649 luctu
1163 1595 1408 1648 Bar-thius
1429 1594 1565 1647 mul·

539 1677 606 1728 tie
629 1676 759 1729 locis
784 1674 1281 1728 commentariorum
1311 1693 1528 1728 suorum
1546 1703 1561 1727 9

545 1756 882 1826 maximeque
919 1752 986 1806 ad
1023 1752 1167 1805 hunc
1209 1754 1382 1806 locum
1416 1752 1561 1818 Statii

535 1833 977 1906 probavit,Theb.
1006 1833 1112 1897 lx,
1148 1831 1248 1885 353
1274 1850 1288 1883 :
1310 1858 1334 1878 α
1357 1831 1565 1887 Exsiliit

533 1912 821 1967 furibunda
845 1914 1034 1973 comis,
1062 1930 1124 1967 ac
1142 1912 1358 1964 verbere
1377 1912 1565 1963 crebro

535 1995 780 2064 Oraque,
827 2005 1142 2063 pectoraque
1163 2028 1180 2054 ,
1234 2003 1285 2043 et
1337 1987 1562 2043 viridem

537 2071 693 2127 scidit
707 2070 924 2125 horrida
935 2082 1130 2123 vestem
1151 2095 1191 2121 ι.
1208 2070 1565 2123 Confer-antur

541 2150 778 2223 ejusdem
805 2150 1049 2203 adnotata
1075 2148 1144 2201 ad
1169 2148 1299 2213 Stat.
1317 2148 1448 2201 Silv.
1470 2150 1523 2199 11
1544 2190 1560 2214 ,

546 2249 592 2293 1,
619 2246 734 2299 17¹·
767 2227 980 2281 Addere
1009 2240 1086 2281 est
1118 2228 1207 2279 sil.
1245 2226 1361 2279 Ital.
1390 2225 1560 2287 XIII,

539 2308 670 2376 389:
694 2333 716 2353 ι
741 2307 954 2360 Pulsato
968 2308 1167 2360 lacerat
1189 2306 1448 2358 violenter
1467 2325 1562 2377 pe·

539 2399 684 2440 ctore
713 2388 935 2440 amictus
962 2412 1007 2438 ι.
1173 2424 1186 2435 .

613 2466 732 2520 853.
773 2469 864 2517 Ubi
891 2469 1088 2534 deponit
1128 2480 1347 2533 questum
1380 2465 1446 2517 H.
1485 2469 1566 2517 aba·

542 2550 731 2613 depulsi
756 2560 948 2613 questus
969 2546 1033 2597 G.
1061 2564 1083 2597 1
1108 2562 1124 2609 ς
1161 2547 1243 2595 ubi
1258 2547 1464 2612 depositi
1477 2564 1567 2612 ge-

543 2627 684 2677 mitus
721 2626 786 2679 G.
837 2644 882 2677 2.
920 2622 1318 2680 Praeferendum
1359 2622 1569 2676 videtur

538 2708 773 2772 gemitus,
800 2704 924 2775 quia
947 2718 1140 2772 questus
1166 2702 1328 2755 modo
1349 2701 1538 2755 adsui&

617 2785 736 2849 854.
774 2788 942 2836 Tristis
979 2787 1065 2836 aie.
1095 2784 1294 2835 Versus
1333 2782 1422 2835 hic
1457 2781 1567 2834 sine

544 2866 707 2919 dubio
734 2864 977 2919 insititiuz
1003 2876 1054 2917 et
1076 2861 1286 2933 spurius
1309 2872 1400 2915 est.
1429 2860 1568 2913 Nam

542 2966 574 3000 a
603 2945 719 2998 cod.
745 2944 962 2998 Helmst.
985 2956 1036 2997 et
1064 2944 1128 2997 G.
1167 2961 1190 2995 1
1217 2941 1395 3006 abest,
1434 2954 1485 2995 et
1511 2939 1569 2993 in

543 3028 608 3080 G.
633 3048 660 3079 2
679 3040 802 3099 poet
824 3044 1034 3080 versum
1054 3025 1156 3082 858
1176 3025 1394 3096 ponitur
1418 3041 1569 3094 aequc

542 3108 748 3178 inepte,
776 3106 1056 3159 manifesto
1095 3106 1246 3175 signo
1283 3102 1567 3173 interpola·

544 3186 719 3239 tionis.
739 3187 806 3237 Et
829 3186 1051 3237 verbum
1076 3187 1148 3235 aie
1173 3200 1323 3235 versu
1357 3181 1462 3235 856
1493 3199 1571 3233 re-

545 3265 764 3337 petitum
787 3264 1142 3329 demonstrat,
1164 3261 1302 3315 idem
1331 3260 1571 3314 hocloco

543 3344 679 3397 salso
705 3344 958 3397 insertum
991 3360 1118 3394 esse.
1154 3342 1343 3413 ltaque
1369 3339 1573 3398 offendi

545 3443 653 3477 non
693 3423 919 3477 debebat
962 3420 1206 3475 Barthius
1228 3459 1243 3482 ,
1283 3418 1413 3472 Adv.
1454 3438 1570 3489 pag.

551 3504 685 3575 2753
705 3541 721 3566 ,
749 3502 910 3557 verbo
934 3502 1238 3559 cruciabere,
1281 3497 1427 3570 quod
1469 3498 1574 3549 hoc

546 3602 704 3636 versu
725 3580 986 3644 occurrit,
1011 3590 1278 3648 tamquam
1304 3596 1400 3649 pro
1428 3580 1567 3627 dole-

547 3666 618 3714 bis
649 3662 848 3735 posito,
887 3672 940 3713 et
975 3658 1361 3711 barbarismum
1397 3656 1573 3709 incur·

546 3756 726 3806 rente3
755 3760 926 3812 neque
964 3756 1172 3791 necesse
1210 3750 1312 3802 est,
1350 3746 1408 3788 ut
1447 3753 1567 3786 cum

549 3823 613 3874 cl.
629 3825 821 3873 Anton.
845 3824 908 3871 de
931 3825 1084 3881 Rooy,
1107 3818 1243 3891 Spic.
1265 3814 1384 3869 crit.
1406 3833 1455 3885 p.
1475 3832 1570 3882 99,

547 3901 812 3970 corrigere
835 3912 1092 3951 tentemus
1113 3898 1169 3951 in
1190 3898 1536 3949 obenaneabere
1551 3914 1569 3944 .-

549 3998 782 4050 namque
807 3990 951 4029 totus
970 3976 1143 4047 potius
1161 3993 1340 4027 versus
1357 3972 1571 4044 ejicien-

551 4058 652 4119 dus
684 4070 790 4121 est,
821 4068 872 4108 et
905 4058 1124 4108 verbum
1155 4057 1438 4105 cruciabere
1469 4052 1571 4102 hoe

551 4152 708 4188 senen
751 4134 988 4187 redolere
1037 4133 1170 4186 mihi
1217 4130 1398 4186 nescio
1441 4128 1571 4201 quid

1652 1597 1845 1667 plebeii
1864 1609 1915 1649 et
1936 1598 2147 1649 barbari
2170 1598 2428 1651 sermonis
2450 1596 2681 1649 videtur.

1723 1676 1840 1729 856.
1880 1682 2197 1746 Magnusque
2236 1696 2377 1736 meo,
2418 1678 2677 1735 violente,

1651 1758 1811 1806 dolori
1851 1760 2094 1807 Pet-solves
2124 1774 2318 1823 poenas.
2356 1753 2445 1806 Sic
2478 1754 2686 1824 optime

1650 1833 1867 1886 Helmst.
1917 1834 2004 1887 cui
2054 1832 2317 1886 adludunt
2352 1833 2418 1885 G.
2455 1850 2477 1883 1
2512 1846 2567 1883 et
2612 1852 2641 1884 a
2668 1870 2685 1895 ,

1651 1932 1934 1981 magnoque
1946 1951 2063 1965 .....
2074 1916 2263 1965 dolore.
2296 1913 2511 1977 Quanto
2537 1910 2686 1965 dete-

1652 1992 1761 2043 rius
1787 1993 2037 2063 vulgata!
2076 2011 2361 2061 magnoque
2384 2011 2525 2051 meo,
2566 1994 2683 2042 vio-

1653 2076 1807 2132 lente,
1844 2076 2011 2123 labore
2036 2076 2280 2123 Per-solves
2296 2090 2489 2137 pamas.
2514 2070 2685 2122 Caete-

1652 2168 1769 2201 rum
1811 2151 2090 2213 Bai-thius,
2130 2148 2263 2203 Adv.
2283 2168 2341 2221 p.
2370 2149 2505 2219 2753
2530 2190 2546 2213 ,
2588 2168 2685 2220 pu·

1650 2238 1725 2281 tat
1758 2243 2023 2283 auctorem
2063 2233 2327 2281 violentum
2366 2228 2598 2280 convicii
2636 2239 2687 2279 et

1650 2310 1887 2362 criminis
1914 2312 2032 2363 loco
2054 2309 2278 2361 voluisse
2304 2307 2687 2377 accipi,eoque

1653 2388 1821 2442 videri
1866 2408 1928 2442 eo
1982 2390 2173 2442 saeculo
2216 2387 2517 2460 scripsisse,
2574 2406 2685 2459 qno

1654 2467 1779 2521 talia
1798 2470 1965 2522 secius
1990 2482 2149 2540 atque
2177 2486 2274 2539 par
2296 2478 2408 2519 erat
2430 2468 2685 2537 usurpari

1656 2558 2057 2600 consueverunt.
2082 2547 2197 2617 Ego
2216 2564 2342 2598 vero
2370 2545 2571 2597 frustra
2596 2544 2685 2597 hic

1654 2628 1819 2697 quaeri
1846 2625 2141 2679 convicium
2172 2638 2223 2677 et
2260 2624 2462 2677 crimen
2501 2622 2687 2676 existi·

1654 2723 1774 2767 mo;
1802 2704 1895 2757 sed
1922 2716 2191 2776 tamquam
2220 2704 2478 2756 violentus
2505 2703 2683 2755 incre-

1656 2796 1833 2855 patur,
1851 2784 1945 2855 qui
1973 2782 2143 2835 audax
2162 2796 2217 2835 et
2240 2782 2552 2834 temerarius
2568 2796 2649 2834 est
2666 2822 2684 2845 ‚

1658 2878 1711 2917 et
1740 2864 1943 2915 viribus
1987 2862 2095 2915 suis
2135 2861 2273 2913 malo
2310 2861 2490 2912 utitur.
2527 2862 2685 2913 Certe

1658 2964 1767 2997 non
1807 2944 1959 2996 aliter
2000 2941 2253 3003 Ovidius,
2298 2958 2459 3011 quem
2502 2950 2554 2991 et
2596 2939 2685 2992 hic

1660 3034 1913 3096 sequutus
1932 3021 2157 3092 scriptor
2174 3018 2407 3081 videtur,
2433 3018 2560 3071 Met.
2579 3019 2685 3081 lx,

1664 3123 1758 3157 121
1790 3120 1805 3156 z
1851 3129 1873 3149 ι
1910 3101 2034 3167 Quo
2074 3112 2126 3152 te
2170 3098 2408 3162 fiducia,
2450 3096 2685 3162 clamet,

1658 3184 1815 3236 Vana
1848 3181 2071 3252 pedum,
2102 3178 2349 3240 violente,
2378 3178 2519 3247 rapit
2536 3202 2583 3229 n.
2616 3208 2685 3216 —

1659 3264 1769 3316 Nec
1796 3260 1948 3313 aliter
1974 3258 2041 3311 de
2066 3259 2187 3330 ipso
2217 3258 2391 3309 Marte
2406 3256 2683 3317 Tibullus.

1661 3342 1763 3405 IV,
1788 3360 1840 3405 α,
1874 3342 1943 3393 3:
1984 3365 2011 3385 α
2030 3349 2085 3391 at
2102 3350 2187 3403 tu,
2212 3336 2462 3398 violente,
2498 3348 2684 3389 caveto

1660 3422 1742 3473 Ne
1774 3422 1871 3473 tibi
1908 3420 2123 3473 miranti
2153 3416 2378 3487 turpiter
2417 3435 2560 3469 arma
2604 3434 2683 3469 ca·

1660 3498 1792 3552 dant
1811 3524 1832 3545 ι
1846 3540 1861 3552 .
1888 3500 1955 3552 Et
1972 3496 2226 3557 Ovidius,
2250 3495 2305 3546 in
2324 3495 2443 3546 Ibin
2464 3532 2479 3555 ,
2502 3514 2553 3545 v.
2580 3512 2679 3547 ποτ

1661 3605 1682 3626 ι
1706 3581 1773 3631 At
1797 3579 1923 3641 tibi,
1946 3577 2159 3631 calcasti
2176 3576 2269 3647 qui
2292 3594 2378 3627 me
2394 3614 2408 3639 ,
2428 3574 2681 3639 violente,

1654 3662 1917 3732 jacentem
1954 3682 1999 3709 ι.
2037 3656 2133 3709 En.

1731 3738 1847 3807 857.
1872 3740 2125 3788 Pet-solvas
2137 3753 2315 3803 peenas
2332 3734 2391 3785 L.
2410 3732 2513 3783 Pro
2526 3734 2685 3782 vietor

1660 3818 1836 3871 nescio
1856 3834 1925 3868 an
1953 3814 2141 3867 melius
2168 3813 2326 3865 fuerit
2348 3814 2509 3863 vietus
2531 3830 2550 3860 .·
2591 3809 2683 3863 sed

1660 3898 1789 3951 MSS
1818 3894 2133 3966 conspirant.

1733 3968 1849 4035 859.
1880 3974 1995 4017 Post
2010 3970 2117 4018 hoec
2138 3965 2205 4017 G.
2238 3982 2255 4015 ι
2286 3974 2337 4015 et
2368 3981 2415 4013 2.
2447 3966 2565 4009 Post
2590 3962 2679 4008 hoc

1662 4046 1877 4116 vulgati.
1903 4051 2155 4097 Ace-emus
2169 4044 2323 4110 furiis
2346 4038 2530 4108 virgil.
2562 4038 2681 4091 AEn.

1662 4126 1765 4178 XII
1784 4162 1802 4190 ‚
1838 4125 1957 4193 946.
