2975 4684
480 411 566 430 “Q
571 410 751 430 mm
755 407 1665 428 mmmmmmmmm
1668 407 1723 426 δ,
1728 403 2589 428 §mus-“mmm

1371 721 1645 826 XII.

1119 1015 1889 1142 INCERTI

430 1371 434 1376 ,
489 1311 1292 1380 EPITHALAMIUM
1355 1311 1914 1382 LAUR·ENT·II
1976 1311 2097 1378 ET
2160 1309 2537 1380 MARIAE.

548 1771 906 1888 INPmms
939 1833 1007 1886 te
1029 1871 1048 1900 ‚
1086 1842 1354 1911 sponse,
1396 1840 1651 1910 precor,
1695 1817 1950 1909 patiare
1986 1831 2329 1885 canentem
2350 1869 2369 1902 ,

537 1931 806 2022 Tuque,
841 1927 1096 2022 puella,
1137 1928 1349 2021 magis
1391 1927 1597 1995 tacito
1631 1927 1798 1995 mihi
1843 1929 2136 1996 carmine
2173 1951 2425 2021 parcas,

539 2040 801 2108 Scimus
831 2019 1015 2109 'enim
1039 2095 1058 2125 ,
1095 2038 1340 2108 scimus
1378 2037 1565 2106 vobis
1602 2062 1784 2106 nunc
1819 2037 2113 2106 carmina
2152 2051 2379 2108 nostra

539 2149 1056 2245 Doctiloquique
1091 2150 1291 2218 etiam
1336 2147 1634 2243 linguam
1672 2147 1955 2216 solidare
1989 2149 2313 2216 Maronis.

535 2259 669 2330 Sed
711 2261 1001 2329 breviter
1035 2259 1449 2353 strictimque
1483 2257 1651 2327 duos
1692 2258 1986 2327 dicemus
2027 2271 2345 2326 amantes.
2501 2315 2523 2335 ,
2559 2274 2581 2310 ⁵

537 2370 787 2440 Maria.
821 2423 837 2439 .
871 2423 886 2436 ,
919 2370 1068 2464 plus
1117 2384 1398 2462 quaerat.
1432 2421 1446 2437 .
1480 2423 1496 2437 .
1531 2393 1743 2462 pauca
1786 2366 2156 2461 loquemur.

515 2642 540 2673 2
550 2661 562 2673 .
592 2625 758 2674 Tacito
775 2625 894 2674 mihi
913 2627 1130 2676 carmine
1143 2643 1345 2692 parcas.
1361 2625 1458 2677 Le·

438 2701 673 2772 gendum
693 2701 902 2755 videtur
925 2705 1150 2764 crimine,
1189 2703 1240 2754 h.
1259 2723 1306 2756 e.
1333 2723 1458 2775 par·

438 2799 528 2834 cas
546 2782 630 2834 vel
647 2783 886 2856 ignoscas
903 2781 1067 2846 mihi,
1087 2781 1357 2836 reticendo
1377 2783 1458 2835 vel

441 2859 767 2932 indulgendo
779 2900 796 2922 ,
815 2863 859 2914 si
877 2860 1008 2934 quid
1023 2860 1303 2928 admisero,
1312 2860 1460 2936 quod

439 2939 708 2992 criminari
733 2941 914 3010 possis.

507 3026 558 3082 4.
581 3023 876 3088 Doctiloqui.
901 3020 1016 3072 Hoc
1039 3037 1232 3072 nomen
1251 3017 1319 3070 de
1337 3037 1457 3090 poe·

435 3098 498 3150 tis
519 3100 712 3152 seriore
734 3118 845 3152 aevo
862 3111 1172 3170 usurpatum
1189 3137 1206 3163 ,
1224 3111 1283 3152 ut
1304 3101 1458 3150 docci-

437 3183 638 3244 quuum
670 3197 866 3230 carmen
891 3197 918 3230 a
942 3179 1234 3250 Reposiano
1251 3217 1266 3242 ,
1297 3197 1346 3229 v.
1370 3197 1452 3231 πο.

438 3285 506 3296 -·—
529 3259 772 3324 Linguam
799 3261 1014 3309 solidare
1046 3257 1461 3310 Maronis.Valde

436 3347 734 3405 suspectum
755 3349 832 3388 est
847 3334 949 3388 hoe
969 3341 1202 3390 solidare.
1223 3337 1460 3389 Fortasse

434 3411 718 3484 legendum
753 3427 830 3468 est
861 3420 1084 3478 sordere,
1125 3417 1228 3470 hoc
1260 3435 1416 3471 sensu
1441 3437 1455 3470 :

437 3492 646 3546 Scimus
665 3513 760 3546 vos
781 3511 923 3548 nunc
951 3495 1025 3546 ita
1051 3497 1220 3551 amori
1242 3515 1460 3568 operam

437 3571 566 3626 darc
590 3611 606 3636 ,
650 3585 708 3626 ut
755 3571 898 3624 nullu
951 3584 1130 3627 nostra
1181 3575 1417 3628 carmina
1441 3613 1457 3637 ,

438 3652 642 3704 etiamsi
695 3650 987 3723 doctiloqui
1039 3653 1275 3706 Maronis
1321 3653 1424 3706 sint
1439 3693 1456 3718 ‚

436 3730 623 3785 audire
648 3731 836 3784 velitis.
867 3729 968 3786 sed
1010 3731 1054 3784 si
1091 3735 1304 3784 solidare
1337 3733 1457 3786 reti-

435 3811 675 3864 nendum
713 3822 790 3864 est
813 3848 829 3875 ,
874 3810 1133 3864 contraria
1181 3811 1294 3865 hoec
1336 3831 1456 3865 sen-

436 3891 598 3944 tentia
647 3891 944 3962 extorqueri
991 3903 1158 3962 potest
1194 3909 1206 3942 :
1248 3893 1456 3946 Scimus

435 3989 530 4022 vos
551 3969 785 4042 legendis
803 3970 1144 4036 carminibus,
1169 3983 1227 4024 ut
1249 3973 1454 4034 nostris,

436 4049 506 4100 ita
531 4048 754 4100 aliorum
779 4061 1079 4118 poetarum,
1118 4051 1456 4123 inprimisque

437 4126 670 4182 Maronis
687 4165 702 4190 ,
722 4127 936 4180 firmare
954 4163 970 4191 ,
992 4129 1216 4183 solidam
1238 4129 1460 4184 reddere

1550 2624 1745 2694 linguae
1762 2627 2009 2676 Romanae
2034 2623 2319 2678 scientiam.
2348 2623 2453 2675 Pro
2480 2623 2579 2676 ad-

1547 2705 1757 2776 quirere
1773 2742 1789 2768 ‚
1812 2704 2151 2766 constituere,
2174 2703 2433 2756 sustinere
2452 2741 2467 2766 ,
2492 2705 2580 2756 vel

1548 2783 1687 2836 alere
1710 2785 1929 2836 verbum
1956 2787 2171 2836 solidare
2201 2795 2461 2854 usurpant
2496 2803 2581 2835 se-

1546 2863 1709 2916 riores
1752 2863 2037 2936 scriptores
2054 2903 2071 2927 ,
2128 2873 2189 2914 ut
2228 2861 2583 2915 Cassiodorus

1547 2942 1759 2996 Vax-iar.
1776 2943 1891 3004 111,
1920 2941 2071 3012 epist.
2098 2943 2160 2996 51
2189 2961 2203 2994 :
2254 2967 2276 2987 ι
2304 2941 2577 2997 Menstrua

1546 3039 1667 3074 eum
1680 3019 1926 3077 duximus
1938 3021 2176 3092 largitate
2190 3018 2576 3074 solidandum».

1618 3103 1670 3152 6.
1710 3103 2078 3170 Maria...plus
2108 3113 2317 3168 qua-rac.
2370 3100 2577 3166 Quam-

1545 3199 1709 3251 quam
1735 3179 1822 3232 hic
1844 3181 2046 3233 lacuna
2073 3180 2285 3250 signum
2324 3191 2403 3232 est
2430 3180 2577 3250 posi-

1550 3271 1663 3312 tum
1682 3299 1699 3324 ‚
1725 3271 1949 3311 metrum
1970 3270 2145 3312 tamen
2164 3299 2181 3325 ,
2202 3258 2402 3310 nullam
2430 3277 2545 3311 esse
2558 3297 2575 3320 ,

1549 3336 1762 3392 indicat.
1800 3339 1999 3390 Versus
2042 3337 2117 3392 sic
2172 3339 2395 3391 sortasse
2444 3337 2577 3390 iute-

1547 3416 1782 3487 grandus
1808 3431 1890 3470 est
1913 3435 1927 3470 :
1959 3441 1981 3464 α
2003 3417 2171 3470 Maria
2198 3416 2319 3488 plus
2344 3428 2576 3488 querat,

1548 3493 1617 3548 de
1634 3515 1829 3568 sponso
1846 3515 2014 3567 pauca
2034 3497 2315 3568 loquemur
2335 3522 2381 3549 υ.
2400 3495 2573 3548 Maria

1549 3594 1741 3639 nomen
1782 3593 1985 3645 sponsae
2016 3588 2095 3629 est
2109 3617 2125 3642 ,
2160 3575 2311 3646 quod
2342 3587 2395 3627 et
2415 3593 2575 3627 versu

1554 3673 1617 3708 ιο
1648 3655 1904 3710 occurrit.
1943 3655 2106 3721 Quod
2143 3654 2352 3710 diversa
2386 3654 2577 3727 primae

1548 3734 1759 3806 syllaba
1790 3753 2033 3788 mensura
2060 3735 2151 3787 hic
2178 3747 2230 3786 et
2264 3734 2374 3788 illie
2416 3735 2577 3805 poni-

1546 3825 1655 3876 tur,
1668 3813 1878 3866 licentia
1894 3825 2061 3885 poetae
2079 3824 2155 3877 est
2170 3851 2185 3878 ,
2206 3813 2340 3865 utin
2358 3811 2576 3865 nomine

1543 3893 1785 3964 proprie,
1815 3890 2392 3964 ignoscenda.-Forte
2414 3891 2572 3944 etiam

1546 3985 1623 4026 est
1636 3971 1947 4042 dissyllabus
1966 3983 2016 4023 et
2036 3971 2219 4022 ultima
2239 3969 2573 4041 producitur,

1550 4063 1603 4103 ut
1625 4069 1757 4121 saepe
1782 4051 1841 4101 fit
1868 4051 1921 4100 in
1948 4050 2249 4102 nominibus
2269 4050 2497 4122 propriis
2514 4051 2573 4106 iu

1550 4151 1584 4182 a
1606 4129 1968 4184 desinentibus
1982 4167 1999 4194 ,
2024 4133 2159 4182 Leda
2173 4168 2188 4190 ,
2216 4141 2315 4184 ete.
2343 4130 2439 4182 En.
