2975 4684
640 401 1079 470 CONCUB.

1131 362 1523 469 MAR‘ns
1588 403 1711 470 ET
1774 401 2235 468 VENEffls.

2361 396 2503 494 327

469 529 608 594 Cur
651 524 864 592 nodos
909 525 1188 593 Veneris
1227 522 1558 616 Cyclopea
1600 521 1865 590 flamma
1906 520 2167 615 paravit
2187 519 2239 587 Ξ)-

469 637 572 704 De
608 634 812 703 roseis
845 649 1168 703 connecte
1205 657 1474 718 manuS‚
1503 631 1837 716 Vulcane‚
1864 615 2151 717 cateniS,
2450 651 2502 692 ³0

468 747 612 813 Nec
649 759 724 814 tu
761 745 1002 814 deinde
1051 743 1250 840 ligeS‚
1289 743 1404 813 sed
1440 742 1727 813 blandus
1762 741 1979 812 vincla
2017 741 2319 837 Cupido,

467 857 570 928 Ne
610 854 862 949 palmas
899 855 1070 936 duro
1111 855 1334 924 nodus
1371 853 1573 924 modo
1608 852 1883 922 vulnere
1918 851 2127 922 laedat.

563 967 791 1035 Lucus
833 981 978 1035 erat
1016 966 1222 1036 Marti
1263 981 1521 1060 gratus,
1562 979 1713 1058 post
1744 962 2015 1032 vulnera
2046 963 2301 1032 Adonis

469 1078 692 1146 Pictus
729 1101 956 1146 amore
988 1079 1190 1160 Deae3
1217 1075 1271 1145 si
1309 1076 1543 1146 Phoebi
1593 1074 1843 1144 lumina
1884 1073 2133 1154 desint,

375 1291 550 1382 Inter,
585 1293 846 1348 adulterio
871 1295 956 1350 vel
983 1295 1106 1368 justi
1131 1299 1250 1368 jure
1281 1314 1390 1348 ma-

375 1381 488 1437 rm,
515 1383 614 1425 etc.
636 1399 662 1418 »ι

447 1468 528 1520 ²9·
559 1455 796 1520 Cyclopea
795 1455 1030 1522 flamma.
1054 1455 1390 1525 Quamquam

373 1528 448 1583 sie
485 1549 667 1584 omnes
707 1531 913 1584 schedae
949 1534 1222 1596 scribunt,
1265 1533 1422 1586 Bur-‘

373 1627 600 1663 mannus
627 1622 803 1662 tamen
826 1612 1020 1664 rectius
1043 1623 1196 1685 putat
1222 1616 1393 1678 chlo·

365 1692 482 1759 pia,
519 1689 664 1743 tertia
693 1703 930 1764 correpta
949 1733 966 1760 ,
991 1711 1110 1765 quae
1137 1693 1191 1745 in
1222 1697 1394 1757 &010-

362 1789 466 1837 μα
490 1768 833 1840 producitur:
863 1771 1134 1842 quomodo
1161 1783 1212 1824 et
1230 1771 1395 1824 Hein-

375 1847 484 1901 sius
514 1849 808 1902 observavit
835 1849 904 1903 ad
927 1850 1214 1922 Virgilium
1230 1891 1247 1917 ,
1271 1853 1392 1904 AEn.

375 1931 402 1982 1
419 1967 434 1993 ,
471 1927 588 1982 205.

447 2007 536 2061 31.
588 2012 689 2059 Sed
730 2011 940 2060 blandus
984 2012 1156 2061 vincla
1195 2013 1394 2076 Cupido.

377 2089 704 2142 Burmannus
755 2087 971 2160 conjicit
1015 2093 1100 2140 dee
1145 2092 1390 2148 blandus,

375 2167 521 2240 quod
545 2186 654 2219 non
683 2166 937 2238 improbo.

448 2249 535 2301 32.
578 2251 658 2298 Ne
687 2251 885 2315 palmas
927 2251 1051 2300 duro
1095 2252 1270 2299 nodus.
1309 2247 1397 2299 sie

375 2327 538 2381 salm.
566 2324 730 2380 codex
769 2337 822 2380 et
859 2327 1066 2380 schedae
1104 2326 1314 2380 Divion.
1339 2325 1396 2377 iu

375 2423 604 2478 quarum
625 2407 860 2478 margine
878 2411 1194 2460 commodus:
1216 2405 1270 2458 in
1289 2403 1401 2457 Lei-

377 2484 526 2538 densi
543 2483 662 2539 cod.
687 2491 965 2540 commodus
985 2491 1193 2540 vulnere
1215 2488 1396 2545 laedae,

377 2563 470 2618 sed
523 2563 582 2616 in
629 2567 868 2637 margine
912 2565 1246 2620 emendatum
1267 2605 1282 2631 ‚
1325 2569 1405 2616 Ne

369 2649 570 2711 palmas
591 2648 716 2696 dum
735 2660 992 2697 commotus
1007 2649 1214 2696 vulnere
1230 2647 1400 2699 laedat.

379 2721 790 2795 Oudendorpius
813 2725 1023 2777 volebat
1041 2728 1150 2776 diro
1171 2743 1280 2776 cum
1307 2745 1400 2774 no-

379 2805 455 2854 dis
474 2807 682 2856 vulnere
702 2808 879 2864 Ite-dae,
900 2803 959 2857 id
977 2815 1076 2868 est,
1095 2822 1163 2856 ne
1185 2801 1403 2874 quando

385 2881 550 2936 nodet
569 2901 658 2936 eas
672 2925 690 2951 ,
711 2883 928 2938 vulnere
946 2883 1104 2937 ledat
1119 2925 1135 2950 ,
1161 2884 1272 2936 sive
1289 2882 1404 2934 vul-

381 2980 511 3016 nera
539 2963 700 3016 simul
725 2981 850 3016 cum
877 2962 1032 3017 nodis
1057 2961 1292 3033 infligat3
1323 2961 1404 3013 vel

382 3047 700 3106 connodata,
730 3061 847 3115 quae
881 3063 986 3096 vox
1009 3042 1154 3116 apud
1182 3043 1404 3112 Prospe-

380 3139 502 3174 rum
523 3123 701 3192 Aquit.
727 3136 780 3177 et
803 3123 986 3177 similis
1009 3122 1264 3193 temporis
1283 3120 1408 3172 scri-

381 3213 560 3272 ptores
567 3201 694 3254 huic
708 3214 875 3273 poetae
889 3221 998 3256 non
1013 3199 1166 3254 valde
1179 3199 1409 3272 dispares

391 3283 641 3334 occurrit.
670 3281 846 3336 Bama-

449 3359 543 3414 33.
553 3367 668 3412 Post
680 3365 893 3414 vulnera
905 3364 1114 3414 Adonis.
1131 3359 1218 3414 Sic
1236 3359 1410 3430 legen-

387 3438 516 3492 dum
553 3459 616 3493 ex
646 3439 872 3495 Salmas.
903 3451 958 3493 et
982 3439 1188 3494 Divion.
1209 3439 1411 3491 Vitiose

389 3518 444 3572 in
469 3517 619 3572 Leid.
641 3517 762 3572 cod.
777 3535 896 3589 pose
912 3525 1127 3572 vulnera
1151 3522 1295 3572 donis
1311 3540 1330 3578 ,-
1360 3528 1412 3570 et

389 3619 446 3650 se
474 3603 634 3654 Pkoebi
662 3619 715 3651 v.
748 3601 832 3663 34.
851 3604 1042 3652 Adonis
1063 3600 1412 3672 proAdom'ds's

391 3669 672 3750 perperam
695 3677 804 3732 dici
823 3679 1030 3734 monuit
1045 3678 1294 3745 Vossius,
1311 3677 1404 3730 lib.

389 3757 446 3810 11
466 3757 534 3810 de
553 3759 811 3832 Analogia
827 3798 846 3826 ,
883 3777 1000 3831 cap.
1023 3777 1056 3826 9
1077 3777 1090 3810 :
1131 3770 1306 3812 tamen
1334 3757 1409 3811 ita

391 3835 536 3908 apud
575 3837 838 3906 Plinium,
869 3839 964 3892 lib.
995 3837 1158 3902 XIX,
1195 3857 1310 3908 cap.
1338 3843 1406 3900 4:

395 3915 626 3970 ·Hortos
647 3936 830 4009 regum
843 3915 1046 3970 Adonis
1065 3927 1116 3968 et
1131 3915 1340 3968 Alcinoi
1353 3935 1408 3978 ·;

393 4005 446 4046 et
473 3999 643 4047 Adoni
675 3998 730 4049 in
764 3997 1011 4068 Inscript.
1040 3994 1184 4066 apud
1215 3995 1409 4049 Min-,at

393 4083 432 4126 t.
451 4075 550 4138 IV,
575 4095 626 4146 p.
660 4095 826 4144 2099,
852 4089 951 4130 etc.
982 4077 1163 4128 anu.

419 4155 556 4218 34.
567 4157 742 4212 Pictas
763 4175 931 4212 amore
961 4161 1099 4208 Deae.
1141 4154 1228 4207 Sic
1253 4151 1412 4210 edidit

1467 1296 1851 1360 ,Bm-manuus,
1882 1315 1980 1348 nec
2012 1297 2303 1368 quidquam
2339 1295 2504 1348 adno-

1481 1376 1635 1428 tavit.
1665 1375 1779 1428 Nisi
1819 1394 1991 1446 operoe
2027 1374 2313 1428 erraverint
2336 1413 2349 1436 ‚
2386 1393 2503 1426 cor-

1477 1463 1636 1525 rupta
1698 1454 1905 1506 videtur
1960 1455 2156 1518 dictio,
2205 1472 2365 1525 quam
2422 1453 2506 1504 vix

1484 1533 1762 1587 admittere
1794 1535 1979 1604 possis.
2016 1535 2130 1604 Ego
2152 1531 2405 1588 suaserim
2434 1531 2505 1584 le-

1484 1613 1719 1684 gendum
1764 1620 1935 1665 Lectus
1991 1613 2073 1666 vei
2122 1601 2290 1668 Dic—tus
2342 1631 2507 1662 amore

1485 1699 1637 1756 Deoe,
1676 1693 1781 1747 boc
1822 1705 1931 1761 est,
1970 1692 2241 1756 addictus,
2281 1691 2503 1744 dicatus.

1484 1773 1686 1842 Nempe
1721 1771 1905 1824 Venus
1927 1809 1943 1836 ,
1985 1791 2105 1842 quae
2140 1783 2257 1843 post
2289 1770 2505 1822 vulnera

1487 1850 1766 1914 Adonidis,
1784 1850 1869 1906 vel
1888 1851 2137 1904 amissum
2160 1853 2213 1903 in
2236 1851 2355 1904 luco
2368 1849 2509 1901 Ado-

1481 1928 1685 1994 nidem,
1702 1929 1832 1982 alios
1844 1931 1995 1983 lucos
2007 1929 2237 1982 aversari
2251 1940 2505 2000 coeperat,

1481 2009 1627 2062 hunc
1664 2020 1839 2062 tamen
1875 2027 1985 2081 pras
2022 2010 2220 2062 ceteris
2264 2008 2505 2070 amabat,

1483 2087 1687 2160 sibique
1732 2089 1931 2159 legerat
1982 2088 2061 2140 vel
2114 2087 2387 2141 dicaverat
2436 2083 2506 2136 ad

1484 2186 1691 2221 amores
1744 2186 1867 2222 suos
1922 2167 2261 2222 exercendos.
2316 2166 2399 2220 Sic
2452 2165 2505 2220 in

1485 2246 1861 2318 epigrammate
1874 2247 2105 2300 Petronii
2121 2266 2275 2318 ,.eap
2298 2247 2427 2307 132,
2458 2255 2509 2296 et

1486 2327 1543 2378 in
1570 2315 1759 2398 Scalig-
1790 2327 2043 2380 Catalect.
2076 2345 2195 2398 pag.
2220 2328 2349 2391 208,
2388 2325 2505 2376 Nic.

1487 2404 1734 2458 Heinsius
1768 2405 2008 2476 legebat:
2044 2407 2215 2476 «lpse
2240 2403 2507 2477 paterve-

1489 2485 1605 2540 neri
1622 2485 1775 2538 dictis
1793 2485 2089 2553 Epicurus
2072 2505 2129 2538 m
2146 2485 2310 2538 hortis
2328 2484 2477 2536 Lusit
2494 2521 2509 2544 ,

1494 2578 1545 2618 et
1560 2566 1701 2618 hanc
1722 2565 1889 2618 vitam
1916 2566 2049 2619 dixit
2067 2566 2267 2620 babere
2296 2567 2431 2618 Deos
2454 2589 2475 2609 ·
2498 2605 2512 2629 ,

1493 2646 1571 2698 uti
1590 2643 1929 2698 emendatum
1956 2646 2025 2698 ab
2050 2664 2115 2698 eo
2140 2663 2252 2700 esse
2284 2645 2338 2697 in
2372 2643 2512 2698 notis

1492 2723 1703 2777 ineditis
1736 2722 1803 2774 ad
1841 2724 1983 2776 Cirin
2006 2765 2022 2791 ,
2065 2744 2113 2777 v.
2154 2727 2254 2789 84,
2297 2735 2513 2776 testatur

1461 2811 1467 2818 ‘
1492 2804 1671 2858 Burm.
1701 2823 1805 2856 sec.
1831 2804 2049 2858 Anthol.
2081 2817 2115 2857 t.
2146 2807 2204 2870 1,
2240 2823 2360 2876 pag.
2382 2805 2505 2856 682.

1493 2882 1645 2937 Idem
1672 2882 1919 2936 Heinsius
1954 2885 2011 2936 in
2047 2884 2425 2955 epigrammate
2450 2887 2513 2934 de

1494 2965 1811 3030 navigatione
1830 2962 2081 3032 inscripto
2100 3000 2115 3024 ,
2136 2962 2281 3036 quod
2308 2981 2404 3033 ego
2430 2961 2511 3015 in-

1496 3042 1578 3095 fra
1628 3044 1765 3096 inter
1819 3043 2117 3096 testimonia
2162 3042 2230 3095 de
2275 3044 2515 3114 Epitome

1498 3121 1691 3174 Iliados
1718 3123 1936 3175 Homeri
1962 3123 2229 3194 proferam
2250 3160 2265 3186 ,
2294 3122 2518 3194 corrige·

1496 3202 1619 3253 bat:
1662 3227 1686 3246 ιι
1712 3201 1813 3254 Hic
1855 3201 2009 3254 statio
2054 3212 2130 3254 est
2170 3201 2341 3254 tacitis
2380 3200 2517 3254 dicta

1498 3280 1849 3351 Cupidinibus
1870 3305 1909 3331 »-
1945 3280 2070 3334 Vid.
2094 3282 2273 3334 Burm.
2300 3282 2513 3334 Anthol.

1500 3375 1537 3415 t.
1557 3363 1583 3413 I
1602 3399 1617 3424 ,
1640 3379 1763 3432 pag.
1784 3361 1906 3412 502.
1934 3360 2021 3413 Sic
2045 3365 2269 3412 Vulcano
2287 3365 2517 3412 condicta

1500 3446 1671 3493 domus
1696 3437 1869 3492 adsuit
1890 3439 1943 3492 in
1971 3439 2183 3506 Gratio,
2216 3459 2269 3492 v.
2300 3439 2403 3502 433
2424 3457 2447 3504 ς·
2468 3451 2519 3492 et

1502 3519 1655 3575 Ovid.
1676 3521 1817 3572 Fast.
1838 3519 1923 3570 111
1942 3559 1957 3584 ,
1982 3521 2080 3574 205
2102 3539 2115 3572 :
2148 3519 2525 3578 «Conveniunt,

1501 3612 1683 3673 nuptae
1706 3597 1901 3652 dictam
1923 3600 1957 3652 J
1960 3598 2149 3652 unonis
2184 3598 2253 3650 ad
2286 3595 2451 3650 eedem
2472 3625 2516 3650 a.

1504 3679 1628 3733 Vid.
1644 3679 1799 3732 etiam
1822 3689 1933 3732 not.
1952 3679 2021 3732 ad
2047 3679 2299 3748 Oalpurn.
2320 3679 2394 3731 XI
2416 3716 2432 3741 ,
2464 3677 2517 3730 8.

1498 3759 1669 3812 Possis
1708 3759 1929 3813 fortasse
1970 3759 2175 3812 facilius
2210 3757 2299 3809 bic
2348 3758 2520 3828 legere

1498 3842 1686 3909 Dignus
1713 3857 1881 3890 amore
1900 3843 2036 3898 Deoe,
2056 3837 2155 3889 nisi
2175 3837 2355 3889 statim
2378 3835 2519 3888 idem

1500 3917 1697 3972 diceret
1718 3925 1933 3972 auctor:
1962 3944 1987 3966 ιι
2012 3916 2205 3988 dignus
2230 3934 2389 3989 quem
2412 3915 2518 3988 Cy-

1504 3997 1612 4068 pria
1641 4009 1909 4060 amaret-3
1946 4009 1997 4050 et
2016 4015 2111 4058 ys.
2146 4003 2212 4060 44
2236 4035 2249 4054 ,
2265 4023 2303 4040 -ι-
2324 3994 2522 4066 Dignus

1502 4095 1685 4131 amore
1708 4077 1855 4130 iocus
1875 4103 1931 4139 n,
1970 4075 2114 4149 quod
2147 4073 2335 4126 iisdem
2370 4073 2523 4144 plane

1502 4155 1676 4210 verbis
1727 4157 1781 4209 in
1839 4155 2215 4229 epigrammate
2256 4153 2523 4219 Petronii,
