<?xml version="1.0" encoding="UTF-8"?>
<!DOCTYPE html PUBLIC "-//W3C//DTD XHTML 1.0 Transitional//EN"
    "http://www.w3.org/TR/xhtml1/DTD/xhtml1-transitional.dtd">
<html xmlns="http://www.w3.org/1999/xhtml" xml:lang="en" lang="en">
 <head>
  <title>
</title>
<meta http-equiv="Content-Type" content="text/html;charset=utf-8" />
  <meta name='ocr-system' content='tesseract 3.04.00' />
  <meta name='ocr-capabilities' content='ocr_page ocr_carea ocr_par ocr_line ocrx_word'/>
</head>
<body>
  <div class='ocr_page' id='page_1' title='image "./poetaelatinimin00unkngoog_0508.png"; bbox 0 0 2975 4684; ppageno 0'>
   <div class='ocr_carea' id='block_1_1' title="bbox 807 334 2472 433">
    <p class='ocr_par' dir='ltr' id='par_1_1' title="bbox 807 334 2472 433">
     <span class='ocr_line' id='line_1_1' title="bbox 807 334 2472 433; baseline 0.016 -35"><span class='ocrx_word' id='word_1_1' title='bbox 807 334 1255 403; x_wconf 81' lang='lat' dir='ltr'><strong>RATIONE</strong></span> <span class='ocrx_word' id='word_1_2' title='bbox 1309 336 1432 402; x_wconf 88' lang='lat' dir='ltr'><strong>ET</strong></span> <span class='ocrx_word' id='word_1_3' title='bbox 1488 334 2007 405; x_wconf 82' lang='lat' dir='ltr'><strong>SUBSIDHs.</strong></span> <span class='ocrx_word' id='word_1_4' title='bbox 2328 339 2472 433; x_wconf 74' lang='lat'><strong>499</strong></span> 
     </span>
    </p>
   </div>
   <div class='ocr_carea' id='block_1_2' title="bbox 351 460 2491 3714">
    <p class='ocr_par' dir='ltr' id='par_1_2' title="bbox 351 460 2491 2344">
     <span class='ocr_line' id='line_1_2' title="bbox 357 460 2469 552; baseline 0.003 -27"><span class='ocrx_word' id='word_1_5' title='bbox 357 476 584 525; x_wconf 90' lang='lat' dir='ltr'><strong>auctor</strong></span> <span class='ocrx_word' id='word_1_6' title='bbox 613 460 748 526; x_wconf 83' lang='lat' dir='ltr'><strong>fere</strong></span> <span class='ocrx_word' id='word_1_7' title='bbox 777 462 1026 550; x_wconf 88' lang='lat' dir='ltr'><strong>ubique</strong></span> <span class='ocrx_word' id='word_1_8' title='bbox 1056 464 1244 552; x_wconf 88' lang='lat' dir='ltr'><strong>plana</strong></span> <span class='ocrx_word' id='word_1_9' title='bbox 1273 464 1570 551; x_wconf 85' lang='lat' dir='ltr'><strong>facilique</strong></span> <span class='ocrx_word' id='word_1_10' title='bbox 1602 465 1891 529; x_wconf 88' lang='lat' dir='ltr'><strong>oratione</strong></span> <span class='ocrx_word' id='word_1_11' title='bbox 1922 466 2162 548; x_wconf 87' lang='lat' dir='ltr'><strong>utitur,</strong></span> <span class='ocrx_word' id='word_1_12' title='bbox 2212 490 2356 531; x_wconf 89' lang='lat' dir='ltr'><strong>raro</strong></span> <span class='ocrx_word' id='word_1_13' title='bbox 2388 470 2469 531; x_wconf 91' lang='lat' dir='ltr'><strong>ab</strong></span> 
     </span>
     <span class='ocr_line' id='line_1_3' title="bbox 355 567 2469 662; baseline 0.003 -32"><span class='ocrx_word' id='word_1_14' title='bbox 355 568 586 631; x_wconf 85' lang='lat' dir='ltr'><strong>usitata</strong></span> <span class='ocrx_word' id='word_1_15' title='bbox 614 567 921 655; x_wconf 88' lang='lat' dir='ltr'><strong>loquendi</strong></span> <span class='ocrx_word' id='word_1_16' title='bbox 952 570 1200 633; x_wconf 88' lang='lat' dir='ltr'><strong>ratione</strong></span> <span class='ocrx_word' id='word_1_17' title='bbox 1229 568 1471 633; x_wconf 78' lang='lat' dir='ltr'>recedit</span> <span class='ocrx_word' id='word_1_18' title='bbox 1489 618 1507 649; x_wconf 94' lang='lat'><strong>,</strong></span> <span class='ocrx_word' id='word_1_19' title='bbox 1540 591 1685 635; x_wconf 89' lang='lat' dir='ltr'><strong>raro</strong></span> <span class='ocrx_word' id='word_1_20' title='bbox 1719 569 2025 661; x_wconf 83' lang='lat' dir='ltr'><strong>adsurgit.</strong></span> <span class='ocrx_word' id='word_1_21' title='bbox 2067 573 2295 660; x_wconf 80' lang='lat' dir='ltr'><strong>Neque</strong></span> <span class='ocrx_word' id='word_1_22' title='bbox 2331 575 2469 662; x_wconf 88' lang='lat' dir='ltr'><strong>epi-</strong></span> 
     </span>
     <span class='ocr_line' id='line_1_4' title="bbox 355 674 2469 765; baseline 0.003 -29"><span class='ocrx_word' id='word_1_23' title='bbox 355 695 507 736; x_wconf 91' lang='lat' dir='ltr'><strong>cum</strong></span> <span class='ocrx_word' id='word_1_24' title='bbox 527 688 784 761; x_wconf 88' lang='lat' dir='ltr'><strong>poetam</strong></span> <span class='ocrx_word' id='word_1_25' title='bbox 806 674 1120 762; x_wconf 83' lang='lat' dir='ltr'><strong>appellare</strong></span> <span class='ocrx_word' id='word_1_26' title='bbox 1135 674 1338 738; x_wconf 87' lang='lat' dir='ltr'><strong>ausim</strong></span> <span class='ocrx_word' id='word_1_27' title='bbox 1359 722 1376 753; x_wconf 92' lang='lat'><strong>‚</strong></span> <span class='ocrx_word' id='word_1_28' title='bbox 1398 676 1514 738; x_wconf 85' lang='lat' dir='ltr'><strong>etsi</strong></span> <span class='ocrx_word' id='word_1_29' title='bbox 1534 675 1795 739; x_wconf 78' lang='lat' dir='ltr'>Homeri</span> <span class='ocrx_word' id='word_1_30' title='bbox 1818 678 2140 764; x_wconf 83' lang='lat' dir='ltr'><strong>exemplar</strong></span> <span class='ocrx_word' id='word_1_31' title='bbox 2157 696 2469 765; x_wconf 89' lang='lat' dir='ltr'><strong>sequutus</strong></span> 
     </span>
     <span class='ocr_line' id='line_1_5' title="bbox 356 778 2467 869; baseline 0.002 -28"><span class='ocrx_word' id='word_1_32' title='bbox 356 794 490 860; x_wconf 86' lang='lat' dir='ltr'><strong>est,</strong></span> <span class='ocrx_word' id='word_1_33' title='bbox 519 793 584 842; x_wconf 89' lang='lat' dir='ltr'><strong>et</strong></span> <span class='ocrx_word' id='word_1_34' title='bbox 615 780 928 843; x_wconf 87' lang='lat' dir='ltr'><strong>nonnulla</strong></span> <span class='ocrx_word' id='word_1_35' title='bbox 957 778 1039 843; x_wconf 90' lang='lat' dir='ltr'><strong>de</strong></span> <span class='ocrx_word' id='word_1_36' title='bbox 1069 780 1330 869; x_wconf 82' lang='lat' dir='ltr'><strong>ingenio</strong></span> <span class='ocrx_word' id='word_1_37' title='bbox 1363 802 1484 844; x_wconf 89' lang='lat' dir='ltr'><strong>suo</strong></span> <span class='ocrx_word' id='word_1_38' title='bbox 1515 782 1809 845; x_wconf 87' lang='lat' dir='ltr'><strong>contulit.</strong></span> <span class='ocrx_word' id='word_1_39' title='bbox 1841 780 2167 863; x_wconf 87' lang='lat' dir='ltr'><strong>Quoniam</strong></span> <span class='ocrx_word' id='word_1_40' title='bbox 2196 784 2369 847; x_wconf 88' lang='lat' dir='ltr'><strong>enim</strong></span> <span class='ocrx_word' id='word_1_41' title='bbox 2399 785 2467 848; x_wconf 92' lang='lat' dir='ltr'><strong>in</strong></span> 
     </span>
     <span class='ocr_line' id='line_1_6' title="bbox 355 882 2470 977; baseline 0.004 -32"><span class='ocrx_word' id='word_1_42' title='bbox 355 883 518 949; x_wconf 88' lang='lat' dir='ltr'><strong>serie</strong></span> <span class='ocrx_word' id='word_1_43' title='bbox 546 882 866 948; x_wconf 87' lang='lat' dir='ltr'><strong>factorum</strong></span> <span class='ocrx_word' id='word_1_44' title='bbox 893 907 968 949; x_wconf 84' lang='lat' dir='ltr'><strong>ex</strong></span> <span class='ocrx_word' id='word_1_45' title='bbox 997 887 1282 950; x_wconf 82' lang='lat' dir='ltr'><strong>Homero</strong></span> <span class='ocrx_word' id='word_1_46' title='bbox 1312 883 1506 950; x_wconf 89' lang='lat' dir='ltr'><strong>ducta</strong></span> <span class='ocrx_word' id='word_1_47' title='bbox 1523 934 1542 966; x_wconf 95' lang='lat'><strong>,</strong></span> <span class='ocrx_word' id='word_1_48' title='bbox 1570 902 1634 951; x_wconf 90' lang='lat' dir='ltr'><strong>et</strong></span> <span class='ocrx_word' id='word_1_49' title='bbox 1660 887 1727 949; x_wconf 89' lang='lat' dir='ltr'><strong>in</strong></span> <span class='ocrx_word' id='word_1_50' title='bbox 1757 886 1993 953; x_wconf 83' lang='lat' dir='ltr'><strong>caussis</strong></span> <span class='ocrx_word' id='word_1_51' title='bbox 2020 910 2241 952; x_wconf 87' lang='lat' dir='ltr'><strong>rerum</strong></span> <span class='ocrx_word' id='word_1_52' title='bbox 2272 890 2470 977; x_wconf 85' lang='lat' dir='ltr'><strong>expli-</strong></span> 
     </span>
     <span class='ocr_line' id='line_1_7' title="bbox 354 987 2471 1082; baseline 0.003 -31"><span class='ocrx_word' id='word_1_53' title='bbox 354 987 575 1053; x_wconf 63' lang='lat' dir='ltr'><strong>oe‘ndis</strong></span> <span class='ocrx_word' id='word_1_54' title='bbox 606 1010 773 1077; x_wconf 82' lang='lat' dir='ltr'><strong>saepe</strong></span> <span class='ocrx_word' id='word_1_55' title='bbox 803 990 1074 1054; x_wconf 86' lang='lat' dir='ltr'><strong>nimium</strong></span> <span class='ocrx_word' id='word_1_56' title='bbox 1101 1006 1412 1081; x_wconf 85' lang='lat' dir='ltr'><strong>angustus</strong></span> <span class='ocrx_word' id='word_1_57' title='bbox 1445 1008 1512 1055; x_wconf 91' lang='lat' dir='ltr'><strong>et</strong></span> <span class='ocrx_word' id='word_1_58' title='bbox 1544 993 1718 1056; x_wconf 85' lang='lat' dir='ltr'><strong>exilis</strong></span> <span class='ocrx_word' id='word_1_59' title='bbox 1750 1010 1847 1057; x_wconf 89' lang='lat' dir='ltr'><strong>est</strong></span> <span class='ocrx_word' id='word_1_60' title='bbox 1867 1043 1883 1076; x_wconf 92' lang='lat'>‚</span> <span class='ocrx_word' id='word_1_61' title='bbox 1910 1010 2134 1057; x_wconf 88' lang='lat' dir='ltr'><strong>contra</strong></span> <span class='ocrx_word' id='word_1_62' title='bbox 2163 994 2231 1056; x_wconf 90' lang='lat' dir='ltr'><strong>in</strong></span> <span class='ocrx_word' id='word_1_63' title='bbox 2260 996 2471 1082; x_wconf 86' lang='lat' dir='ltr'><strong>episo-</strong></span> 
     </span>
     <span class='ocr_line' id='line_1_8' title="bbox 353 1092 2491 1187; baseline 0.003 -30"><span class='ocrx_word' id='word_1_64' title='bbox 353 1092 478 1159; x_wconf 87' lang='lat' dir='ltr'><strong>diis</strong></span> <span class='ocrx_word' id='word_1_65' title='bbox 503 1094 890 1182; x_wconf 85' lang='lat' dir='ltr'><strong>quibusdam</strong></span> <span class='ocrx_word' id='word_1_66' title='bbox 911 1113 976 1161; x_wconf 90' lang='lat' dir='ltr'><strong>et</strong></span> <span class='ocrx_word' id='word_1_67' title='bbox 994 1097 1359 1162; x_wconf 74' lang='lat' dir='ltr'><strong>accessoriis</strong></span> <span class='ocrx_word' id='word_1_68' title='bbox 1383 1098 1577 1163; x_wconf 86' lang='lat' dir='ltr'><strong>rebus</strong></span> <span class='ocrx_word' id='word_1_69' title='bbox 1600 1099 2045 1187; x_wconf 85' lang='lat' dir='ltr'><strong>intempestive</strong></span> <span class='ocrx_word' id='word_1_70' title='bbox 2066 1099 2433 1164; x_wconf 86' lang='lat' dir='ltr'><strong>luculentus</strong></span> <span class='ocrx_word' id='word_1_71' title='bbox 2449 1147 2491 1181; x_wconf 62' lang='lat'><em>„</em></span> 
     </span>
     <span class='ocr_line' id='line_1_9' title="bbox 353 1197 2464 1291; baseline 0.003 -30"><span class='ocrx_word' id='word_1_72' title='bbox 353 1197 510 1263; x_wconf 88' lang='lat' dir='ltr'><strong>hinc</strong></span> <span class='ocrx_word' id='word_1_73' title='bbox 541 1199 802 1287; x_wconf 88' lang='lat' dir='ltr'><strong>periisse</strong></span> <span class='ocrx_word' id='word_1_74' title='bbox 833 1200 1112 1265; x_wconf 83' lang='lat' dir='ltr'><strong>subinde</strong></span> <span class='ocrx_word' id='word_1_75' title='bbox 1150 1201 1381 1266; x_wconf 83' lang='lat' dir='ltr'><strong>fabulae</strong></span> <span class='ocrx_word' id='word_1_76' title='bbox 1423 1202 1624 1291; x_wconf 82' lang='lat' dir='ltr'><strong>gratia</strong></span> <span class='ocrx_word' id='word_1_77' title='bbox 1662 1218 1727 1266; x_wconf 91' lang='lat' dir='ltr'><strong>et</strong></span> <span class='ocrx_word' id='word_1_78' title='bbox 1760 1203 2169 1291; x_wconf 80' lang='lat' dir='ltr'><strong>probabilitas</strong></span> <span class='ocrx_word' id='word_1_79' title='bbox 2192 1203 2464 1285; x_wconf 81' lang='lat' dir='ltr'><strong>videtur,</strong></span> 
     </span>
     <span class='ocr_line' id='line_1_10' title="bbox 354 1304 2467 1397; baseline 0.003 -31"><span class='ocrx_word' id='word_1_80' title='bbox 354 1318 422 1367; x_wconf 90' lang='lat' dir='ltr'><strong>et</strong></span> <span class='ocrx_word' id='word_1_81' title='bbox 469 1304 728 1392; x_wconf 89' lang='lat' dir='ltr'><strong>spiritus</strong></span> <span class='ocrx_word' id='word_1_82' title='bbox 777 1304 1242 1394; x_wconf 84' lang='lat' dir='ltr'><strong>ingeniumque</strong></span> <span class='ocrx_word' id='word_1_83' title='bbox 1294 1323 1499 1395; x_wconf 77' lang='lat' dir='ltr'><strong>poetae</strong></span> <span class='ocrx_word' id='word_1_84' title='bbox 1518 1358 1536 1389; x_wconf 93' lang='lat'><strong>,</strong></span> <span class='ocrx_word' id='word_1_85' title='bbox 1582 1330 1777 1395; x_wconf 88' lang='lat' dir='ltr'><strong>quem</strong></span> <span class='ocrx_word' id='word_1_86' title='bbox 1834 1310 2185 1397; x_wconf 82' lang='lat' dir='ltr'><strong>exprimere</strong></span> <span class='ocrx_word' id='word_1_87' title='bbox 2229 1310 2467 1390; x_wconf 80' lang='lat' dir='ltr'><strong>voluit,</strong></span> 
     </span>
     <span class='ocr_line' id='line_1_11' title="bbox 353 1408 2469 1502; baseline 0.003 -31"><span class='ocrx_word' id='word_1_88' title='bbox 353 1408 731 1499; x_wconf 85' lang='lat' dir='ltr'><strong>elanguisse.</strong></span> <span class='ocrx_word' id='word_1_89' title='bbox 763 1410 1031 1475; x_wconf 83' lang='lat' dir='ltr'><strong>Interim</strong></span> <span class='ocrx_word' id='word_1_90' title='bbox 1063 1427 1288 1476; x_wconf 82' lang='lat' dir='ltr'><strong>auctor</strong></span> <span class='ocrx_word' id='word_1_91' title='bbox 1314 1412 1436 1476; x_wconf 88' lang='lat' dir='ltr'><strong>hac</strong></span> <span class='ocrx_word' id='word_1_92' title='bbox 1459 1414 1807 1502; x_wconf 85' lang='lat' dir='ltr'><strong>scriptione</strong></span> <span class='ocrx_word' id='word_1_93' title='bbox 1831 1435 2093 1501; x_wconf 87' lang='lat' dir='ltr'><strong>operam</strong></span> <span class='ocrx_word' id='word_1_94' title='bbox 2116 1416 2315 1478; x_wconf 80' lang='lat' dir='ltr'><strong>aetatis</strong></span> <span class='ocrx_word' id='word_1_95' title='bbox 2338 1438 2469 1479; x_wconf 84' lang='lat' dir='ltr'><strong>suae</strong></span> 
     </span>
     <span class='ocr_line' id='line_1_12' title="bbox 351 1513 2467 1607; baseline 0.004 -31"><span class='ocrx_word' id='word_1_96' title='bbox 351 1513 727 1579; x_wconf 85' lang='lat' dir='ltr'><strong>hominibus</strong></span> <span class='ocrx_word' id='word_1_97' title='bbox 759 1517 908 1581; x_wconf 89' lang='lat' dir='ltr'><strong>satis</strong></span> <span class='ocrx_word' id='word_1_98' title='bbox 940 1517 1284 1605; x_wconf 87' lang='lat' dir='ltr'><strong>optabilem</strong></span> <span class='ocrx_word' id='word_1_99' title='bbox 1315 1519 1597 1600; x_wconf 80' lang='lat' dir='ltr'><strong>navavit,</strong></span> <span class='ocrx_word' id='word_1_100' title='bbox 1640 1520 1753 1606; x_wconf 89' lang='lat' dir='ltr'><strong>qui</strong></span> <span class='ocrx_word' id='word_1_101' title='bbox 1793 1518 1991 1584; x_wconf 90' lang='lat' dir='ltr'><strong>literis</strong></span> <span class='ocrx_word' id='word_1_102' title='bbox 2024 1520 2155 1584; x_wconf 86' lang='lat' dir='ltr'><strong>fere</strong></span> <span class='ocrx_word' id='word_1_103' title='bbox 2188 1542 2467 1607; x_wconf 88' lang='lat' dir='ltr'><strong>pereun-</strong></span> 
     </span>
     <span class='ocr_line' id='line_1_13' title="bbox 356 1618 2467 1713; baseline 0.002 -30"><span class='ocrx_word' id='word_1_104' title='bbox 356 1618 528 1683; x_wconf 85' lang='lat' dir='ltr'><strong>tibus</strong></span> <span class='ocrx_word' id='word_1_105' title='bbox 561 1622 828 1685; x_wconf 87' lang='lat' dir='ltr'><strong>multam</strong></span> <span class='ocrx_word' id='word_1_106' title='bbox 860 1639 1152 1687; x_wconf 80' lang='lat' dir='ltr'><strong>veterum</strong></span> <span class='ocrx_word' id='word_1_107' title='bbox 1191 1624 1577 1713; x_wconf 89' lang='lat' dir='ltr'><strong>scriptorum</strong></span> <span class='ocrx_word' id='word_1_108' title='bbox 1626 1624 1970 1688; x_wconf 90' lang='lat' dir='ltr'><strong>lectionem</strong></span> <span class='ocrx_word' id='word_1_109' title='bbox 2018 1626 2467 1713; x_wconf 83' lang='lat' dir='ltr'><strong>gravabantur,</strong></span> 
     </span>
     <span class='ocr_line' id='line_1_14' title="bbox 353 1725 2465 1817; baseline 0.003 -29"><span class='ocrx_word' id='word_1_110' title='bbox 353 1725 754 1815; x_wconf 87' lang='lat' dir='ltr'><strong>compendiis</strong></span> <span class='ocrx_word' id='word_1_111' title='bbox 800 1726 1242 1792; x_wconf 85' lang='lat' dir='ltr'><strong>doctrinarum</strong></span> <span class='ocrx_word' id='word_1_112' title='bbox 1288 1728 1651 1810; x_wconf 88' lang='lat' dir='ltr'><strong>inhiabant,</strong></span> <span class='ocrx_word' id='word_1_113' title='bbox 1688 1746 1753 1792; x_wconf 83' lang='lat' dir='ltr'><strong>et</strong></span> <span class='ocrx_word' id='word_1_114' title='bbox 1794 1751 2099 1817; x_wconf 86' lang='lat' dir='ltr'><strong>magnum</strong></span> <span class='ocrx_word' id='word_1_115' title='bbox 2135 1728 2296 1793; x_wconf 89' lang='lat' dir='ltr'><strong>adeo</strong></span> <span class='ocrx_word' id='word_1_116' title='bbox 2327 1731 2465 1794; x_wconf 92' lang='lat' dir='ltr'><strong>Ho-</strong></span> 
     </span>
     <span class='ocr_line' id='line_1_15' title="bbox 355 1832 2465 1921; baseline 0.002 -28"><span class='ocrx_word' id='word_1_117' title='bbox 355 1853 607 1894; x_wconf 89' lang='lat' dir='ltr'><strong>merum</strong></span> <span class='ocrx_word' id='word_1_118' title='bbox 646 1832 715 1895; x_wconf 91' lang='lat' dir='ltr'><strong>in</strong></span> <span class='ocrx_word' id='word_1_119' title='bbox 759 1832 1068 1921; x_wconf 88' lang='lat' dir='ltr'><strong>epitome,</strong></span> <span class='ocrx_word' id='word_1_120' title='bbox 1097 1849 1423 1921; x_wconf 82' lang='lat' dir='ltr'><strong>tamquam</strong></span> <span class='ocrx_word' id='word_1_121' title='bbox 1468 1833 1537 1897; x_wconf 91' lang='lat' dir='ltr'><strong>in</strong></span> <span class='ocrx_word' id='word_1_122' title='bbox 1579 1856 1777 1915; x_wconf 90' lang='lat' dir='ltr'><strong>nuce,</strong></span> <span class='ocrx_word' id='word_1_123' title='bbox 1808 1832 2119 1897; x_wconf 80' lang='lat' dir='ltr'><strong>devorare</strong></span> <span class='ocrx_word' id='word_1_124' title='bbox 2143 1834 2465 1899; x_wconf 85' lang='lat' dir='ltr'><strong>volebant.</strong></span> 
     </span>
     <span class='ocr_line' id='line_1_16' title="bbox 354 1937 2465 2028; baseline 0 -27"><span class='ocrx_word' id='word_1_125' title='bbox 354 1937 519 2018; x_wconf 83' lang='lat' dir='ltr'><strong>Quae</strong></span> <span class='ocrx_word' id='word_1_126' title='bbox 543 1954 759 2003; x_wconf 84' lang='lat' dir='ltr'><strong>tamen</strong></span> <span class='ocrx_word' id='word_1_127' title='bbox 789 1940 1049 2028; x_wconf 82' lang='lat' dir='ltr'><strong>reliquae</strong></span> <span class='ocrx_word' id='word_1_128' title='bbox 1074 1938 1144 2002; x_wconf 91' lang='lat' dir='ltr'><strong>in</strong></span> <span class='ocrx_word' id='word_1_129' title='bbox 1171 1963 1250 2003; x_wconf 93' lang='lat' dir='ltr'><strong>eo</strong></span> <span class='ocrx_word' id='word_1_130' title='bbox 1277 1941 1589 2028; x_wconf 86' lang='lat' dir='ltr'><strong>scriptore</strong></span> <span class='ocrx_word' id='word_1_131' title='bbox 1613 1941 1870 2005; x_wconf 85' lang='lat' dir='ltr'><strong>elucent</strong></span> <span class='ocrx_word' id='word_1_132' title='bbox 1892 1941 2193 2022; x_wconf 80' lang='lat' dir='ltr'><strong>virtutes,</strong></span> <span class='ocrx_word' id='word_1_133' title='bbox 2214 1964 2252 2003; x_wconf 91' lang='lat' dir='ltr'><strong>a</strong></span> <span class='ocrx_word' id='word_1_134' title='bbox 2279 1939 2465 2003; x_wconf 90' lang='lat' dir='ltr'><strong>nobis</strong></span> 
     </span>
     <span class='ocr_line' id='line_1_17' title="bbox 353 2042 2467 2134; baseline 0.001 -29"><span class='ocrx_word' id='word_1_135' title='bbox 353 2042 504 2106; x_wconf 87' lang='lat' dir='ltr'><strong>alias</strong></span> <span class='ocrx_word' id='word_1_136' title='bbox 555 2059 923 2109; x_wconf 68' lang='lat' dir='ltr'><strong>memoratae</strong></span> <span class='ocrx_word' id='word_1_137' title='bbox 948 2094 966 2126; x_wconf 89' lang='lat'><strong>,</strong></span> <span class='ocrx_word' id='word_1_138' title='bbox 1014 2044 1254 2132; x_wconf 84' lang='lat' dir='ltr'><strong>ingenii</strong></span> <span class='ocrx_word' id='word_1_139' title='bbox 1313 2060 1376 2107; x_wconf 90' lang='lat' dir='ltr'><strong>et</strong></span> <span class='ocrx_word' id='word_1_140' title='bbox 1430 2043 1741 2108; x_wconf 83' lang='lat' dir='ltr'><strong>orationis</strong></span> <span class='ocrx_word' id='word_1_141' title='bbox 1794 2046 2105 2132; x_wconf 83' lang='lat' dir='ltr'><strong>praeclarae</strong></span> <span class='ocrx_word' id='word_1_142' title='bbox 2128 2094 2147 2126; x_wconf 93' lang='lat'><strong>,</strong></span> <span class='ocrx_word' id='word_1_143' title='bbox 2196 2044 2467 2134; x_wconf 85' lang='lat' dir='ltr'><strong>dignum</strong></span> 
     </span>
     <span class='ocr_line' id='line_1_18' title="bbox 353 2149 2469 2238; baseline 0.001 -27"><span class='ocrx_word' id='word_1_144' title='bbox 353 2150 626 2213; x_wconf 89' lang='lat' dir='ltr'><strong>omnino</strong></span> <span class='ocrx_word' id='word_1_145' title='bbox 653 2150 1086 2237; x_wconf 61' lang='lat' dir='ltr'><strong>praestiterunt</strong></span> <span class='ocrx_word' id='word_1_146' title='bbox 1108 2171 1300 2237; x_wconf 88' lang='lat' dir='ltr'><strong>opera</strong></span> <span class='ocrx_word' id='word_1_147' title='bbox 1317 2198 1336 2231; x_wconf 92' lang='lat'><strong>,</strong></span> <span class='ocrx_word' id='word_1_148' title='bbox 1359 2172 1552 2238; x_wconf 87' lang='lat' dir='ltr'><strong>quam</strong></span> <span class='ocrx_word' id='word_1_149' title='bbox 1580 2149 1647 2212; x_wconf 89' lang='lat' dir='ltr'><strong>in</strong></span> <span class='ocrx_word' id='word_1_150' title='bbox 1677 2173 1755 2215; x_wconf 89' lang='lat' dir='ltr'><strong>eo</strong></span> <span class='ocrx_word' id='word_1_151' title='bbox 1785 2151 2203 2214; x_wconf 87' lang='lat' dir='ltr'><strong>emaculando</strong></span> <span class='ocrx_word' id='word_1_152' title='bbox 2227 2150 2469 2214; x_wconf 90' lang='lat' dir='ltr'><strong>denuo·</strong></span> 
     </span>
     <span class='ocr_line' id='line_1_19' title="bbox 355 2245 1394 2344; baseline 0.002 -27"><span class='ocrx_word' id='word_1_153' title='bbox 355 2276 483 2341; x_wconf 87' lang='lat' dir='ltr'><strong>que</strong></span> <span class='ocrx_word' id='word_1_154' title='bbox 511 2245 871 2344; x_wconf 59' lang='lat' dir='ltr'><strong>erulgando</strong></span> <span class='ocrx_word' id='word_1_155' title='bbox 909 2254 1394 2343; x_wconf 88' lang='lat' dir='ltr'><strong>insumpsimus.</strong></span> 
     </span>
    </p>

    <p class='ocr_par' dir='ltr' id='par_1_3' title="bbox 351 2361 2471 3714">
     <span class='ocr_line' id='line_1_20' title="bbox 439 2361 2471 2453; baseline 0.001 -28"><span class='ocrx_word' id='word_1_156' title='bbox 439 2361 753 2435; x_wconf 79' lang='lat' dir='ltr'><strong>subsidiis</strong></span> <span class='ocrx_word' id='word_1_157' title='bbox 778 2378 994 2426; x_wconf 90' lang='lat' dir='ltr'><strong>autem</strong></span> <span class='ocrx_word' id='word_1_158' title='bbox 1023 2384 1162 2426; x_wconf 89' lang='lat' dir='ltr'><strong>eam</strong></span> <span class='ocrx_word' id='word_1_159' title='bbox 1194 2363 1264 2426; x_wconf 88' lang='lat' dir='ltr'><strong>in</strong></span> <span class='ocrx_word' id='word_1_160' title='bbox 1297 2385 1435 2427; x_wconf 90' lang='lat' dir='ltr'><strong>rem</strong></span> <span class='ocrx_word' id='word_1_161' title='bbox 1463 2365 1565 2426; x_wconf 90' lang='lat' dir='ltr'><strong>usi</strong></span> <span class='ocrx_word' id='word_1_162' title='bbox 1584 2384 1807 2427; x_wconf 87' lang='lat' dir='ltr'><strong>sumus</strong></span> <span class='ocrx_word' id='word_1_163' title='bbox 1828 2386 2033 2451; x_wconf 91' lang='lat' dir='ltr'><strong>quum</strong></span> <span class='ocrx_word' id='word_1_164' title='bbox 2050 2364 2277 2453; x_wconf 88' lang='lat' dir='ltr'><strong>Msptis</strong></span> <span class='ocrx_word' id='word_1_165' title='bbox 2300 2364 2471 2429; x_wconf 90' lang='lat' dir='ltr'><strong>codi-</strong></span> 
     </span>
     <span class='ocr_line' id='line_1_21' title="bbox 352 2466 2463 2555; baseline 0.002 -25"><span class='ocrx_word' id='word_1_166' title='bbox 352 2466 536 2530; x_wconf 89' lang='lat' dir='ltr'><strong>cibus</strong></span> <span class='ocrx_word' id='word_1_167' title='bbox 567 2484 868 2554; x_wconf 87' lang='lat' dir='ltr'><strong>quatuor,</strong></span> <span class='ocrx_word' id='word_1_168' title='bbox 893 2484 959 2531; x_wconf 87' lang='lat' dir='ltr'><strong>et</strong></span> <span class='ocrx_word' id='word_1_169' title='bbox 990 2466 1377 2555; x_wconf 88' lang='lat' dir='ltr'><strong>quibusdam</strong></span> <span class='ocrx_word' id='word_1_170' title='bbox 1406 2469 1670 2533; x_wconf 88' lang='lat' dir='ltr'><strong>vetustis</strong></span> <span class='ocrx_word' id='word_1_171' title='bbox 1708 2468 2137 2550; x_wconf 86' lang='lat' dir='ltr'><strong>editionibus,</strong></span> <span class='ocrx_word' id='word_1_172' title='bbox 2168 2487 2309 2534; x_wconf 90' lang='lat' dir='ltr'><strong>tum</strong></span> <span class='ocrx_word' id='word_1_173' title='bbox 2342 2470 2463 2535; x_wconf 90' lang='lat' dir='ltr'><strong>ob-</strong></span> 
     </span>
     <span class='ocr_line' id='line_1_22' title="bbox 351 2571 2466 2661; baseline 0.001 -26"><span class='ocrx_word' id='word_1_174' title='bbox 351 2571 820 2637; x_wconf 85' lang='lat' dir='ltr'><strong>servationibus</strong></span> <span class='ocrx_word' id='word_1_175' title='bbox 851 2572 1138 2636; x_wconf 85' lang='lat' dir='ltr'><strong>virorum</strong></span> <span class='ocrx_word' id='word_1_176' title='bbox 1169 2572 1513 2637; x_wconf 82' lang='lat' dir='ltr'><strong>doctorum</strong></span> <span class='ocrx_word' id='word_1_177' title='bbox 1547 2573 1611 2636; x_wconf 90' lang='lat' dir='ltr'><strong>in</strong></span> <span class='ocrx_word' id='word_1_178' title='bbox 1646 2594 1795 2636; x_wconf 87' lang='lat' dir='ltr'><strong>eum</strong></span> <span class='ocrx_word' id='word_1_179' title='bbox 1835 2574 2213 2661; x_wconf 86' lang='lat' dir='ltr'><strong>scriptorem</strong></span> <span class='ocrx_word' id='word_1_180' title='bbox 2256 2574 2466 2639; x_wconf 62' lang='lat' dir='ltr'><strong>editis.</strong></span> 
     </span>
     <span class='ocr_line' id='line_1_23' title="bbox 354 2673 2463 2766; baseline 0.003 -30"><span class='ocrx_word' id='word_1_181' title='bbox 354 2673 408 2736; x_wconf 88' lang='lat' dir='ltr'>E</span> <span class='ocrx_word' id='word_1_182' title='bbox 441 2675 809 2757; x_wconf 87' lang='lat' dir='ltr'><strong>codicibus,</strong></span> <span class='ocrx_word' id='word_1_183' title='bbox 849 2675 982 2739; x_wconf 92' lang='lat' dir='ltr'><strong>duo</strong></span> <span class='ocrx_word' id='word_1_184' title='bbox 1020 2694 1176 2741; x_wconf 86' lang='lat' dir='ltr'><strong>sunt</strong></span> <span class='ocrx_word' id='word_1_185' title='bbox 1211 2700 1248 2740; x_wconf 91' lang='lat' dir='ltr'><strong>e</strong></span> <span class='ocrx_word' id='word_1_186' title='bbox 1278 2677 1665 2740; x_wconf 84' lang='lat' dir='ltr'><strong>bibliotheca</strong></span> <span class='ocrx_word' id='word_1_187' title='bbox 1702 2677 1929 2741; x_wconf 83' lang='lat' dir='ltr'><strong>Ducali</strong></span> <span class='ocrx_word' id='word_1_188' title='bbox 1963 2678 2463 2766; x_wconf 79' lang='lat' dir='ltr'><strong>Guelferbytana</strong></span> 
     </span>
     <span class='ocr_line' id='line_1_24' title="bbox 353 2779 2470 2864; baseline 0.002 -21"><span class='ocrx_word' id='word_1_189' title='bbox 353 2779 660 2846; x_wconf 85' lang='lat' dir='ltr'><strong>Sereniss.</strong></span> <span class='ocrx_word' id='word_1_190' title='bbox 687 2782 883 2845; x_wconf 90' lang='lat' dir='ltr'><strong>Ducis</strong></span> <span class='ocrx_word' id='word_1_191' title='bbox 906 2798 972 2847; x_wconf 88' lang='lat' dir='ltr'><strong>et</strong></span> <span class='ocrx_word' id='word_1_192' title='bbox 993 2784 1148 2847; x_wconf 90' lang='lat' dir='ltr'><strong>Heri</strong></span> <span class='ocrx_word' id='word_1_193' title='bbox 1172 2784 1296 2847; x_wconf 90' lang='lat' dir='ltr'><strong>mei</strong></span> <span class='ocrx_word' id='word_1_194' title='bbox 1313 2784 1500 2863; x_wconf 81' lang='lat' dir='ltr'><strong>jussu</strong></span> <span class='ocrx_word' id='word_1_195' title='bbox 1524 2804 1777 2847; x_wconf 89' lang='lat' dir='ltr'><strong>mecum</strong></span> <span class='ocrx_word' id='word_1_196' title='bbox 1802 2784 2255 2847; x_wconf 86' lang='lat' dir='ltr'><strong>communicati</strong></span> <span class='ocrx_word' id='word_1_197' title='bbox 2274 2807 2291 2864; x_wconf 91' lang='lat'>;</span> <span class='ocrx_word' id='word_1_198' title='bbox 2310 2785 2470 2848; x_wconf 85' lang='lat' dir='ltr'><strong>alter</strong></span> 
     </span>
     <span class='ocr_line' id='line_1_25' title="bbox 353 2884 2466 2975; baseline 0.002 -27"><span class='ocrx_word' id='word_1_199' title='bbox 353 2884 620 2973; x_wconf 87' lang='lat' dir='ltr'><strong>quidem</strong></span> <span class='ocrx_word' id='word_1_200' title='bbox 643 2886 978 2975; x_wconf 87' lang='lat' dir='ltr'><strong>antiquus,</strong></span> <span class='ocrx_word' id='word_1_201' title='bbox 1003 2911 1152 2951; x_wconf 89' lang='lat' dir='ltr'><strong>cum</strong></span> <span class='ocrx_word' id='word_1_202' title='bbox 1182 2886 1535 2953; x_wconf 89' lang='lat' dir='ltr'><strong>Achilleide</strong></span> <span class='ocrx_word' id='word_1_203' title='bbox 1561 2888 1739 2952; x_wconf 81' lang='lat' dir='ltr'><strong>Statii</strong></span> <span class='ocrx_word' id='word_1_204' title='bbox 1769 2888 2151 2967; x_wconf 86' lang='lat' dir='ltr'><strong>conjunctus</strong></span> <span class='ocrx_word' id='word_1_205' title='bbox 2172 2935 2190 2969; x_wconf 95' lang='lat'><strong>,</strong></span> <span class='ocrx_word' id='word_1_206' title='bbox 2218 2904 2312 2968; x_wconf 88' lang='lat' dir='ltr'><strong>et,</strong></span> <span class='ocrx_word' id='word_1_207' title='bbox 2343 2890 2466 2952; x_wconf 88' lang='lat' dir='ltr'><strong>nisi</strong></span> 
     </span>
     <span class='ocr_line' id='line_1_26' title="bbox 353 2990 2463 3080; baseline 0.002 -28"><span class='ocrx_word' id='word_1_208' title='bbox 353 2990 559 3074; x_wconf 86' lang='lat' dir='ltr'><strong>fallor,</strong></span> <span class='ocrx_word' id='word_1_209' title='bbox 586 2992 818 3057; x_wconf 87' lang='lat' dir='ltr'><strong>saeculo</strong></span> <span class='ocrx_word' id='word_1_210' title='bbox 855 2994 1016 3057; x_wconf 89' lang='lat' dir='ltr'>XIII</span> <span class='ocrx_word' id='word_1_211' title='bbox 1057 2994 1122 3056; x_wconf 91' lang='lat' dir='ltr'><strong>in</strong></span> <span class='ocrx_word' id='word_1_212' title='bbox 1160 2993 1535 3058; x_wconf 83' lang='lat' dir='ltr'><strong>membrana</strong></span> <span class='ocrx_word' id='word_1_213' title='bbox 1573 2996 1795 3057; x_wconf 82' lang='lat' dir='ltr'><strong>formae</strong></span> <span class='ocrx_word' id='word_1_214' title='bbox 1835 2991 2115 3056; x_wconf 84' lang='lat' dir='ltr'><strong>minimae</strong></span> <span class='ocrx_word' id='word_1_215' title='bbox 2153 3015 2463 3080; x_wconf 88' lang='lat' dir='ltr'><strong>perquam</strong></span> 
     </span>
     <span class='ocr_line' id='line_1_27' title="bbox 351 3096 2463 3185; baseline 0.001 -26"><span class='ocrx_word' id='word_1_216' title='bbox 351 3113 646 3161; x_wconf 88' lang='lat' dir='ltr'><strong>accurate</strong></span> <span class='ocrx_word' id='word_1_217' title='bbox 670 3096 944 3185; x_wconf 87' lang='lat' dir='ltr'><strong>scriptus</strong></span> <span class='ocrx_word' id='word_1_218' title='bbox 960 3146 979 3178; x_wconf 96' lang='lat'><strong>,</strong></span> <span class='ocrx_word' id='word_1_219' title='bbox 1000 3097 1166 3161; x_wconf 86' lang='lat' dir='ltr'><strong>foliis</strong></span> <span class='ocrx_word' id='word_1_220' title='bbox 1188 3113 1490 3163; x_wconf 88' lang='lat' dir='ltr'><strong>constans</strong></span> <span class='ocrx_word' id='word_1_221' title='bbox 1510 3098 1671 3181; x_wconf 83' lang='lat' dir='ltr'><strong>XII,</strong></span> <span class='ocrx_word' id='word_1_222' title='bbox 1692 3097 1804 3162; x_wconf 92' lang='lat' dir='ltr'><strong>sed</strong></span> <span class='ocrx_word' id='word_1_223' title='bbox 1833 3099 1899 3160; x_wconf 87' lang='lat' dir='ltr'><strong>in</strong></span> <span class='ocrx_word' id='word_1_224' title='bbox 1924 3096 2139 3161; x_wconf 89' lang='lat' dir='ltr'><strong>medio</strong></span> <span class='ocrx_word' id='word_1_225' title='bbox 2164 3120 2429 3173; x_wconf 76' lang='lat' dir='ltr'><strong>mancus</strong></span> <span class='ocrx_word' id='word_1_226' title='bbox 2446 3146 2463 3179; x_wconf 94' lang='lat'><strong>,</strong></span> 
     </span>
     <span class='ocr_line' id='line_1_28' title="bbox 352 3203 2466 3293; baseline 0.001 -28"><span class='ocrx_word' id='word_1_227' title='bbox 352 3223 391 3265; x_wconf 91' lang='lat' dir='ltr'><strong>a</strong></span> <span class='ocrx_word' id='word_1_228' title='bbox 413 3224 602 3267; x_wconf 83' lang='lat' dir='ltr'><strong>versu</strong></span> <span class='ocrx_word' id='word_1_229' title='bbox 638 3204 758 3269; x_wconf 89' lang='lat'><strong>180</strong></span> <span class='ocrx_word' id='word_1_230' title='bbox 786 3204 866 3268; x_wconf 86' lang='lat' dir='ltr'><strong>ad</strong></span> <span class='ocrx_word' id='word_1_231' title='bbox 898 3204 1046 3269; x_wconf 88' lang='lat'><strong>628.</strong></span> <span class='ocrx_word' id='word_1_232' title='bbox 1076 3204 1403 3269; x_wconf 89' lang='lat' dir='ltr'><strong>Sectiones</strong></span> <span class='ocrx_word' id='word_1_233' title='bbox 1437 3203 1745 3293; x_wconf 87' lang='lat' dir='ltr'><strong>quasdam</strong></span> <span class='ocrx_word' id='word_1_234' title='bbox 1774 3203 2084 3292; x_wconf 88' lang='lat' dir='ltr'><strong>poematis</strong></span> <span class='ocrx_word' id='word_1_235' title='bbox 2117 3203 2466 3283; x_wconf 86' lang='lat' dir='ltr'><strong>majoribus</strong></span> 
     </span>
     <span class='ocr_line' id='line_1_29' title="bbox 353 3306 2467 3397; baseline 0.001 -28"><span class='ocrx_word' id='word_1_236' title='bbox 353 3307 552 3371; x_wconf 82' lang='lat' dir='ltr'><strong>literis</strong></span> <span class='ocrx_word' id='word_1_237' title='bbox 583 3306 770 3371; x_wconf 89' lang='lat' dir='ltr'><strong>initio</strong></span> <span class='ocrx_word' id='word_1_238' title='bbox 804 3308 1026 3395; x_wconf 90' lang='lat' dir='ltr'><strong>positis</strong></span> <span class='ocrx_word' id='word_1_239' title='bbox 1062 3306 1434 3397; x_wconf 85' lang='lat' dir='ltr'><strong>distinguit,</strong></span> <span class='ocrx_word' id='word_1_240' title='bbox 1468 3308 1707 3396; x_wconf 87' lang='lat' dir='ltr'><strong>quibus</strong></span> <span class='ocrx_word' id='word_1_241' title='bbox 1742 3307 2025 3371; x_wconf 87' lang='lat' dir='ltr'><strong>indicare</strong></span> <span class='ocrx_word' id='word_1_242' title='bbox 2056 3308 2235 3373; x_wconf 89' lang='lat' dir='ltr'><strong>initia</strong></span> <span class='ocrx_word' id='word_1_243' title='bbox 2270 3309 2467 3372; x_wconf 92' lang='lat' dir='ltr'><strong>libro-</strong></span> 
     </span>
     <span class='ocr_line' id='line_1_30' title="bbox 353 3412 2466 3502; baseline -0 -25"><span class='ocrx_word' id='word_1_244' title='bbox 353 3434 500 3477; x_wconf 86' lang='lat' dir='ltr'><strong>rum</strong></span> <span class='ocrx_word' id='word_1_245' title='bbox 534 3412 746 3477; x_wconf 88' lang='lat' dir='ltr'><strong>Iliadis</strong></span> <span class='ocrx_word' id='word_1_246' title='bbox 768 3460 786 3493; x_wconf 93' lang='lat'><strong>,</strong></span> <span class='ocrx_word' id='word_1_247' title='bbox 815 3436 1206 3502; x_wconf 86' lang='lat' dir='ltr'><strong>quamquam</strong></span> <span class='ocrx_word' id='word_1_248' title='bbox 1243 3437 1379 3478; x_wconf 89' lang='lat' dir='ltr'><strong>non</strong></span> <span class='ocrx_word' id='word_1_249' title='bbox 1415 3414 1660 3501; x_wconf 87' lang='lat' dir='ltr'><strong>ubique</strong></span> <span class='ocrx_word' id='word_1_250' title='bbox 1695 3428 2024 3495; x_wconf 85' lang='lat' dir='ltr'><strong>accurate,</strong></span> <span class='ocrx_word' id='word_1_251' title='bbox 2050 3413 2321 3478; x_wconf 85' lang='lat' dir='ltr'><strong>videtur.</strong></span> <span class='ocrx_word' id='word_1_252' title='bbox 2358 3415 2466 3478; x_wconf 89' lang='lat' dir='ltr'><strong>In-</strong></span> 
     </span>
     <span class='ocr_line' id='line_1_31' title="bbox 355 3518 2465 3607; baseline 0.001 -28"><span class='ocrx_word' id='word_1_253' title='bbox 355 3518 658 3581; x_wconf 85' lang='lat' dir='ltr'><strong>scribitur</strong></span> <span class='ocrx_word' id='word_1_254' title='bbox 688 3541 924 3583; x_wconf 74' lang='lat' dir='ltr'><strong>mcuu&#39;r</strong></span> <span class='ocrx_word' id='word_1_255' title='bbox 957 3520 1307 3599; x_wconf 58' lang='lat' dir='ltr'><strong>Homines,</strong></span> <span class='ocrx_word' id='word_1_256' title='bbox 1333 3536 1398 3582; x_wconf 89' lang='lat' dir='ltr'><strong>et</strong></span> <span class='ocrx_word' id='word_1_257' title='bbox 1426 3520 1492 3583; x_wconf 92' lang='lat' dir='ltr'><strong>in</strong></span> <span class='ocrx_word' id='word_1_258' title='bbox 1526 3518 1655 3583; x_wconf 89' lang='lat' dir='ltr'><strong>fine</strong></span> <span class='ocrx_word' id='word_1_259' title='bbox 1691 3520 1922 3607; x_wconf 87' lang='lat' dir='ltr'><strong>legitur</strong></span> <span class='ocrx_word' id='word_1_260' title='bbox 1952 3539 2241 3583; x_wconf 71' lang='lat' dir='ltr'><strong>nxmcrr</strong></span> <span class='ocrx_word' id='word_1_261' title='bbox 2275 3542 2465 3581; x_wconf 72' lang='lat' dir='ltr'><strong>mmm</strong></span> 
     </span>
     <span class='ocr_line' id='line_1_32' title="bbox 357 3622 2461 3714; baseline 0.001 -29"><span class='ocrx_word' id='word_1_262' title='bbox 357 3623 624 3687; x_wconf 75' lang='lat' dir='ltr'><strong>Houmu</strong></span> <span class='ocrx_word' id='word_1_263' title='bbox 650 3622 762 3709; x_wconf 86' lang='lat'><strong>(1).</strong></span> <span class='ocrx_word' id='word_1_264' title='bbox 793 3624 968 3687; x_wconf 88' lang='lat' dir='ltr'><strong>Alter</strong></span> <span class='ocrx_word' id='word_1_265' title='bbox 1002 3623 1544 3712; x_wconf 84' lang='lat' dir='ltr'><strong>Guelferbytanus</strong></span> <span class='ocrx_word' id='word_1_266' title='bbox 1580 3626 1829 3714; x_wconf 83' lang='lat' dir='ltr'><strong>integer</strong></span> <span class='ocrx_word' id='word_1_267' title='bbox 1865 3624 2125 3712; x_wconf 89' lang='lat' dir='ltr'><strong>quidem</strong></span> <span class='ocrx_word' id='word_1_268' title='bbox 2151 3674 2167 3705; x_wconf 94' lang='lat'>‚</span> <span class='ocrx_word' id='word_1_269' title='bbox 2204 3624 2315 3687; x_wconf 87' lang='lat' dir='ltr'><strong>sed</strong></span> <span class='ocrx_word' id='word_1_270' title='bbox 2348 3624 2461 3687; x_wconf 85' lang='lat' dir='ltr'><strong>ad-</strong></span> 
     </span>
    </p>
   </div>
   <div class='ocr_carea' id='block_1_3' title="bbox 355 3801 2469 4149">
    <p class='ocr_par' dir='ltr' id='par_1_4' title="bbox 355 3801 2469 4149">
     <span class='ocr_line' id='line_1_33' title="bbox 425 3801 2466 3886; baseline 0 -21"><span class='ocrx_word' id='word_1_271' title='bbox 425 3814 500 3880; x_wconf 86' lang='grc' dir='ltr'><strong>(ι)</strong></span> <span class='ocrx_word' id='word_1_272' title='bbox 535 3814 620 3867; x_wconf 90' lang='lat' dir='ltr'><strong>Sic</strong></span> <span class='ocrx_word' id='word_1_273' title='bbox 657 3815 712 3865; x_wconf 88' lang='lat' dir='ltr'><strong>in</strong></span> <span class='ocrx_word' id='word_1_274' title='bbox 743 3816 980 3886; x_wconf 81' lang='lat' dir='ltr'><strong>catalogo</strong></span> <span class='ocrx_word' id='word_1_275' title='bbox 1011 3814 1346 3868; x_wconf 70' lang='lat' dir='ltr'><strong>Bibliothecae</strong></span> <span class='ocrx_word' id='word_1_276' title='bbox 1379 3814 1744 3869; x_wconf 75' lang='lat' dir='ltr'><strong>Universitatis</strong></span> <span class='ocrx_word' id='word_1_277' title='bbox 1774 3801 2291 3885; x_wconf 57' lang='lat' dir='ltr'><strong>⁴Lugduuo-Batavae,</strong></span> <span class='ocrx_word' id='word_1_278' title='bbox 2332 3815 2466 3865; x_wconf 81' lang='lat' dir='ltr'><strong>inter</strong></span> 
     </span>
     <span class='ocr_line' id='line_1_34' title="bbox 355 3902 2469 3977; baseline -0.002 -20"><span class='ocrx_word' id='word_1_279' title='bbox 355 3902 482 3957; x_wconf 81' lang='lat' dir='ltr'><strong>MSS</strong></span> <span class='ocrx_word' id='word_1_280' title='bbox 512 3904 826 3969; x_wconf 70' lang='lat' dir='ltr'><strong>vossianus,</strong></span> <span class='ocrx_word' id='word_1_281' title='bbox 867 3923 988 3975; x_wconf 80' lang='lat' dir='ltr'><strong>pag.</strong></span> <span class='ocrx_word' id='word_1_282' title='bbox 1029 3906 1164 3974; x_wconf 82' lang='lat'><strong>390,</strong></span> <span class='ocrx_word' id='word_1_283' title='bbox 1203 3905 1462 3976; x_wconf 87' lang='lat' dir='ltr'><strong>reperitur</strong></span> <span class='ocrx_word' id='word_1_284' title='bbox 1501 3906 1799 3977; x_wconf 84' lang='lat' dir='ltr'><strong>exemplum</strong></span> <span class='ocrx_word' id='word_1_285' title='bbox 1847 3904 2259 3973; x_wconf 78' lang='lat' dir='ltr'><strong>manuscriptum</strong></span> <span class='ocrx_word' id='word_1_286' title='bbox 2294 3915 2469 3967; x_wconf 75' lang='lat' dir='ltr'><strong>vetus,</strong></span> 
     </span>
     <span class='ocr_line' id='line_1_35' title="bbox 355 3990 2467 4064; baseline 0.001 -21"><span class='ocrx_word' id='word_1_287' title='bbox 355 3990 501 4060; x_wconf 85' lang='lat' dir='ltr'><strong>quod</strong></span> <span class='ocrx_word' id='word_1_288' title='bbox 527 3990 833 4064; x_wconf 81' lang='lat' dir='ltr'><strong>inscriptum</strong></span> <span class='ocrx_word' id='word_1_289' title='bbox 859 4008 938 4047; x_wconf 81' lang='lat' dir='ltr'><strong>est</strong></span> <span class='ocrx_word' id='word_1_290' title='bbox 962 4012 975 4046; x_wconf 91' lang='lat'>:</span> <span class='ocrx_word' id='word_1_291' title='bbox 1003 3996 1178 4062; x_wconf 74' lang='lat' dir='ltr'><strong>Incipit</strong></span> <span class='ocrx_word' id='word_1_292' title='bbox 1201 3996 1319 4047; x_wconf 81' lang='lat' dir='ltr'><strong>liber</strong></span> <span class='ocrx_word' id='word_1_293' title='bbox 1345 3999 1507 4047; x_wconf 81' lang='lat' dir='ltr'><strong>Omeri</strong></span> <span class='ocrx_word' id='word_1_294' title='bbox 1521 4034 1535 4055; x_wconf 86' lang='lat'><strong>,</strong></span> <span class='ocrx_word' id='word_1_295' title='bbox 1580 3995 1726 4049; x_wconf 85' lang='lat' dir='ltr'><strong>nullo</strong></span> <span class='ocrx_word' id='word_1_296' title='bbox 1754 3993 1967 4047; x_wconf 86' lang='lat' dir='ltr'><strong>Pindari</strong></span> <span class='ocrx_word' id='word_1_297' title='bbox 1986 3992 2225 4045; x_wconf 83' lang='lat' dir='ltr'><strong>Thebani</strong></span> <span class='ocrx_word' id='word_1_298' title='bbox 2254 3994 2467 4045; x_wconf 77' lang='lat' dir='ltr'><strong>nomine</strong></span> 
     </span>
     <span class='ocr_line' id='line_1_36' title="bbox 355 4076 978 4149; baseline 0.005 -20"><span class='ocrx_word' id='word_1_299' title='bbox 355 4076 578 4149; x_wconf 74' lang='lat' dir='ltr'><strong>adjecto.</strong></span> <span class='ocrx_word' id='word_1_300' title='bbox 603 4080 708 4132; x_wconf 85' lang='lat' dir='ltr'><strong>En.</strong></span> <span class='ocrx_word' id='word_1_301' title='bbox 972 4086 978 4094; x_wconf 84' lang='lat'>&#39;</span> 
     </span>
    </p>
   </div>
   <div class='ocr_carea' id='block_1_4' title="bbox 2030 4170 2139 4237">
    <p class='ocr_par' dir='ltr' id='par_1_5' title="bbox 2030 4170 2139 4237">
     <span class='ocr_line' id='line_1_37' title="bbox 2030 4170 2139 4237; baseline 0 0"><span class='ocrx_word' id='word_1_302' title='bbox 2030 4170 2139 4237; x_wconf 69' lang='lat'><strong>3⁴2.</strong></span> 
     </span>
    </p>
   </div>
  </div>
 </body>
</html>
