2975 4684
471 391 1296 412 §mm-mmmmm„
1303 389 2526 414 §umm'fflmmmmmmmw

1109 645 1961 772 LICENTII

816 906 1242 977 CARMEN
1311 906 1444 972 AD
1510 905 2221 978 AUGUSTINUM.

1023 1134 1135 1141 --·-—
1150 1115 1960 1151 ——fflm—
1974 1134 2021 1140 ---

558 1289 1014 1406 ARCANUM
1053 1330 1378 1400 Varronis
1417 1330 1545 1396 iter
1590 1327 1953 1397 scrutando
1994 1327 2313 1422 profundi

549 1445 744 1511 Mens
787 1442 1024 1528 hebet,
1067 1439 1547 1533 adversamque
1588 1439 1763 1532 fugit
1802 1442 2164 1510 conterrita
2203 1438 2441 1511 lucem.

547 1555 690 1624 Nec
727 1552 972 1620 mirum
1007 1576 1022 1616 τ
1064 1551 1242 1643 jacet
1275 1550 1495 1618 omnis
1530 1549 1711 1618 enim
1758 1574 1907 1618 mea
1942 1575 2103 1620 cura
2134 1550 2436 1647 legendi,

545 1665 642 1731 Te
676 1688 814 1732 non
843 1661 1043 1730 dante
1074 1685 1379 1746 manum,
1416 1674 1486 1728 et
1523 1685 1929 1756 consurgere
1963 1660 2104 1730 sola
2141 1679 2425 1732 veretur.

544 1777 722 1860 Natu
757 1771 951 1842 simul
995 1786 1072 1840 ut
1115 1769 1430 1866 perplexa
1469 1771 1593 1837 viri
1640 1771 2033 1866 compendia
2073 1773 2238 1840 tanti
2566 1800 2590 1836 ς

525 1987 570 2023 ι.
596 1975 850 2022 Arcanum
889 1969 1126 2019 Varronis
1154 1970 1262 2018 iter.
1286 1963 1471 2018 Fabri·

447 2051 590 2115 cius,
615 2049 752 2102 Bibl.
793 2049 908 2101 Lat.
949 2046 1092 2100 med.
1123 2058 1203 2101 εἰ.
1229 2045 1334 2098 vol.
1363 2045 1466 2109 lv,

447 2149 499 2200 p.
541 2134 644 2184 810
666 2166 682 2191 ‚
711 2137 861 2200 putat
895 2127 972 2178 M.
1003 2125 1263 2178 Varronis
1305 2123 1468 2175 libros

446 2210 523 2261 IX
546 2207 613 2261 de
625 2205 926 2279 Disciplinis
945 2223 980 2258 a
997 2204 1237 2258 Licentio
1256 2201 1466 2274 signari.

525 2307 559 2340 o
585 2305 712 2340 vero
737 2285 800 2338 P.
829 2291 945 2338 Ter.
972 2283 1230 2337 Varronis
1258 2281 1466 2334 Atacini

446 2289 860 2434 Effomgraphiam
882 2360 1135 2426 indicari,
1157 2377 1465 2434 persuasum

446 2445 654 2506 habeo;
681 2441 944 2514 siquidem
970 2459 1000 2494 e
1029 2442 1324 2512 fragmento
1351 2443 1464 2512 ejus

443 2523 724 2596 superstite
741 2561 757 2586 ,
793 2540 916 2574 mox
956 2519 1304 2593 producendo
1327 2556 1344 2583 ‚
1369 2537 1466 2589 ap-

445 2615 592 2675 paret
614 2641 630 2668 ,
675 2600 817 2655 idem
863 2599 1011 2672 quod
1059 2598 1150 2651 hic
1196 2599 1464 2652 Licentius

445 2683 660 2746 scribat,
673 2692 1046 2754 argumentum
1061 2679 1468 2751 chorographiis

417 2817 421 2822 ,
447 2761 626 2816 fuisse.
640 2769 670 2813 1
671 2760 1000 2814 tet-Varronis
1014 2757 1466 2831 Chorographiam

447 2854 602 2896 vocat
623 2881 639 2906 ,
678 2841 930 2913 quoniam
983 2859 1047 2893 eo
1098 2839 1238 2891 libro
1251 2877 1267 2903 ,
1295 2839 1466 2892 varios

447 2921 682 2976 siderum
731 2921 886 2974 orbes
935 2931 988 2973 et
1030 2919 1271 2990 regiones
1315 2929 1465 2971 terrae

447 3000 782 3074 peragrando
801 3038 818 3065 ‚
841 3000 954 3054 celi
985 3010 1038 3054 et
1073 2999 1272 3052 telluris
1307 2998 1465 3052 situm

447 3079 823 3152 descripserat;
852 3093 1012 3152 atque
1031 3097 1268 3130 arcanum
1283 3115 1298 3138 ‚
1321 3076 1466 3148 quod

449 3160 778 3232 Pythagorici
803 3171 855 3213 et
884 3159 1143 3214 Platonici
1169 3199 1185 3224 ,
1231 3155 1466 3210 animam

447 3236 630 3292 muudi
662 3257 724 3291 ex
751 3240 986 3292 numeris
1019 3238 1329 3291 fabricatam
1365 3235 1464 3289 do·

445 3329 624 3370 centes
645 3357 660 3382 ,
697 3335 950 3370 arcannm
993 3317 1136 3370 hunc
1181 3334 1463 3387 corporum

444 3395 729 3449 caelestimn
756 3407 1068 3448 concentum
1088 3435 1104 3462 ,
1125 3406 1176 3448 et
1203 3395 1271 3449 ab
1296 3395 1465 3448 homi-

442 3493 574 3528 num
610 3473 846 3527 sensibus
889 3475 1192 3526 abstrusum
1210 3514 1226 3539 ,
1255 3472 1464 3526 adsere·

441 3555 572 3606 bant
591 3591 607 3618 ,
631 3553 855 3606 docente
881 3551 1156 3604 Macrohio
1189 3552 1244 3604 in
1281 3553 1461 3606 Somn.

441 3634 581 3705 Scip.
611 3633 702 3685 lib.
727 3633 787 3694 1,
809 3649 926 3703 cap.
955 3649 978 3683 1
1006 3642 1058 3682 et
1089 3649 1136 3682 ο.
1181 3656 1202 3676 ι
1226 3631 1463 3684 Caelestia

438 3725 640 3766 secreta
666 3736 687 3757 ι·
716 3711 944 3784 appellat
969 3707 1112 3762 idem
1129 3747 1145 3772 ,
1167 3728 1214 3761 c.
1244 3719 1274 3775 4
1297 3721 1464 3763 extre-

438 3810 543 3844 mo.
557 3793 634 3844 De
649 3788 1049 3862 Chomgraphia
1069 3799 1120 3841 et
1133 3789 1384 3841 affinibus
1396 3789 1461 3841 li-

437 3871 548 3924 bris
566 3871 822 3924 Varronis
837 3868 986 3942 plura
1015 3866 1122 3920 dixi
1149 3867 1204 3919 in
1229 3863 1454 3921 Prooem'.

443 3947 513 4000 ad
533 3949 766 4003 Halieut.

509 4047 558 4078 a.
577 4033 716 4080 Hem
744 4031 898 4081 hebet.
923 4025 1150 4081 Pithoeus
1179 4023 1342 4078 edidit
1365 4029 1460 4078 lea-

433 4107 532 4162 ⁶⁶1,
553 4123 824 4178 perperam
844 4107 1061 4160 omuino
1075 4143 1092 4171 ,
1111 4115 1164 4159 et
1181 4102 1427 4158 Bai-thius
1440 4145 1457 4172 ,

1561 1963 1780 2017 Advers.
1806 1965 1963 2017 xvn
1985 2002 2001 2029 ,
2032 1966 2095 2018 18
2114 2005 2130 2030 ‚
2156 1977 2209 2018 et
2234 1965 2419 2018 XXIII
2436 2007 2453 2030 ,
2490 1985 2588 2032 ιο,

1558 2043 1750 2096 merito
1788 2044 2088 2116 exagitavit.
2132 2049 2287 2097 Hebes
2316 2057 2396 2098 est
2432 2047 2589 2118 quasi

1558 2121 1838 2194 obstupefit
1856 2161 1872 2188 ,
1912 2125 2139 2197 ejusque
2173 2125 2311 2179 acies
2343 2125 2585 2178 retundi-

1558 2214 1661 2255 tur.
1676 2202 1866 2276 virgil.
1880 2207 2001 2257 AEn.
2021 2204 2096 2267 V,
2123 2204 2225 2272 395
2241 2242 2257 2267 ‚
2294 2231 2316 2251 ι
2333 2204 2423 2258 sed
2440 2206 2587 2258 enim

1554 2279 1763 2351 gelidus
1812 2281 2055 2336 tardante
2107 2295 2313 2336 senecta
2359 2285 2589 2355 Sanguis

1554 2360 1711 2414 hebet
1734 2380 1794 2424 n;
1838 2373 1891 2414 et
1938 2361 2185 2415 Valerius
2228 2361 2479 2426 Flaccus,
2526 2365 2588 2430 1,

1559 2438 1625 2493 53
1654 2481 1670 2506 ,
1718 2465 1741 2486 ιι
1786 2439 1927 2493 Olim
1968 2440 2121 2493 annis
2169 2440 2258 2493 ille
2298 2439 2455 2494 ardor
2492 2442 2589 2496 he-

1554 2520 1645 2572 bet
1661 2519 2001 2573 -.=Licentius
2038 2539 2103 2573 eo
2142 2519 2289 2573 dicto
2326 2521 2461 2574 forte
2498 2541 2587 2575 re-

1554 2599 1709 2671 spicit
1753 2598 1819 2652 ad
1870 2597 2003 2651 illud
2023 2639 2039 2664 ,
2083 2599 2229 2672 quod
2274 2600 2589 2673 philosophi

1557 2676 1625 2730 de
1652 2678 1743 2731 illo
1773 2677 1961 2731 mundi
1994 2697 2058 2732 ex
2104 2679 2336 2752 impulsu
2370 2681 2587 2732 orbium

1556 2775 1690 2810 sono
1736 2757 1985 2811 dicebant
2006 2797 2023 2820 ,
2064 2777 2247 2811 sensus
2298 2759 2585 2812 hominum

1556 2854 1665 2889 non
1704 2855 1857 2908 posse
1894 2856 2017 2890 eum
2052 2855 2260 2909 capere.
2300 2838 2487 2891 Cicero
2527 2839 2585 2893 in

1554 2915 1737 2970 Somn.
1776 2917 1915 2989 Scip.
1944 2943 1970 2964 a
1983 2917 2098 2971 Hoc
2142 2919 2319 2971 sonitu
2360 2919 2587 2991 oppletas

1553 3013 1707 3050 aures
1727 2997 2010 3052 hominum
2036 2997 2463 3054 obsurduerunt:
2482 3019 2586 3054 nec

1556 3087 1631 3127 est
1658 3075 1797 3128 ullus
1822 3075 2063 3130 hebetior
2086 3097 2273 3131 sensus
2296 3079 2352 3130 in
2376 3079 2527 3132 vobis
2537 3105 2582 3130 ιι.

1554 3155 1902 3223 Censorinus,
1934 3175 2048 3228 cap.
2078 3158 2171 3220 13,
2210 3157 2316 3221 ait,
2336 3169 2585 3229 «septem

1554 3235 1728 3286 stellas
1748 3235 1887 3287 inter
1908 3235 2097 3288 celum
2126 3247 2179 3288 et
2199 3249 2397 3289 terram
2418 3255 2583 3308 vagas

1552 3311 1915 3366 dulcissimam
1944 3315 2228 3369 concinere
2254 3315 2543 3369 melodiam
2560 3355 2581 3382 ‚

1552 3391 1646 3444 sed
1669 3393 1822 3445 nobis
1844 3393 2189 3447 inaudibilem
2206 3433 2222 3458 ,
2246 3405 2464 3468 pmpter
2484 3413 2581 3448 vo-

1553 3471 1629 3524 cis
1678 3471 2095 3542 magnitudinem
2119 3511 2135 3536 ,
2176 3492 2339 3546 quam
2384 3492 2580 3545 capere

1552 3551 1760 3604 aurium
1806 3564 2107 3606 nostrarum
2162 3552 2419 3624 augustia
2466 3573 2579 3607 non

1552 3641 1771 3702 possunt
1792 3655 1837 3683 n.

1622 3715 1763 3774 &Te
1786 3731 1885 3762 non
1916 3715 2069 3764 dante
2096 3731 2315 3772 manum,
2344 3711 2449 3764 hoc
2472 3723 2579 3779 est,

1551 3788 1853 3856 auxiliante,
1878 3790 2125 3860 erigente.
2139 3791 2341 3846 Saleius
2361 3791 2579 3859 Bassus,

1550 3888 1603 3921 v.
1638 3874 1771 3932 241:
1816 3869 1939 3920 “Tu
1972 3871 2123 3923 nanti
2166 3869 2420 3941 protende
2453 3889 2575 3924 ma-

1545 3966 1675 3999 num
1696 3985 1712 4010 ,
1742 3959 1800 4000 tu
1820 3986 1839 4013 ,
1860 3947 1983 4000 Piso
2000 3989 2018 4016 ‚
2040 3949 2291 4002 latentem
2314 3949 2513 4002 Exsere
2530 3977 2572 4000 ιι.

1619 4027 1667 4078 5.
1693 4031 1934 4095 Perplexa
1952 4030 2055 4080 viri
2076 4031 2367 4095 compendia
2380 4067 2397 4088 ‚
2418 4028 2576 4081 ratio-

1544 4121 1636 4158 nes
1650 4142 1667 4170 ,
1688 4105 1882 4177 quibus
1911 4125 2137 4179 corpora
2162 4105 2385 4161 caelestia
2410 4107 2573 4160 orbes
