2975 4684
833 339 972 409 DE
1019 337 1542 410 CORNELIO
1590 337 2007 408 SEVERO.
2403 339 2485 411 31

363 484 708 560 gmentum
739 465 1042 536 carminis
1073 466 1212 547 ejus
1243 465 1326 532 de
1357 483 1573 532 morte
1600 467 1929 532 Ciceronis
1964 489 2119 530 sane
2147 469 2495 557 pulchrum

362 593 430 642 et
451 575 868 640 luculentum.
889 595 1044 638 cum
1072 573 1211 638 aliis
1239 573 1573 638 nonnullis
1598 587 1839 655 exstet,
1864 571 2003 636 haec
2024 595 2158 637 non
2191 575 2405 640 solum
2426 577 2496 642 in

359 680 662 771 praesenti
685 680 1052 746 oerminum
1083 680 1247 744 serie
1279 679 1617 762 collocavi,
1641 679 1757 744 sed
1782 678 1975 745 etiam
2002 701 2181 746 nunc
2196 729 2217 764 ,
2241 705 2385 772 quae
2418 684 2499 752 de

360 789 504 876 ipso
550 803 746 877 poeta
779 785 954 874 apud
985 787 1252 854 Veteres
1283 801 1762 874 memorantur,
1795 785 1924 851 hnc
1965 786 2111 850 loco
2159 791 2497 868 enarrabo.

360 894 578 958 Publii
615 915 858 960 nomen
892 890 1193 959 Cornelio
1229 891 1468 960 Severo
1500 890 1772 981 praefixit
1806 892 2102 958 Gor-allus
2120 941 2139 977 ,
2168 896 2377 980 nulla,
2421 915 2499 964 ut

359 1017 525 1089 puto
541 1001 890 1083 ,Veterum
921 1001 1322 1064 auctoritate.
1345 999 1791 1076 Meminerant
1821 999 1959 1079 ejus
1994 999 2264 1066 Ovidius
2280 1051 2299 1084 ,
2328 1004 2501 1069 Mar·

361 1127 478 1172 cus
516 1123 582 1171 et
610 1107 854 1174 Lucius
884 1106 1180 1189 Seneeae,
1207 1104 1493 1194 denique
1528 1103 2005 1189 Quintilianus,
2034 1107 2149 1194 qui
2180 1129 2333 1173 eum
2364 1133 2499 1174 ver·

360 1211 748 1278 sifioetorem
774 1213 1137 1302 egregium,
1162 1228 1228 1278 et
1247 1213 1552 1294 juvenem
1577 1210 1853 1278 maxima
1880 1211 2103 1277 indole
2124 1214 2465 1302 praeditum
2481 1265 2503 1301 ,

357 1320 711 1408 multisque
744 1319 1138 1386 carminibus
1179 1320 1248 1384 in
1278 1319 1557 1409 pueritia
1588 1319 1839 1408 scriptis
1872 1320 2245 1386 inclaruisse
2272 1323 2502 1406 refert,

358 1424 476 1496 sed
521 1441 734 1490 morte
783 1426 1132 1490 immatura
1179 1423 1589 1491 defunctum.
1630 1425 1707 1490 P.
1758 1426 2043 1490 Crinitus
2080 1449 2233 1492 eum
2276 1427 2394 1494 diu
2427 1430 2499 1494 in

359 1530 628 1620 agendis
654 1531 1232 1598 declamationibus
1253 1545 1582 1596 versatum
1604 1530 1795 1614 dicit,
1822 1531 2005 1620 quod
2033 1531 2336 1622 equidem
2360 1559 2501 1600 non

360 1635 552 1701 video
582 1659 620 1702 a
649 1637 742 1702 M.
773 1635 1018 1703 Seneca
1049 1637 1432 1716 memorari,
1465 1635 1582 1726 qui
1620 1657 1775 1700 eum
1810 1658 1947 1700 non
1978 1636 2259 1702 rhetoris
2286 1657 2351 1704 et
2386 1640 2501 1705 de-

359 1742 723 1808 clamatoris
755 1742 1056 1824 nomine,
1089 1739 1206 1808 sed
1248 1757 1325 1806 ut
1355 1757 1618 1830 poetam
1654 1739 1917 1830 laudat(
1926 1741 2007 1828 1).
2029 1742 2245 1808 Possis
2274 1762 2495 1811 tamen

357 1845 490 1915 hoc
510 1846 664 1913 inde
687 1847 1042 1929 conjicere,
1077 1844 1262 1934 quod
1283 1846 1651 1912 Priscianus
1668 1894 1685 1927 ,
1721 1846 1833 1912 lib.
1853 1847 1951 1927 X,
1986 1869 2051 1936 p.
2069 1869 2203 1933 910
2231 1851 2499 1918 Putsch.

357 1953 738 2018 Cornelium
769 1955 1078 2020 Severum
1115 1956 1184 2018 in
1217 1953 1382 2019 VIII
1411 1953 1493 2018 de
1524 1966 1697 2016 statu
1720 1975 1831 2016 suo
1866 1953 2135 2042 alleget:
2168 1977 2315 2044 quae
2342 1979 2499 2022 sane

357 2061 798 2126 controversia
824 2082 965 2127 esse
987 2058 1268 2143 videtur,
1297 2075 1362 2124 et
1387 2058 1583 2124 verba
1613 2058 1765 2124 inde
1792 2059 2109 2148 producta
2136 2063 2499 2130 orationem

357 2189 618 2254 prosam
639 2167 943 2232 fatentur.
969 2167 1220 2232 Bellum
1241 2166 1533 2232 Siculum
1556 2166 1639 2230 ab
1658 2187 1739 2230 eo
1760 2167 2075 2254 scriptum
2093 2215 2113 2250 ,
2134 2190 2259 2233 nec
2280 2185 2499 2236 tamen

357 2273 792 2361 perscriptum
838 2288 906 2338 et
944 2272 1320 2338 absolutum
1357 2273 1446 2338 oh
1479 2273 1933 2361 importunum
1970 2271 2223 2338 obitum
2240 2323 2259 2357 ,
2300 2276 2501 2342 refert

357 2378 618 2444 Fabius.
647 2379 968 2469 Iosephus
999 2379 1279 2469 Scaliger
1301 2377 1985 2444 Animadversionibus
2010 2379 2080 2442 in
2106 2379 2495 2468 Eusebium,

357 2507 540 2552 num.
570 2485 1023 2568 MMXLVIII,
1051 2487 1405 2568 conjectat,
1431 2485 1609 2574 apud
1639 2485 1915 2550 Fabium
1946 2507 2069 2574 pro
2098 2486 2383 2552 Siculum
2408 2490 2498 2554 le-

355 2588 648 2679 gendum
675 2613 812 2655 esse
839 2590 1052 2671 civile,
1074 2607 1154 2655 ut
1177 2590 1424 2657 bellum
1456 2589 1642 2656 civile
1672 2591 1931 2654 Caesaris
1964 2606 2031 2654 et
2062 2590 2127 2654 S.
2167 2591 2495 2681 Pompeii,

355 2711 552 2782 atque
573 2694 726 2760 inde
744 2694 1208 2785 depromptum
1233 2717 1493 2762 carmen
1522 2695 1591 2759 in
1621 2709 1901 2760 mortem
1927 2694 2257 2762 Ciceronis
2272 2747 2289 2774 ‚
2314 2698 2535 2794 quod}

356 2801 448 2864 Μ.
486 2801 728 2869 Seneca
763 2801 1061 2872 Suasoria
1089 2803 1214 2868 VII
1243 2803 1493 2890 profert
1514 2849 1533 2884 ,
1562 2801 1975 2890 intelligatur.
2018 2803 2161 2890 Ego
2192 2825 2383 2886 vern,
2418 2821 2495 2870 ut

355 2907 604 2975 bellum
635 2908 928 2973 Siculum
959 2908 1240 2997 Aug-usti
1277 2930 1428 2972 cum
1463 2907 1532 2972 S.
1572 2907 1886 2994 Pompeio
1920 2921 2177 2995 gestum
2214 2931 2251 2972 a
2286 2907 2491 2974 Fabio

355 3013 630 3103 intelligi
661 3015 959 3079 existimo
979 3061 1000 3096 ,
1039 3014 1108 3078 in
1147 3037 1282 3103 quo
1309 3011 1631 3078 narrando
1662 3013 1883 3078 locum
1915 3012 2221 3078 habuisse
2261 3013 2495 3080 descri—

357 3122 652 3208 ptionem
669 3123 907 3204 AEtnee‚
929 3144 968 3188 a
993 3123 1236 3188 Seneca
1261 3136 1709 3203 memoratam,
1722 3141 1915 3208 supra
1941 3120 2218 3202 ostendi,
2234 3123 2349 3205 ita,
2374 3147 2495 3188 cur

317 3222 334 3236 ’
355 3227 536 3315 apud
551 3228 822 3294 Fabium
845 3229 1026 3296 civile
1042 3226 1461 3294 scribendum
1489 3228 1575 3292 sit
1592 3277 1611 3310 ,
1636 3250 1757 3315 pro
1781 3226 2065 3292 Siculam
2081 3275 2103 3308 ,
2124 3251 2260 3306 non
2274 3231 2487 3310 video.

899 3331 924 3374 x
1321 3365 1351 3393 x

427 3481 510 3550 (1)
525 3479 795 3534 'Similiter
825 3484 878 3531 Ia
915 3481 1218 3548 Popelt'm'ere
1249 3478 1305 3530 in
1331 3477 1562 3531 Historia
1594 3477 1792 3531 Histor.
1816 3497 1869 3550 p.
1890 3479 1990 3552 304
2014 3515 2029 3542 ,
2063 3489 2113 3532 et
2133 3481 2297 3534 Andr.
2316 3481 2498 3537 Schot-

355 3581 482 3633 ιω,
515 3569 660 3622 [Ess-
672 3568 740 3622 de
767 3568 926 3623 claris
959 3566 1106 3640 apud
1125 3567 1378 3622 &nocam
1409 3566 1715 3620 rhetoribus
1734 3607 1750 3634 ,
1778 3567 1938 3620 Corn.
1966 3567 2221 3622 Severum
2246 3569 2495 3626 Romanis

353 3657 664 3715 rhetoribus
700 3669 1118 3728 succensuerunt,
1153 3675 1290 3730 quos
1324 3655 1521 3710 refutat
1551 3655 1693 3710 Petr.
1716 3660 1899 3724 Bayle,
1931 3656 2157 3711 Diction.
2174 3673 2292 3710 voc.
2314 3663 2495 3717 Slvere.

353 3745 428 3800 Hi
474 3743 725 3803 videntur
767 3765 889 3800 eum
929 3744 1255 3800 confundere
1291 3761 1418 3798 cum
1449 3743 1519 3797 T.
1550 3743 1732 3799 Cassio
1766 3743 1961 3798 Severo
1992 3755 2201 3798 oratore
2216 3786 2233 3812 ‚
2268 3749 2361 3818 qui
2396 3751 2501 3805 snb

353 3834 575 3888 Tiberio
615 3835 671 3888 in
716 3834 899 3888 exsilio
938 3825 1116 3908 periit.
1188 3833 1325 3888 Cum
1372 3835 1435 3888 C.
1482 3833 1667 3888 Cassio
1707 3831 1980 3888 Parmensi
2022 3851 2147 3890 eum
2191 3836 2495 3893 confudisse

353 3921 565 3977 videtur
595 3923 822 3977 Vossius
843 3961 861 3988 ‚
899 3921 968 3976 de
1001 3924 1151 3977 Poet.
1191 3923 1308 3978 Lat.
1350 3941 1468 3996 pag.
1514 3929 1614 3988 143
1647 3921 1987 3986 Serionnins‚
2022 3921 2078 3974 in
2116 3923 2236 3978 vita
2272 3925 2451 3980 Severi
2472 3965 2489 3992 ,

354 4011 578 4066 Gallico
607 4013 776 4066 AEtno
813 4012 1042 4066 versioni
1077 4011 1342 4084 promissa
1373 4049 1390 4076 ,
1445 4029 1571 4065 cum
1624 4023 1852 4083 utroque
1886 4009 2071 4064 miscet
2094 4049 2109 4073 ,
2171 4029 2234 4066 ac
2278 4013 2490 4091 insuper

354 4099 544 4153 omnia
571 4099 877 4155 conturbat.
