2975 4684
876 347 1013 414 AD
1071 348 1541 418 LICENTII
1600 347 2049 418 CARMEN.
2396 347 2527 432 [μι
2604 421 2607 424 ,

270 467 280 474 “
403 470 574 536 inter
628 469 1102 551 jucundissima
1167 472 1300 538 ou'a
1355 488 1424 538 et
1487 473 1739 540 erudita
1794 473 2117 560 colloquia
2182 487 2537 537 transactos

401 576 526 640 sibi
559 577 844 642 revocari
875 593 1208 666 peroptat,
1251 601 1444 644 versu
1489 577 1574 643 52
1622 600 1805 667 seqq.
1838 579 2051 666 Atque
2084 577 2153 642 in
2190 577 2293 642 his
2318 577 2501 642 libris
2514 623 2535 656 ,

401 682 642 770 quibus
669 681 1144 800 disputationes
1176 707 1330 750 cum
1361 685 1656 750 Licentio
1692 700 1761 750 et
1778 685 2001 750 amicis
2026 683 2261 750 habite
2290 683 2535 748 descri-

400 785 688 866 buntur,
725 785 1052 873 plurima
1033 802 1260 852 insunt
1289 785 1693 868 testimonia,
1728 786 1969 874 quibus
2002 807 2400 876 propensum
2430 784 2537 848 Li·

403 891 600 956 centii
643 891 712 954 in
756 892 1076 980 poeticam
1119 893 1458 982 ingenium
1485 911 1553 961 et
1588 892 1881 960 studium
1912 891 2267 982 singulare,
2287 891 2537 980 Virgilii

405 997 717 1078 maxime,
773 1019 974 1085 quem
1015 997 1080 1061 in
1117 998 1262 1062 villa
1309 999 1432 1064 ista
1461 1021 1616 1064 cum
1650 999 1875 1064 amicis
1911 996 2269 1078 lectitabat,
2304 1011 2537 1060 tracta·

404 1103 586 1168 tione
609 1103 952 1168 incensum
983 1120 1180 1190 atque
1213 1105 1573 1187 nutritum,
1606 1103 1929 1170 laudatur.
1952 1103 2151 1188 Libro
2180 1103 2243 1168 11
2276 1101 2358 1166 de
2380 1104 2539 1168 Aca-

403 1205 574 1274 dem.
607 1231 748 1296 cap.
781 1212 823 1287 4
851 1210 942 1274 ait
971 1209 1414 1298 Augustinus,
1447 1210 1733 1276 tractatis
1764 1233 1883 1298 per
1916 1209 2165 1296 aliquot
2194 1206 2331 1272 dies
2358 1207 2539 1274 libris

404 1311 652 1402 Virgilii
669 1361 688 1395 ,
709 1336 876 1401 quos
893 1314 1188 1378 Licentio
1207 1315 1667 1405 interpretatus
1686 1317 1901 1380 fuerat
1914 1363 1931 1392 ‚
1966 1315 2151 1380 illum
2183 1314 2275 1380 sic
2294 1311 2541 1380 inflam-

405 1435 654 1484 matum
687 1420 756 1482 in
788 1420 1058 1508 poeticae
1085 1420 1376 1486 studium
1403 1445 1577 1503 esse,
1603 1439 1681 1486 ut
1698 1422 2105 1509 aliquantum
2128 1421 2321 1485 etiam
2344 1415 2543 1508 repri-

407 1526 688 1592 mendus
719 1526 1072 1596 videretur.
1110 1530 1250 1594 Jam
1284 1530 1462 1597 euim
1493 1529 1575 1596 ab
1605 1529 1728 1594 hac
1760 1529 2123 1593 intentione
2166 1526 2251 1594 ad
2296 1527 2539 1592 nullam

406 1655 476 1696 se
523 1655 664 1698 rem
721 1633 1024 1700 devocari
1057 1634 1338 1700 libenter
1373 1635 1598 1700 tulisse
1618 1685 1635 1717 ,
1678 1635 1845 1700 libro
1878 1635 2009 1716 111,
2042 1657 2179 1723 cap.
2230 1657 2256 1698 1
2280 1680 2299 1715 ,
2342 1632 2537 1698 dicit:

407 1769 434 1794 σι
463 1738 798 1804 Licentius
840 1737 1164 1828 fingendis
1200 1740 1493 1806 versibus
1522 1741 1770 1806 vaoevit
1786 1788 1805 1821 ,
1850 1761 2137 1827 quorum
2177 1760 2403 1804 amore
2451 1738 2539 1802 ita

405 1845 740 1934 perculsus
775 1861 905 1927 est,
941 1861 1018 1910 ut
1038 1862 1310 1935 propter
1339 1867 1495 1912 eum
1526 1848 1803 1912 maxime
1848 1845 2009 1910 mihi
2056 1845 2255 1910 istum
2288 1867 2539 1908 sermo-

407 1971 558 2014 nem
589 1949 1010 2016 inferendum
1043 1967 1344 2040 putarem
1363 1999 1382 2033 ,
1429 1975 1565 2040 quo
1602 1952 1671 2016 in
1710 1952 1849 2032 ejus
1880 1951 2099 2016 animo
2129 1949 2541 2038 philosophia
2654 1973 2660 1979 ·

409 2060 432 2142 (
463 2077 644 2120 nunc
659 2057 838 2122 enim
856 2072 1116 2146 tempus
1147 2056 1276 2144 est)
1306 2057 1617 2137 majorem
1642 2074 1925 2148 partem,
1960 2079 2091 2122 non
2120 2055 2319 2122 modo
2340 2077 2539 2143 quam

405 2161 698 2250 poetica,
747 2162 864 2227 sed
896 2163 1136 2251 quaevis
1171 2165 1292 2228 alia
1331 2163 1701 2252 disciplina,
1748 2163 1869 2229 sibi
1918 2177 2191 2252 usurpet
2220 2185 2295 2228 ac
2324 2160 2538 2226 vindi-

408 2283 516 2332 cet
535 2298 584 2332 n.
624 2268 958 2358 sigillatim
1004 2284 1150 2334 tum
1183 2292 1332 2336 eum
1371 2271 1442 2334 in
1477 2271 1693 2336 fabula
1731 2269 1815 2335 de
1852 2271 2131 2359 Pyramo
2159 2284 2227 2334 et
2256 2267 2537 2349 Thisbe,

407 2388 476 2437 et
501 2373 640 2438 aliis
675 2372 1054 2455 hujusmodi
1091 2376 1421 2441 amoribus
1449 2375 1868 2442 decantandis
1914 2391 2309 2465 occupatum
2340 2373 2541 2438 fuisse

409 2477 764 2568 significat,
809 2480 958 2545 libri
992 2483 1022 2546 1
1059 2480 1142 2547 de
1173 2481 1454 2563 Ordine,
1487 2505 1629 2570 cap.
1670 2505 1742 2564 2,
1784 2483 1937 2548 item
1976 2479 2011 2546 5
2039 2498 2105 2546 et
2134 2483 2194 2546 8.
2229 2481 2435 2546 Porro
2460 2479 2541 2543 li-

408 2583 532 2650 bro
567 2587 634 2650 11
665 2603 892 2652 contra
921 2586 1124 2654 Acad.
1158 2610 1296 2676 cap.
1347 2587 1410 2668 3,
1454 2587 1538 2654 de
1576 2588 1921 2654 Philocalia
1972 2605 2038 2654 et
2084 2585 2501 2675 Philosophia
2522 2633 2541 2666 ‚

365 2753 370 2758 ,
411 2707 742 2780 tamquam
769 2693 1118 2782 gentilibus
1143 2695 1313 2760 inter
1333 2718 1402 2760 se
1425 2711 1490 2762 et
1513 2697 1803 2785 cognatis
1818 2745 1837 2778 ,
1869 2696 2143 2784 loquens
2156 2741 2175 2776 ,
2198 2715 2407 2781 quum
2436 2715 2543 2756 eas

410 2820 561 2862 cum
607 2799 854 2864 avicula
883 2799 1084 2866 libere
1113 2801 1374 2865 volante
1395 2848 1413 2883 ,
1451 2802 1703 2889 aliaque
1744 2824 1951 2866 caveoe
1984 2801 2229 2866 inclusa
2277 2821 2542 2886 compa-

414 2921 648 2986 rasset,
707 2905 798 2968 sic
835 2907 1048 2994 pergit
1078 2907 1557 2972 Romanianum
1607 2907 2003 2996 adloquens:
2032 2937 2056 2962 a
2082 2907 2295 2988 Quam
2336 2919 2541 2968 totam

410 3007 694 3074 fabulam
728 3011 924 3098 (nam
975 3013 1198 3078 subito
1253 3013 1541 3102 AEsopus
1574 3016 1779 3080 factus
1812 3015 2001 3100 sum)
2058 3011 2385 3096 Licentius
2426 3010 2543 3077 tibi

413 3115 698 3180 carmine
727 3117 988 3182 suavius
1017 3117 1324 3184 indicabit
1351 3142 1366 3182 t
1395 3137 1589 3208 poeta
1614 3137 1711 3186 est
1740 3121 1915 3185 enim
1944 3141 2129 3208 paene
2156 3118 2477 3207 perfectus
2496 3147 2545 3180 υ.

415 3219 692 3286 Videtur
722 3221 800 3286 iis
831 3223 1042 3286 verbis
1067 3227 1467 3314 Augustinus
1508 3227 1781 3292 Licentii
1827 3224 2091 3314 aliquod
2132 3225 2213 3288 de
2246 3223 2561 3288 Philoso·.

414 3325 566 3413 phia'
597 3348 858 3391 carmen
879 3329 1288 3394 Romaniano
1314 3329 1624 3418 polliceri.
1652 3335 1707 3396 A
1725 3354 1859 3419 quo
1885 3331 2221 3420 proposito
2244 3331 2382 3418 ipse
2411 3351 2545 3393 non

415 3429 663 3494 alienus
687 3431 966 3514 videtur,
1001 3433 1116 3498 ubi
1137 3433 1306 3499 libro
1329 3437 1360 3504 Ι
1385 3433 1466 3500 de
1499 3435 1746 3500 Ordine
1767 3486 1784 3519 ,
1820 3459 1959 3526 cap.
1982 3435 2022 3502 8
2038 3483 2057 3518 ,
2090 3436 2179 3499 ait
2206 3459 2221 3498 :
2255 3466 2278 3490 κ
2299 3434 2547 3524 Pigrior

414 3557 560 3600 sum
607 3535 691 3600 ad
729 3537 834 3602 illa
873 3555 1076 3604 metra
1113 3539 1333 3604 subito
1375 3540 1681 3624 effectu53
1738 3543 1889 3624 alia,
1926 3543 2120 3631 longe
2174 3541 2291 3604 alia
2332 3541 2549 3604 nescio

416 3641 576 3728 quid
605 3642 764 3708 mihi
791 3647 1133 3710 nuncluce
1150 3644 1589 3736 resplenduit:
1618 3649 1953 3736 pulchrior
1980 3664 2079 3716 est
2097 3646 2543 3736 Philosophia,

414 3747 658 3830 fateor,
703 3771 898 3836 quam
932 3751 1210 3832 Thisbe,
1245 3774 1442 3839 quam
1472 3752 1787 3842 Pyramus
1802 3785 1847 3818 υ.
1880 3753 2071 3818 Unde
2112 3753 2293 3817 illum
2330 3752 2547 3840 paullo

417 3867 564 3939 post
591 3853 890 3919 hortatur
921 3857 1352 3946 Augustinus,
1387 3858 1550 3921 utin
1584 3860 1867 3922 carmine
1902 3859 1983 3923 de
2010 3859 2263 3947 Pyt-ami
2295 3879 2544 3938 amore,

417 3971 669 4046 arrepta
703 3965 1185 4052 opportunitate
1205 4015 1222 4046 ,
1250 3965 1541 4029 «attollat
1562 3989 1630 4030 se
1664 3967 1727 4030 in
1758 3965 2017 4031 laudem
2042 3967 2189 4054 puri
2220 3981 2283 4030 et
2314 3967 2549 4040 sinceri,

421 4065 690 4146 amen-iffi
745 4091 876 4154 quo
927 4071 1154 4133 a'nimae
1189 4069 1422 4136 dotatae
1459 4069 1810 4160 disciplinis
1860 4089 1923 4135 et
1974 4072 2209 4138 virtute
2252 4073 2561 4152 formosae
