2975 4684
872 370 1008 439 AD
1067 361 1537 440 LICENTH
1598 371 2048 441 CARMEN.
2390 373 2535 460 413

393 501 756 566 recentiora
793 513 1088 591 tempora
1121 517 1318 584 esset,
1365 500 1667 567 excitavit
1698 499 1878 566 baud
1928 501 2130 568 dubie
2182 505 2537 571 nonnullos

345 607 512 672 -αὲνί
555 607 752 672 medii
807 623 1198 697 poetastros,
1233 623 1314 672 ut
1353 606 1649 672 eamdem
1696 607 1991 672 versibus
2044 607 2535 676 describendam

393 723 744 778 sumerent.
781 713 1168 780 Memoravit
1203 713 1424 804 Polyc.
1459 713 1810 802 Leyserus,
1842 714 1910 777 in
1944 713 2111 780 Hist.
2144 714 2328 782 Poet.
2358 715 2531 782 med.

391 818 693 910 avi-,pagx
719 819 892 885 2086
919 835 987 884 et
1012 817 1186 884 2088
1201 867 1220 902 ,
1250 818 1388 884 duo
1414 819 1815 884 incertorum
1840 834 2181 884 auctorum
2209 822 2493 886 carmina
2512 871 2532 905 ,

391 923 728 990 historiam
743 925 831 990 de
843 925 1122 1014 Pyramo
1139 941 1206 991 et
1218 925 1462 991 Thisbe
1476 925 1870 1015 exponentia
1884 973 1905 1008 ,
1920 948 2277 1014 qum-manu
2296 928 2535 1017 scripta

367 1029 460 1094 ·in
497 1031 890 1100 bibliotheca
925 1047 1162 1096 nostrae
1199 1030 1559 1096 Academia
1588 1047 1965 1112 servantur,
2004 1029 2119 1096 sed
2164 1055 2249 1096 ne
2296 1032 2532 1098 veteris

387 1145 600 1225 poeta
625 1137 898 1204 Licentii
923 1155 1068 1203 *esse
1093 1137 1475 1220 enodantur,
1506 1139 1771 1204 incultis
1794 1153 1861 1202 et
1884 1139 2119 1227 partim
2140 1138 2531 1227 rhythmicis

389 1243 720 1326 versibus,
759 1245 1000 1332 quibus
1041 1245 1280 1334 scripta
1323 1261 1515 1326 sunt,
1549 1245 1727 1308 ultro
1760 1243 2178 1308 intercedunt
2216 1243 2332 1332 (1).
2388 1247 2533 1310 Alia

385 1363 688 1437 poemata
721 1371 760 1414 a
803 1349 1096 1416 Licentio
1125 1351 1347 1414 relicta
1383 1349 1711 1439 Gyraldus
1753 1350 1823 1413 in
1864 1333 2031 1414 iiiut.
2062 1349 2247 1415 Poet-
2281 1349 2433 1416 dial.
2454 1351 2531 1434 V,

383 1475 450 1542 p.
477 1475 627 1543 291,
651 1473 1046 1538 memorare,
1069 1471 1402 1543 tamquam
1429 1471 1585 1520 nota
1598 1454 1727 1520 sibi
1742 1471 1807 1520 et
1825 1454 1983 1519 lecta
2002 1454 2281 1520 videtur.
2296 1487 2322 1512 υ
2338 1457 2537 1545 Hym-

387 1580 508 1624 nos
556 1577 714 1626 vero
734 1611 754 1645 ,
805 1563 1059 1651 inquit,
1107 1562 1364 1651 scripsit
1405 1579 1472 1626 et
1521 1543 1821 1651 epistoias
1836 1608 1856 1642 ,
1910 1561 2163 1649 aliaque
2205 1579 2499 1651 poemata
2512 1611 2532 1645 ,

385 1687 466 1730 ex
495 1667 736 1756 quibus
764 1687 916 1734 eum
942 1669 1206 1758 quidem
1239 1668 1308 1732 in
1333 1668 1591 1757 poetica
1616 1668 1926 1749 valuisse,
1962 1688 2101 1732 non
2126 1683 2343 1734 tamen
2369 1691 2533 1756 prse-

383 1772 620 1837 stitisse
637 1821 656 1856 ,
687 1773 880 1862 plane
897 1775 1352 1863 conspeximus
1369 1804 1416 1838 ι.
1441 1772 1571 1838 Sed
1596 1772 1833 1838 falsum
1852 1787 1921 1836 et
1944 1773 2258 1838 memoria
2276 1773 2529 1861 lapsum

384 1877 744 1967 Gyraldum
759 1901 900 1944 esse
915 1928 934 1963 ,
958 1881 1120 1944 nulli
1137 1880 1539 1961 dubitamus,
1555 1881 1671 1967 qui
1686 1877 1958 1943 fortasse
1976 1877 2042 1942 in
2064 1879 2285 1943 animo
2298 1878 2531 1944 habuit

383 1983 776 2069 Paullinum,
793 1987 1063 2052 Licentii
1088 1987 1400 2075 aequalem
1419 2034 1438 2069 ,
1463 2000 1531 2050 et
1554 1987 1943 2075 scriptorum
1962 1983 2283 2064 ejusmodi
2302 2003 2530 2052 aucto·

381 2113 544 2156 rem.
569 2092 804 2180 Neque
827 2092 1004 2158 enim
1033 2092 1117 2157 ab
1145 2092 1519 2182 Augustino
1540 2137 1559 2174 ,
1598 2091 1715 2179 qui
1742 2090 2023 2154 maxime
2042 2091 2261 2179 potuit
2280 2139 2297 2174 ‚
2320 2093 2423 2157 vel
2442 2093 2527 2156 ab

379 2197 506 2262 alio
535 2199 846 2288 quopiam
861 2247 881 2281 ,
903 2198 1143 2288 'scripta
1168 2198 1440 2264 Licentii
1463 2198 1607 2281 alia,
1629 2213 1863 2286 proeter
1888 2199 2009 2262 ista
2036 2221 2073 2262 a
2096 2197 2289 2262 nobis
2306 2197 2526 2264 lauda-

381 2319 445 2368 αι
463 2352 482 2387 ,
517 2307 864 2372 memorari
882 2355 900 2388 ,
929 2306 1140 2371 multo
1163 2305 1384 2368 minus
1401 2320 1653 2368 exstare
1674 2302 1871 2370 hodie
1888 2351 1908 2386 ,
1934 2303 2239 2368 novimus
2272 2303 2389 2392 (2).

467 2411 597 2476 Sed
645 2412 778 2492 jam
829 2411 910 2478 de
935 2412 1272 2501 tamine,
1323 2410 1507 2500 quod
1558 2427 1885 2499 superest,
1940 2408 2025 2474 ad
2080 2411 2525 2500 Augustinum

379 2519 580 2582 misso
599 2518 952 2585 dicendum
977 2535 1075 2584 est
1093 2543 1113 2602 ς
1131 2519 1318 2600 cujus
1349 2517 1677 2583 scribendi
1706 2518 1845 2582 hoec
1872 2539 2095 2582 caussa
2124 2532 2321 2605 atque
2342 2539 2527 2582 occa·

377 2625 476 2688 sio
494 2625 640 2690 fuit.
660 2627 1028 2716 Augustino
1042 2627 1108 2690 in
1131 2625 1410 2690 Africam
1430 2647 1689 2689 reverso
1702 2671 1722 2705 ,
1738 2622 2251 2688 etsacerdotium
2262 2621 2521 2715 adepto,

379 2731 642 2796 relictus
679 2733 746 2796 in
795 2731 1012 2814 Italia,
1064 2731 1392 2796 Licentius
1440 2732 1719 2794 Romam
1754 2745 2159 2795 concesserat
2180 2777 2199 2810 ‚
2236 2729 2521 2794 honores

377 2835 722 2925 officiaque
757 2839 964 2902 aulica
997 2853 1064 2902 et
1095 2837 1475 2926 conjugium
1512 2836 1873 2925 spectabat,
1912 2835 2172 2900 interim
2210 2836 2519 2900 acerrime

347 2943 804 3008 ·incumbebat
835 2943 924 3008 ad
955 2941 1168 3008 studia
1199 2943 1531 3006 literarum
1554 2991 1571 3024 ‚
1598 2957 1911 3029 totusque
1944 2941 2013 3004 in
2036 2939 2329 3030 legendis
2366 2963 2522 3029 prae-

377 3049 790 3114 stantissimis
815 3049 1185 3138 quibusque
1205 3048 1519 3112 Veterum
1536 3046 1719 3111 libris
1746 3045 2141 3110 versabatur.
2165 3048 2349 3110 Inter
2378 3044 2519 3110 hoec

377 3177 584 3244 quum
618 3179 786 3245 saepe
821 3157 1002 3220 locos
1031 3151 1116 3219 ad
1149 3153 1646 3242 intelligendum
1696 3151 1985 3218 difficiles
2002 3199 2021 3234 ,
2068 3151 2518 3240 plurimosque

373 3283 598 3326 rerum
635 3261 846 3328 nodos
865 3307 887 3345 ‚
917 3261 1158 3350 quibus
1196 3258 1521 3326 solvendis
1548 3259 1687 3349 ipse
1724 3279 1841 3347 par
1872 3279 2008 3322 non
2046 3274 2216 3323 esset
2238 3305 2259 3341 ,
2300 3259 2515 3324 offen·

441 3509 520 3578 (1)
545 3507 649 3565 Sed
677 3507 898 3564 historia
923 3507 992 3563 de
1012 3505 1244 3583 Pyramo
1269 3521 1320 3562 et
1340 3507 1541 3562 Thisbe
1559 3546 1575 3572 ,
1599 3525 1762 3580 quam
1788 3505 1905 3560 Pol.
1930 3509 2190 3579 Leyserus
2216 3525 2246 3560 e
2271 3505 2368 3561 Ms-
2386 3505 2515 3560 Hel-

371 3597 676 3653 mstadiensi
705 3599 924 3672 protulit
940 3636 957 3663 ‚
984 3601 1164 3652 AEnen
1188 3597 1402 3671 sylvio,
1427 3609 1613 3671 postea
1636 3597 1793 3669 Papa
1819 3595 1921 3649 Pio
1948 3595 2004 3648 11
2022 3633 2038 3659 ,
2064 3595 2315 3648 tribuitur
2336 3595 2394 3648 in
2422 3593 2519 3650 MS

368 3687 706 3741 Bibliotheca
735 3687 1145 3748 Thomniensis.
1189 3699 1250 3740 ut
1287 3697 1547 3740 memorat
1584 3685 1857 3740 Fabricius
1898 3685 1955 3736 in
1992 3682 2245 3736 Biblioth.
2283 3681 2424 3736 med.
2464 3697 2517 3738 et

367 3775 466 3830 inf.
497 3775 650 3842 latin.
675 3775 866 3844 vohv,
888 3795 944 3850 p.
971 3777 1073 3830 882
1095 3817 1110 3844 ,
1135 3787 1190 3829 et
1213 3776 1327 3848 ipse
1349 3774 1488 3829 Petr-
1514 3777 1770 3828 Joeuiclaen
1792 3774 1849 3826 in
1878 3772 2071 3826 Notitia
2096 3771 2345 3826 Biblioth.
2366 3771 2516 3824 Tho-

366 3881 488 3917 run.
519 3883 572 3936 p.
609 3867 691 3918 26.
727 3864 830 3917 En.

436 3957 513 4026 (20
547 3956 674 4008 Post
707 3953 1004 4028 Gyraldum
1036 3953 1154 4020 alii,
1198 3963 1257 4006 ut
1275 3953 1525 4019 Vossius,
1555 3948 1857 4004 Borrichius
1874 3989 1890 4016 ,
1930 3949 2151 4003 Brietius
2174 3989 2189 4014 ,
2228 3946 2476 4001 Bailletus
2494 3987 2512 4013 ,

367 4045 599 4118 hymnos
617 4064 648 4099 a
667 4043 904 4098 Licentio
921 4040 1135 4097 relictos
1153 4039 1505 4114 prodiderunt
1520 4079 1535 4104 ,
1573 4059 1708 4112 quos
1736 4055 1919 4092 omnes
1947 4056 1978 4091 ι
1998 4035 2239 4111 Gyraldo
2266 4035 2513 4110 deceptos

345 4139 480 4190 'esse
499 4133 782 4190 confirmat
799 4133 1078 4205 Μουκία.
1099 4131 1152 4185 in
1177 4133 1531 4192 Anti-Hamae,
1552 4129 1586 4183 Ι.
1606 4147 1653 4182 c.
