2975 4684
880 380 1306 448 PRAEFAT.
1361 379 1495 466 AD
1556 377 2014 446 EPITHAL.
2226 320 2233 329 ⁸
2379 375 2517 452 383

385 527 536 570 rum
557 521 682 588 est,
714 527 862 595 quoe
878 529 957 572 ex
979 507 1374 598 appellativis
1408 508 1659 598 generis
1684 506 1918 572 diversi
1940 506 2216 572 formata
2238 510 2517 574 multum

384 614 724 702 usurpavit
781 615 1046 703 sequior
1091 632 1276 696 setas,
1310 615 1475 680 etin
1512 593 1752 702 quihus
1798 613 2213 678 enuntiandis
2262 637 2519 681 necesse

384 737 484 785 est
516 722 949 786 soloecismum
985 723 1193 787 facere
1214 773 1230 800 ‚
1259 739 1338 788 ut
1379 722 1462 787 de
1492 722 1747 786 Auxilio
1784 721 2223 786 Grammatico
2261 723 2519 804 jocatur

383 827 751 905 Ausonius,
790 829 992 917 epigr.
1048 829 1190 894 138.
1223 829 1326 894 Ad
1361 849 1559 916 quem
1594 828 1809 892 locum
1832 828 2107 892 Vinctus
2143 828 2213 891 in
2244 828 2515 894 adnota-

382 933 566 997 tione
593 935 858 998 nomina
885 934 1203 1016 ejusmodi
1232 936 1352 1000 alia
1381 936 1676 1000 virorum
1698 951 1991 1000 recenset
2008 983 2025 1016 ,
2058 950 2136 998 ut
2168 936 2513 1020 Consilius,

382 1037 756 1104 Desiderius
772 1089 790 1121 ,
833 1039 1208 1123 Praesidius,
1253 1041 1615 1128 principius
1651 1055 1717 1104 et
1756 1040 1941 1128 virgo
1973 1039 2329 1129 Principia,
2368 1041 2518 1106 Stu-

381 1143 530 1208 dius
547 1193 566 1227 ,
595 1145 987 1229 Memorius,
1007 1148 1126 1211 alia
1143 1197 1161 1228 ,
1195 1163 1339 1236 quae
1362 1149 1430 1212 in
1462 1147 1878 1236 Hieronymi,
1902 1146 2263 1227 Ambrosii,
2287 1146 2513 1236 Augu-

380 1252 534 1315 stini
560 1302 578 1334 ,
615 1253 1020 1341 Symmachi,
1049 1255 1298 1319 Sidonii
1330 1255 1585 1343 scriptis
1606 1269 1981 1318 occurrunt.
2010 1255 2351 1342 Auspicius
2370 1303 2387 1336 ,
2413 1255 2515 1318 vir

379 1359 820 1445 praefectorius
849 1361 920 1424 in
941 1361 1180 1440 Gallia,
1205 1377 1603 1427 memoratur
1624 1362 1691 1424 in
1718 1360 1987 1448 Sulpicii
2018 1361 2160 1426 Sev.
2188 1361 2349 1424 Dial.
2369 1363 2510 1443 III„

379 1483 518 1551 cap.
552 1485 612 1551 7.
647 1467 934 1554 Auspicii
967 1468 1248 1556 episcopi
1283 1469 1352 1531 in
1391 1466 1595 1532 Gallia
1630 1467 1931 1530 meminit
1956 1465 2261 1530 Sidonius
2304 1467 2513 1554 Apoll.

377 1571 488 1634 lib.
531 1572 644 1654 IV,
676 1575 858 1662 epist.
899 1599 996 1662 17,
1031 1576 1114 1639 ad
1149 1598 1430 1663 eumque
1467 1573 1693 1639 scribit
1714 1574 2001 1655 -lib.V11‚
2042 1596 2142 1661 ep.
2188 1597 2285 1638 10.
2328 1573 2515 1638 Idem

379 1677 694 1766 Auspiciae
711 1679 998 1744 mulieris
1021 1680 1318 1744 meminit
1345 1680 1458 1744 lib.
1483 1672 1595 1763 lv,
1623 1701 1724 1767 ep.
1754 1699 1857 1742 21.
1877 1677 2017 1742 Etsi
2032 1699 2191 1742 vero
2206 1679 2521 1767 Auspicii,

375 1781 564 1860 cujus
609 1784 854 1872 nuptiis
909 1785 1039 1849 hoc
1087 1807 1346 1849 carmen
1399 1787 1713 1874 scriptum
1749 1799 1883 1866 est,
1932 1797 2083 1848 aetas
2122 1799 2189 1847 et
2233 1784 2513 1873 dignitas

373 1889 745 1976 ignoratur,
781 1913 1020 1954 nomen
1073 1904 1288 1955 tamen
1327 1891 1442 1956 ubi
1475 1891 1775 1955 videmus
1811 1891 2171 1978 antiquitus
2198 1891 2511 1956 usitatum

374 1993 557 2057 claris
577 1995 730 2060 viris
750 2019 888 2060 esse
904 1996 1018 2078 ,id
1048 1997 1234 2062 facile
1260 2017 1521 2062 carmen
1550 1997 1895 2084 antiquum
1922 2017 2061 2059 esse
2092 1996 2346 2083 probat.
2371 1995 2432 2060 N
2437 2019 2510 2060 ec

371 2097 788 2183 infitiabitur,
828 2103 939 2189 qui
979 2103 1176 2191 leget,
1209 2103 1550 2190 ingenium
1582 2118 1791 2190 poetae
1825 2123 1959 2164 non
1997 2101 2419 2165 invenustum
2445 2117 2511 2166 et

371 2203 724 2269 dictionem
763 2207 917 2271 satis
969 2205 1369 2295 splendidam
1421 2207 1490 2270 in
1547 2229 1627 2271 eo
1664 2229 1991 2295 apparere.
2028 2209 2505 2296 Argumentum

370 2309 504 2373 sive
539 2333 795 2375 summa·
823 2313 1124 2377 carminis
1147 2314 1286 2378 haec
1313 2327 1410 2378 est
1437 2337 1453 2378 ε
1479 2313 1648 2378 Vere
1671 2313 2214 2394 ineunte,Venus
2248 2313 2504 2397 dicitur,

371 2417 592 2480 nescio
615 2417 794 2482 unde
814 2468 835 2501 ,
867 2420 1124 2502 exiisse,
1156 2421 1310 2484 etin
1340 2419 1736 2484 Thessaliam
1764 2441 2001 2510 magno
2023 2421 2333 2485 comitatu
2358 2441 2511 2484 con·

368 2521 686 2605 tendisse,
723 2541 800 2588 ut
831 2523 1060 2590 florida
1095 2526 1344 2614 Tempe
1375 2541 1440 2589 et
1468 2539 1787 2613 perpetuo
1819 2525 2101 2590 virentes
2132 2524 2361 2590 hortos
2388 2526 2507 2590 ha-

369 2627 625 2693 bitaret.
671 2631 842 2694 Hinc
901 2630 1040 2711 ejus
1097 2631 1367 2695 comites
1419 2646 1874 2712 recensentur,
1926 2631 2189 2714 Gratiae,
2254 2633 2501 2698 Natura

367 2749 574 2799 mater
591 2785 608 2812 ‚
627 2736 942 2826 Voluptas
960 2785 978 2817 ,
1003 2737 1184 2800 Siren
1204 2784 1223 2819 ,
1249 2735 1539 2826 Cupid0‚
1563 2758 1794 2825 agmen
1813 2738 2151 2801 Amorum.
2177 2737 2464 2801 Bacchus
2480 2787 2500 2820 ,

368 2842 483 2929 qui
523 2841 754 2906 eodem
789 2851 1082 2930 tempo're
1125 2843 1393 2932 Lydiam
1432 2842 1811 2931 reliquerat,
1846 2843 2101 2906 obviam
2151 2842 2225 2905 fit
2254 2845 2494 2924 sorori,

365 2962 435 3009 et
454 2969 686 3036 agmen
711 2970 906 3012 suum
925 2947 1174 3036 jungit,
1201 2949 1268 3012 in
1287 2971 1424 3036 quo
1443 2947 1731 3037 Dryades
1754 2999 1772 3030 ,
1798 2949 2045 3029 Fauni,
2074 2949 2317 3035 Satyri,
2342 2969 2493 3012 cum

365 3053 586 3116 Sileno
603 3103 621 3136 ,
653 3055 870 3118 lusum
888 3103 907 3135 ,
962 3055 1320 3118 tumultum
1343 3105 1360 3129 ‚
1394 3055 1817 3144 petulantiam
1866 3068 2255 3118 exercentes.
2314 3057 2495 3118 Inter

364 3159 504 3223 haec
523 3161 916 3249 Hymenaeus
934 3210 952 3243 ,
972 3161 1088 3248 qui
1115 3180 1152 3223 e
1177 3175 1349 3224 coetu
1361 3161 1633 3224 Veneris
1660 3161 1823 3224 clam
1846 3159 2185 3248 aufugerat
2196 3160 2493 3236 Romam,

363 3265 582 3330 subito
615 3265 814 3349 redit,
843 3289 1065 3330 secum
1110 3266 1372 3330 trahens
1415 3266 1797 3355 Auspicium
1829 3281 1895 3328 et
1921 3264 2169 3330 Aellam
2187 3311 2206 3346 ,
2244 3265 2493 3330 nobiles

352 3371 661 3453 juvenes,
687 3395 853 3460 quos
881 3369 1017 3454 ille,
1041 3367 1237 3436 inscia
1265 3387 1331 3436 et
1357 3369 2015 3452 inconsultaVenere,
2041 3369 2356 3462 conjugali
2387 3369 2497 3434 foe-

362 3475 517 3542 dere
557 3478 1011 3560 conjunxerat,
1045 3479 1194 3545 licet
1227 3478 1350 3566 ipsi
1381 3477 1598 3542 adhuc
1632 3497 1933 3544 amorum
1962 3478 2197 3558 nescii,
2235 3475 2349 3542 sed
2376 3477 2495 3542 bo-

361 3605 598 3648 narum
641 3584 880 3648 artium
919 3597 986 3648 et
1015 3584 1234 3674 glorioe
1267 3583 1537 3648 studiosi
1576 3583 1715 3647 solo
1752 3583 1973 3647 labore
2007 3598 2075 3646 et
2120 3582 2493 3647 assiduitate

360 3705 716 3753 certassent
755 3691 1032 3754 invicem
1057 3739 1075 3770 ,
1103 3710 1391 3754 amorem
1423 3689 1757 3752 connubio
1792 3689 2223 3778 auspicaturi,
2249 3686 2355 3750 cui
2378 3707 2489 3752 eos

359 3811 659 3880 parentes
687 3795 789 3858 sui
823 3819 859 3859 a
894 3793 1118 3884 primis
1146 3791 1555 3859 incunabulis
1584 3793 2078 3859 destinaverant.
2094 3791 2317 3857 Venus
2348 3791 2487 3856 haec

357 3897 631 3965 audiens
666 3899 1040 3990 indignatur
1087 3900 1353 3988 quidem
1374 3949 1394 3983 ,
1441 3898 1621 3989 quod
1648 3901 2047 3990 Hymenaeus
2080 3915 2335 3964 tantum
2366 3922 2487 3963 aur

359 4029 470 4070 sus
503 4023 702 4087 esset,
731 4007 1191 4072 nullaVeneris
1213 4029 1412 4097 opera
1449 4024 1521 4072 et
1548 4007 1925 4072 auctoritate
1950 4005 2241 4087 adjutus,
2264 4021 2485 4070 censet

360 4125 572 4176 tamen
597 4112 1078 4178 instaurandam
1106 4135 1244 4178 esse
1269 4136 1577 4202 pompam
1605 4113 2001 4202 nuptiarum.
2043 4111 2485 4196 Quamobrem
