2975 4684
511 331 645 404 116

1107 333 1507 404 LUCILII
1565 336 2031 406 JUNIORIS

595 455 867 522 Saturni
905 477 1028 522 cur
1069 451 1254 523 stella
1289 469 1527 543 tenax,
1570 482 1692 527 eur
1732 461 1977 528 Martia
2012 483 2320 554 pugnax3
2554 489 2627 528 ιιι»

597 569 755 656 Quo
792 565 1058 660 rapiant
1092 577 1350 652 nautae‚
1387 591 1523 662 quo
1562 568 1779 638 sidere
1820 566 2024 638 lintea
2058 568 2373 655 tendant,

592 680 776 748 Scire
807 676 946 746 vias
983 675 1224 763 maria,
1261 691 1331 746 et
1374 676 1513 747 caeli
1551 678 1907 773 praedicere
1948 704 2216 766 cursus;

596 793 755 881 Quo
787 785 968 856 volet
997 787 1212 857 Orion
1235 841 1254 874 ,
1293 812 1428 882 quo
1462 788 1678 859 Sirius
1715 789 1987 859 incubet
2023 789 2256 874 index3

595 904 682 970 Et
721 920 1156 996 quaecumque
1192 898 1421 991 jacent
1455 912 1651 968 tanto
1684 896 2009 968 miracula
2044 898 2336 984 mundo,

595 1011 752 1081 Non
795 1007 1047 1101 digesta
1090 1007 1268 1101 pati,
1310 1031 1434 1078 nec
1464 1033 1700 1079 acervo
1737 1008 2007 1079 condita
2046 1035 2267 1079 rerum
2288 1063 2308 1095 ‚
2557 1035 2627 1078 ηε

503 1214 557 1265 11
582 1253 598 1279 ,
628 1213 761 1282 237:
789 1236 815 1256 α
837 1207 1114 1262 Parrhasis
1133 1207 1379 1280 obliquos
1413 1207 1520 1262 He-

503 1293 602 1346 lice
622 1309 788 1363 qunm
810 1297 1033 1340 verteret
1055 1304 1175 1340 axes
1195 1313 1238 1340 ιι.

576 1377 696 1432 ²40·
711 1367 888 1422 Codex
900 1366 1133 1419 Florent.
1149 1365 1311 1420 habet
1324 1371 1524 1419 Saeumi

501 1470 614 1520 qua·
645 1453 817 1509 stella,
861 1458 916 1499 et
959 1466 1070 1514 quoe
1103 1449 1323 1506 Μαντίας
1358 1447 1435 1499 sic
1471 1457 1525 1499 et

500 1531 719 1586 Helmst.
735 1533 984 1578 —Tenax
999 1525 1151 1580 stella
1166 1525 1378 1583 Saturni
1395 1525 1525 1579 dici-

500 1623 588 1664 tur
603 1647 621 1675 ,
655 1609 782 1680 quia
809 1620 1052 1672 tenaces,
1075 1624 1314 1658 morosos
1348 1608 1525 1659 facere

501 1690 813 1744 credebatur
833 1725 849 1752 ,
881 1687 980 1740 sub
1005 1705 1071 1739 eo
1095 1698 1392 1740 nasce-tes.
1421 1687 1525 1740 Ea-

499 1769 623 1824 dem
665 1769 799 1823 ratio
839 1765 898 1822 in
933 1768 1126 1818 Martia
1170 1785 1399 1834 pugnax.
1436 1765 1525 1819 Sic

500 1850 737 1921 Propert.
772 1843 875 1911 IV,
921 1866 942 1899 1
969 1883 985 1910 ‚
1029 1847 1098 1900 83
1119 1863 1133 1897 ε
1177 1869 1200 1891 ι
1223 1845 1528 1917 Felicesque

497 1931 646 1984 Iovis
671 1927 868 1995 stellas,
891 1925 1180 1998 Martisque
1201 1925 1403 1997 rapacis
1425 1963 1441 1988 ,
1459 1925 1528 1977 Et

501 2027 660 2081 grave
675 2007 888 2062 Saturni
903 2003 1048 2059 sidus
1065 2004 1120 2058 in
1134 2023 1292 2058 omne
1309 2016 1470 2076 caput
1481 2031 1525 2058 ιι.

499 2088 742 2141 Juvenal.
783 2086 892 2148 VI,
954 2085 1086 2138 568:
1133 2109 1158 2129 -ι
1185 2082 1328 2148 Quid
1381 2081 1525 2138 sidus

505 2168 650 2220 triste
697 2166 927 2219 minetur
965 2161 1210 2228 Saturni,
1256 2181 1366 2234 quo
1411 2163 1527 2216 laeta

504 2246 688 2299 Venus
710 2264 766 2297 se
789 2243 1026 2315 proferat
1051 2253 1192 2293 astro
1213 2267 1255 2292 a.

579 2329 695 2386 241.
717 2327 823 2388 Quo
848 2325 1055 2389 rapfam
1077 2333 1268 2380 nautoe,
1288 2319 1322 2371 i.
1351 2338 1396 2372 e.
1417 2337 1525 2391 quo

505 2402 677 2457 sidere
708 2400 970 2473 deripiant
989 2400 1076 2453 vel
1100 2398 1416 2452 contrahant
1440 2419 1529 2452 ve-

503 2483 557 2536 la
577 2520 592 2545 ,
618 2481 1010 2552 navigationem
1033 2477 1410 2531 intermittant:
1431 2493 1529 2554 pro

507 2564 712 2613 tendant
731 2559 872 2612 Flor.
899 2557 1063 2610 habet
1083 2559 1330 2623 pandant.

578 2641 701 2703 ²43.
735 2643 846 2704 Qua
877 2652 1027 2688 vocet
1056 2639 1208 2687 Orion
1235 2634 1354 2689 cod.
1382 2635 1525 2688 Flor.

505 2739 602 2786 quo
623 2737 774 2770 soevus
792 2719 985 2767 incubet
998 2713 1130 2766 Ven‘.
1152 2725 1204 2767 et
1221 2709 1357 2787 flag.
1378 2735 1529 2766 servus

504 2813 553 2850 ee
587 2801 779 2849 incubet
813 2793 986 2864 Lugd.
1024 2813 1121 2861 quo
1161 2796 1314 2844 secius
1339 2797 1533 2844 incubet

505 2878 724 2931 Helmst.
743 2894 840 2945 quo
856 2877 1008 2925 Sirius
1024 2876 1218 2925 incubet
1235 2871 1350 2924 Ald.
1371 2872 1529 2926 Busil.

507 2957 698 3028 Scalig.
729 2953 864 3007 Pith.
889 2955 1024 3006 Luc.
1048 2952 1282 3022 Scaliger
1302 2956 1358 3007 τὸ
1379 2955 1531 3002 secius

507 3038 731 3108 probare
759 3033 966 3087 videtur
984 3071 1000 3097 ,
1041 3031 1095 3085 id
1123 3045 1200 3085 est
1213 3070 1230 3097 ,
1264 3031 1496 3084 deterius
1511 3067 1528 3095 ,

505 3116 630 3189 quia
655 3113 870 3168 Orionis
901 3125 1022 3166 ortu
1049 3112 1288 3165 maxima&
1328 3123 1531 3182 tempe·

508 3207 669 3248 states
709 3193 834 3246 cieri
871 3191 1091 3245 soleant.
1129 3191 1262 3244 Mihi
1288 3189 1533 3262 probabi-

509 3275 610 3327 lius
635 3284 714 3327 est
733 3309 750 3334 ,
773 3272 968 3326 Sirium
993 3270 1290 3334 nominari,
1317 3269 1412 3340 qui
1429 3269 1534 3323 hoc

511 3353 684 3425 aptius
715 3351 960 3424 jungitur
980 3347 1207 3413 Orioni,
1239 3349 1384 3420 quod
1413 3367 1535 3401 eum

513 3423 726 3506 ὸρίωνος
777 3436 900 3485 κύνα.
940 3441 1096 3481 vocat
1133 3429 1427 3494 Homerus,
1463 3429 1531 3481 Il.

514 3511 696 3575 XXII,
719 3513 988 3578 29.—Quo
1014 3513 1178 3568 volet,
1201 3507 1237 3558 i.
1258 3525 1304 3559 e.
1331 3525 1440 3578 quo
1459 3508 1537 3560 ef-

511 3592 654 3645 fectu
674 3589 756 3642 sui
774 3587 992 3652 sideris3
1019 3597 1072 3638 et
1090 3590 1222 3638 volet
1247 3585 1432 3638 Orioni
1451 3605 1538 3640 ac-

513 3666 936 3734 commodatum,
954 3664 1047 3737 qni
1071 3676 1292 3719 venator
1317 3665 1418 3717 suit
1435 3705 1451 3730 ‚
1481 3677 1537 3720 et

512 3748 672 3802 citato
699 3745 868 3818 gradu
887 3745 940 3798 in
961 3743 1115 3797 astris
1134 3761 1414 3815 properare
1431 3743 1534 3796 fin·

513 3827 673 3899 gitur.
692 3824 850 3878 Unde
877 3823 1124 3877 Manilius
1155 3823 1224 3876 de
1251 3843 1316 3876 eo
1341 3825 1437 3876 lib.
1460 3824 1534 3888 V,

517 3913 581 3960 61
604 3925 621 3959 ε
645 3932 668 3954 α
690 3906 916 3960 Solertes
935 3905 1140 3958 animos
1159 3945 1174 3970 ,
1193 3903 1394 3958 velocia
1425 3923 1540 3957 cor-

513 4005 643 4057 pora
683 3987 844 4057 finget
860 4025 876 4050 ‚
911 3987 1080 4056 Atque
1123 3983 1314 4062 agilem
1355 3981 1539 4036 officio

515 4077 772 4130 mentem,
807 4081 1066 4134 curasque
1105 4080 1198 4134 per
1234 4069 1420 4116 omnes
1451 4061 1539 4114 In'-

1607 1209 1865 1265 delassata
1902 1210 2237 1284 properantia
2277 1209 2438 1264 corda
2489 1212 2631 1284 vigo-

1608 1308 1667 1344 re
1689 1295 1911 1356 ».—Quo
1930 1293 2082 1342 Sirius
2110 1293 2305 1342 incubet
2336 1291 2631 1365 intelligen-

1608 1366 1740 1421 dum
1781 1366 1849 1421 de
1885 1369 2039 1440 gravi
2080 1381 2207 1424 aestu
2246 1381 2298 1422 et
2336 1369 2633 1426 fervoribus

1609 1444 2049 1519 flagrantissimis,
2068 1449 2263 1520 quibus
2280 1468 2515 1520 premere
2532 1465 2633 1506 ter-

1610 1545 1695 1579 ras
1729 1525 1786 1580 id
1815 1525 1961 1580 sidus
1991 1528 2185 1600 passim
2209 1527 2407 1585 dicitur
2425 1569 2440 1596 ,
2480 1541 2535 1582 et
2564 1531 2635 1584 de

1609 1605 1805 1678 quibus
1827 1605 2076 1660 Manilius
2091 1646 2106 1673 ‚
2125 1608 2200 1670 V,
2224 1626 2320 1677 ²09
2350 1628 2461 1680 seq.
2483 1609 2633 1663 Idem

1612 1686 1833 1739 verbum
1866 1684 1935 1738 de
1962 1686 2083 1740 Sirii
2112 1687 2435 1740 vehementia
2480 1709 2633 1742 usur-

1611 1775 1705 1837 pat
1722 1764 1900 1818 Valet.
1927 1766 2102 1820 Flacc.
2128 1767 2223 1818 lib.
2247 1769 2274 1819 1
2292 1805 2308 1833 ,
2338 1769 2442 1821 683
2464 1788 2479 1822 :
2514 1794 2535 1814 ι
2556 1769 2635 1822 sic

1611 1862 1779 1917 quum
1813 1846 2032 1898 stabulis
2068 1859 2119 1900 et
2154 1849 2411 1902 messibus
2450 1849 2635 1920 iugens

1614 1925 1700 1976 Ira
1720 1925 1889 1978 Deum
1902 1964 1917 1991 ,
1940 1939 1993 1979 et
2018 1927 2231 1980 Calabri
2254 1928 2536 2001 populator
2552 1931 2634 1984 Si-

1613 2003 1724 2055 rius
1759 2004 1871 2056 arvi
1894 2006 2140 2059 Incubuit
2160 2033 2203 2059 »-
2236 2007 2367 2060 cod.
2390 2008 2528 2059 Flor.
2548 2008 2638 2060 hic

1614 2080 1775 2137 hahet
1800 2087 2030 2146 excubet,
2055 2087 2199 2158 quod
2219 2099 2453 2160 aptatum
2474 2087 2638 2140 credo

1614 2162 1761 2216 canis
1792 2175 2023 2231 natus-te,
2040 2169 2190 2238 cujus
2218 2167 2371 2238 signo
2396 2167 2531 2220 inest
2550 2167 2635 2220 Si-

1614 2241 1739 2294 rius.
1758 2243 2071 2314 Appositum
2094 2249 2273 2307 index,
2294 2245 2395 2296 nisi
2414 2245 2483 2298 ad
2495 2265 2640 2298 eam-

1615 2317 1735 2372 ‹lem
1764 2323 2009 2394 respiciat
2032 2361 2048 2386 ,
2089 2342 2199 2395 quo
2234 2323 2456 2377 referam
2478 2365 2494 2389 ‚
2528 2344 2636 2378 non

1613 2399 1789 2454 habeo
1810 2419 1824 2452 :
1848 2421 1973 2455 nam
1994 2401 2065 2455 ad
2092 2403 2349 2476 reliquam
2374 2405 2501 2456 Sirii
2526 2405 2638 2458 vim

1616 2479 1775 2532 nimia
1807 2481 2117 2552 languidum
2145 2495 2245 2536 est.
2284 2484 2521 2536 Fortasse
2558 2483 2639 2536 le-

1618 2557 1849 2629 gendum
1870 2564 2047 2611 ardens
2066 2561 2153 2614 vel
2175 2565 2340 2622 Indis,
2370 2561 2437 2614 ad
2464 2581 2640 2616 exem·

1618 2638 1768 2709 plum
1811 2634 2017 2710 Virgilii
2040 2677 2057 2701 ,
2108 2639 2304 2711 Geor-g.
2349 2641 2449 2704 IV,
2490 2643 2593 2704 425
2620 2663 2635 2696 ε

1622 2717 1779 2768 «Jam
1810 2717 2024 2788 rapidus
2061 2730 2270 2772 torrens
2304 2719 2536 2773 sitientes
2560 2722 2640 2776 Si-

1616 2793 1725 2848 rius
1744 2795 1905 2862 Indos
1925 2795 2158 2851 Ardebat
2180 2823 2223 2850 ι’.

1691 2883 1807 2940 ²44.
1841 2881 1997 2927 Tanto
2038 2881 2277 2929 mit-acula
2314 2882 2513 2932 mundo.
2554 2881 2640 2934 Sic

1616 2973 1801 3008 omnes
1836 2956 2033 3026 legunt.
2072 2957 2249 3010 Dousa
2290 2958 2431 3011 filius
2478 2959 2645 3012 voluit

1619 3049 1745 3095 toto,
1788 3033 1949 3107 idque
1988 3039 2187 3108 recepit
2229 3037 2489 3092 Gorallus.
2530 3041 2643 3112 Ego

1618 3113 1820 3166 retineo
1862 3129 2021 3166 tamo.
2062 3112 2201 3167 Nam
2236 3135 2301 3169 eo
2342 3117 2643 3188 significare

1619 3204 1807 3245 auctor
1848 3193 1963 3244 vult
2014 3194 2405 3249 multitudinem
2460 3216 2641 3252 rerum

1622 3271 1939 3324 mirabilium
1959 3313 1975 3338 ,
1996 3292 2113 3345 quae
2132 3287 2313 3328 notare
2330 3287 2383 3328 et
2406 3275 2644 3348 digerere

1622 3349 1788 3402 divini
1808 3349 1972 3403 animi
1999 3353 2241 3424 voluptas
2276 3356 2362 3408 sit.
2378 3387 2449 3395 —
2468 3363 2647 3408 Iacent

1624 3429 1936 3501 interpretor
1960 3434 2262 3504 praejacent,
2294 3447 2451 3506 atque
2478 3437 2645 3490 oculis

1624 3509 1919 3580 animisque
1946 3522 2067 3562 sunt
2084 3513 2372 3582 proposita.

1697 3590 1818 3653 245.
1845 3595 1958 3641 Non
1985 3593 2177 3659 digesta
2202 3597 2331 3661 pati.
2352 3594 2439 3649 Sic
2462 3612 2645 3648 omnes

1624 3666 1743 3720 libri
1769 3680 1978 3732 tenent,
2006 3681 2059 3722 et
2082 3682 2257 3744 tamen
2285 3671 2344 3724 id
2365 3672 2645 3726 adversum

1623 3748 1891 3800 sententia
1918 3750 2150 3802 auctoris
2177 3750 2383 3805 videtur
2403 3793 2419 3818 ‚
2440 3753 2533 3824 qui
2553 3771 2645 3824 po-

1623 3827 1726 3878 tius
1756 3827 1898 3893 vult,
1920 3847 2027 3880 non
2050 3829 2302 3902 indigesta
2343 3844 2395 3884 et
2423 3833 2647 3885 confusa

1626 3906 1759 3979 pati.
1787 3905 2019 3979 Scaliger
2038 3908 2152 3962 vult
2182 3912 2517 3982 negationem
2547 3931 2645 3963 non

1626 3985 1712 4037 hic
1732 4003 1845 4038 esse
1866 3987 2201 4058 repetendam
2220 4029 2235 4056 ‚
2266 3989 2413 4061 quod
2438 4003 2489 4042 et
2520 3991 2645 4044 alins

1628 4065 1717 4116 fiat
1744 4066 1801 4118 in
1822 4086 1919 4118 non
1943 4061 2115 4120 solani.
2134 4069 2236 4122 Sed
2262 4068 2372 4123 haec
2396 4072 2531 4124 ratio
2554 4073 2645 4124 vix
