2975 4684
699 408 1160 478 EPITOME
1222 406 1651 476 ILIADOS
1716 409 2151 477 HOMERI.

2351 408 2491 505 607

445 530 730 601 Adlevat
771 555 810 598 a
847 544 1062 611 terra,
1087 552 1468 623 corpusque
1504 553 1835 623 exsangue
1874 532 2133 625 parenti

445 640 763 711 Reddidit
795 642 1242 708 Hectoreum:
1281 653 1432 732 post.
1465 638 1607 709 haec
1648 664 1767 707 sua
1810 640 1987 709 dona
2030 655 2327 735 reportat
2400 652 2501 709 ‚⁹0⁵0

445 756 526 823 In
569 752 854 846 patriam
900 750 1242 833 Priamus,
1280 751 1637 843 tristesque
1671 774 1753 819 ex
1788 776 1977 819 more
2008 776 2285 821 suorum

447 865 814 957 Comparat
843 861 1226 954 exsequiaS‚
1269 884 1718 955 supremaque
1758 858 1991 929 funera
2028 862 2238 931 ducit.

541 976 736 1043 Tunc
770 996 930 1067 pyra
967 972 1410 1057 construitur,
1436 996 1575 1065 quo
1608 972 1711 1039 bis
1746 996 1861 1041 sex
1897 997 2180 1067 corpora
2212 974 2499 1043 Graium

441 1084 1064 1177 Quadrupedesque
1101 1082 1442 1151 adduntur
1477 1083 1665 1177 equi,
1708 1106 2117 1176 currusque,
2156 1082 2503 1177 tubaeque,

351 1300 516 1373 pressi
547 1298 636 1351 hic
668 1299 768 1369 leg.
785 1300 1012 1367 precibus
1041 1313 1198 1349 mecm
1216 1316 1376 1367 gran-

351 1385 515 1433 daevns
537 1382 756 1431 Achilles
773 1400 795 1439 ;
823 1375 917 1430 sed
941 1378 1042 1429 viri
1068 1376 1212 1430 docti
1234 1415 1250 1441 ,
1288 1376 1378 1449 qui

351 1458 706 1512 Homeristam
735 1468 978 1509 nostrum
1006 1467 1346 1508 excusserunt
1363 1496 1379 1522 ,

349 1537 600 1591 Bar-thius
617 1574 634 1599 ‚
655 1536 794 1589 Adv.
817 1556 875 1609 p.
897 1538 1034 1591 2810
1053 1574 1068 1599 ‚
1097 1547 1150 1588 et
1165 1534 1236 1587 acl
1251 1536 1380 1589 Stat.

353 1631 390 1670 t.
419 1618 504 1669 111
523 1655 538 1680 ‚
561 1636 616 1689 p.
655 1616 761 1685 394
776 1656 792 1682 ,
814 1616 1046 1687 Dorpiue
1071 1615 1126 1666 in
1155 1616 1378 1669 Observ.

351 1716 408 1768 p.
439 1698 542 1759 134
556 1733 571 1759 ,
592 1695 882 1750 Dussenius
902 1696 960 1747 in
981 1692 1171 1747 Prodr.
1198 1713 1249 1765 p.
1276 1694 1340 1758 45
1363 1734 1378 1759 ,

354 1773 605 1828 viderunt
633 1786 1064 1845 monueruntque
1097 1773 1380 1844 legendum

355 1872 467 1907 esse
485 1856 710 1921 precibus
730 1857 997 1922 grandoevi
1021 1854 1129 1919 (sc.
1156 1853 1382 1923 Priami)

352 1948 508 1985 motus
521 1936 761 1985 Achilles.
778 1932 844 1985 Et
859 1933 961 1986 hoc
978 1931 1090 2003 ipsa
1110 1951 1194 1983 res
1209 1930 1380 1985 docet.

351 2012 498 2067 Malo
520 2024 698 2068 tamen
712 2016 1038 2081 grandaevum
1068 2012 1306 2065 scribere
1332 2023 1384 2063 et

355 2091 424 2146 ad
443 2110 668 2164 sequens
691 2096 892 2143 adlevat
912 2092 1130 2144 referre.

429 2172 581 2226 1050.
607 2178 730 2223 Post
743 2174 850 2223 Ita-c
871 2191 966 2222 sua
989 2175 1126 2223 dona
1152 2185 1380 2239 reportat.

354 2252 602 2306 Barthiua
641 2249 710 2304 ad
745 2251 876 2303 Stat.
903 2250 939 2303 1.
969 2268 1016 2305 c.
1043 2248 1288 2313 dubitat,
1313 2268 1381 2303 an

355 2331 470 2385 hcc
495 2350 626 2387 sana
653 2330 775 2384 sint.
803 2330 1026 2383 Minime
1045 2331 1188 2383 enim
1211 2329 1383 2382 Achil-

355 2412 460 2463 lem
490 2410 635 2484 apud
667 2416 956 2463 Homerum
989 2408 1132 2463 dona
1163 2408 1382 2463 advecta

357 2490 650 2545 reddidisse
684 2490 896 2543 Priamo
911 2530 928 2555 ‚
957 2488 1050 2542 aed
1087 2501 1268 2562 aperte
1307 2501 1382 2541 te-

356 2572 485 2623 stari
511 2588 798 2623 munerum
824 2588 952 2641 ergo
979 2570 1028 2622 ei
1051 2567 1276 2623 reddere
1302 2588 1388 2621 ca-

355 2649 526 2704 daver
538 2648 808 2712 Hector-iaz
831 2662 990 2721 atque
1009 2648 1136 2704 hinc
1155 2649 1385 2701 scribere

357 2730 474 2783 vult
495 2748 510 2783 ε
537 2749 632 2781 sua
659 2732 797 2781 dona
823 2744 1040 2796 reponat
1057 2732 1276 2781 Achilles
1293 2766 1309 2788 ,
1337 2733 1388 2779 lc

347 2812 568 2877 parv-iam
593 2812 840 2861 Priamus.
867 2808 980 2879 Ego
1000 2826 1128 2861 vero
1154 2808 1208 2859 in
1235 2826 1298 2861 ea
1325 2824 1386 2859 re

356 2907 469 2941 non
487 2887 802 2941 horendum
823 2906 1042 2953 censen,
1063 2900 1116 2939 et
1133 2906 1230 2958 per
1249 2892 1386 2938 dona

356 2968 530 3039 ipsum
573 2986 765 3039 corpus
810 2967 1056 3021 Hectoris
1071 3004 1089 3029 ‚
1129 2966 1384 3021 donatum

360 3046 572 3101 Priamo
590 3085 608 3111 ‚
631 3059 765 3119 puto
793 3046 1030 3118 intelligi.

439 3129 592 3181 1053.
631 3118 738 3180 Pro
767 3133 905 3179 Tune
931 3146 1063 3196 arra
1095 3128 1392 3177 conset-uiuet·

357 3208 422 3261 G.
449 3226 476 3261 a
497 3208 650 3280 quasi
667 3226 768 3280 pro
785 3206 1216 3279 interpretatione
1235 3207 1390 3277 ponit

367 3292 502 3341 Tunc
529 3291 662 3357 ignis
695 3300 750 3340 et
781 3307 930 3357 rogus
961 3290 1174 3337 struitur.
1187 3316 1258 3324 —
1276 3292 1388 3353 Qua

359 3370 430 3420 bis
451 3388 544 3421 sea·
569 3368 752 3439 legunt
773 3367 997 3438 vulgate
1011 3362 1136 3430 ,sed
1162 3384 1259 3432 quo
1281 3365 1390 3417 Lu·

359 3447 520 3501 tatius
555 3448 612 3499 in
651 3445 798 3499 Statii
843 3443 964 3497 edd.
1003 3441 1154 3516 quod
1191 3443 1389 3496 rectius

359 3526 872 3594 videtum—Corpora
889 3530 1064 3575 Troum
1078 3524 1260 3595 legunt
1279 3542 1392 3575 om-

347 3602 454 3661 'nes
479 3606 632 3672 editi,
649 3618 702 3659 et
723 3644 738 3668 ,
759 3605 850 3676 qui
878 3622 1000 3657 cum
1029 3606 1096 3657 iis
1124 3606 1235 3657 sere
1255 3622 1392 3655 seru·

359 3706 458 3760 per
489 3687 782 3757 conspirat,
810 3684 928 3737 cod.
956 3685 1021 3737 A.
1055 3684 1148 3739 sed
1163 3697 1390 3752 'corpora

361 3770 566 3819 Graium
587 3766 682 3817 MS
703 3764 924 3835 reliqui,
949 3782 1087 3835 quos
1111 3765 1286 3817 habeo
1305 3804 1320 3829 ‚
1343 3775 1394 3816 et

361 3847 437 3899 sic
471 3844 650 3899 citavit
684 3844 954 3908 Lutatius,
989 3844 1050 3897 in
1075 3843 1244 3898 schol.
1265 3844 1392 3897 Stat.

359 3926 608 3979 Barthius
635 3938 810 3978 tamen
841 3922 910 3976 ad
931 3923 1160 3978 Statium
1179 3964 1195 3989 ,
1223 3936 1258 3977 t.
1286 3924 1392 3987 111,

361 4026 417 4079 p.
439 4007 566 4072 395,
587 4005 783 4057 Lutatii
811 4004 1094 4058 lectionem
1123 4004 1393 4071 sollicitat,

363 4099 414 4139 et
448 4087 650 4138 Troum
708 4086 927 4138 omnino
983 4104 1203 4158 corpora
1229 4124 1244 4149 ,
1285 4104 1394 4138 non

363 4168 674 4222 Graecorum
696 4203 710 4229 ,
735 4184 858 4219 cum
895 4166 1128 4221 Hectore
1161 4178 1394 4220 cremata

1469 1314 1582 1351 esse
1605 1294 1896 1349 contendit.
1920 1296 2115 1367 Magna
2140 1244 2395 1367 relizione
2412 1314 2506 1367 pu-

1467 1387 1543 1427 tat
1570 1388 1785 1428 cautum
1816 1375 1977 1428 fuisse
2004 1374 2237 1446 antiquis
2256 1415 2273 1439 ,
2303 1394 2370 1427 ne
2402 1375 2505 1427 ho·

1467 1468 1571 1508 stes
1593 1455 1685 1507 uni
1700 1455 1855 1507 busto
1874 1454 2197 1507 inferrentur
2216 1470 2231 1504 ε
2250 1452 2503 1508 cadavera

1469 1535 1783 1588 Groecomm
1824 1552 1937 1589 non
1978 1530 2215 1587 adfuisse
2254 1534 2467 1587 Priamo
2486 1573 2500 1598 ,
2604 1572 2627 1596 .

1468 1631 1637 1685 quum
1656 1624 1861 1667 constet
1886 1612 2101 1666 Graecos
2129 1631 2219 1665 sua
2237 1612 2509 1666 studiosis-

1470 1692 1603 1745 sime
1620 1690 1689 1745 ad
1704 1692 2029 1765 sepulturam
2049 1711 2413 1763 recuperasse3
2434 1692 2507 1745 vi-

1470 1792 1537 1827 va
1560 1784 1737 1826 autem
1760 1790 1987 1844 corpora
2008 1772 2253 1824 adhiberi
2273 1790 2381 1823 non
2404 1790 2505 1842 po-

1471 1852 1635 1907 tuisse
1658 1852 1771 1907 sine
1792 1871 1991 1922 magno
2016 1851 2307 1905 iracundia
2332 1850 2509 1904 Achil-

1472 1932 1537 1985 lis
1568 1932 1627 1985 in
1653 1932 1921 1985 Priamum
1948 1932 2217 2003 ingratum
2248 1931 2503 2003 periculo.

1470 2012 1539 2064 Et
1568 2030 1695 2065 sane
1722 2024 1909 2065 auctor
1940 2028 2002 2063 ea
2030 2010 2083 2062 i‘n
2112 2030 2170 2063 re
2196 2010 2505 2063 relationem

1473 2091 1695 2145 Homeri
1748 2091 1819 2144 de
1872 2090 2210 2143 funeratione
2267 2090 2509 2145 Hectoris

1471 2189 1715 2242 egressus
1745 2184 1853 2236 est,
1880 2182 1931 2222 et
1962 2170 2320 2223 narrationem
2356 2189 2507 2225 suam

1471 2251 1540 2305 ad
1572 2252 1731 2303 aliam
1760 2250 1981 2303 Homeri
2013 2249 2080 2301 de
2110 2249 2345 2303 Patrocli
2374 2270 2506 2322 rogo

1472 2331 1540 2384 Il.
1568 2330 1792 2396 xxm,
1818 2348 1913 2399 171
1938 2368 1954 2392 ‚
1988 2340 2081 2383 aut
2114 2328 2183 2381 ad
2222 2329 2366 2383 illam
2392 2330 2510 2383 Ma-

1472 2410 1621 2463 ronia
1646 2408 1717 2463 de
1744 2409 1947 2463 inferiis
1972 2408 2203 2461 Pallanti
2226 2407 2365 2463 datis
2383 2411 2504 2461 AEn.

1475 2491 1554 2543 xl
1572 2529 1589 2553 ‚
1618 2491 1687 2543 80
1727 2508 1839 2562 seq.
1888 2490 2248 2561 composuisse
2276 2488 2507 2543 videtur.

1473 2571 1693 2625 Interim
1731 2570 1891 2623 lectio
1925 2588 1985 2623 ea
2026 2590 2237 2637 cot-pom
2274 2573 2475 2621 Graium
2490 2600 2531 2629 ,-

1473 2667 1593 2721 qun
1612 2649 1830 2723 optimis
1852 2647 2124 2704 codicibus
2143 2649 2511 2715 confirmatur,

1474 2730 1697 2782 minime
1718 2726 2049 2801 repudianda
2072 2747 2103 2781 a
2124 2728 2341 2781 Barthio
2360 2741 2472 2781 erat
2488 2768 2506 2794 ,

1475 2822 1527 2863 et
1554 2808 1599 2862 si
1618 2808 1751 2881 quid
1776 2809 1841 2861 in‘
1858 2826 1919 2861 ea
1946 2807 2067 2861 falsi
2097 2820 2173 2859 est
2190 2848 2205 2873 ,
2226 2808 2393 2879 ipsius
2414 2826 2507 2859 au-

1475 2887 1635 2943 ctoris
1669 2906 1841 2950 error,
1878 2906 1988 2940 non
2022 2886 2364 2939 librariorum
2400 2898 2505 2939 est:

1474 2987 1650 3041 neque
1702 2966 1905 3020 Barthii
1952 2968 2185 3021 rationes
2204 3006 2219 3031 ‚
2258 2967 2329 3019 ob
2374 2986 2508 3039 quau

1481 3055 1657 3101 Troum
1704 3044 1993 3118 legendum
2040 3058 2219 3099 censet
2242 3084 2259 3109 ,
2314 3065 2503 3099 omnes

1476 3130 1707 3201 probare
1742 3144 1976 3198 possum.
1995 3156 2066 3167 —-
2083 3126 2267 3179 Lectio
2292 3146 2501 3195 corpora

1479 3211 1683 3259 Graium
1716 3207 1876 3259 etiam
1920 3224 1951 3258 a
1986 3204 2287 3259 Scin-adero
2318 3204 2505 3258 defeu-

1477 3287 1639 3355 ditur,
1664 3286 2111 3341 Observationum
2143 3286 2237 3338 lib.
2264 3287 2294 3339 1
2312 3327 2327 3352 ,
2368 3306 2415 3339 c.
2446 3287 2475 3339 5
2493 3327 2509 3351 ,

1475 3387 1597 3439 pag.
1624 3371 1711 3421 61.
1748 3366 1857 3419 En.
2312 3416 2320 3423 .

1555 3448 1649 3499 105
1658 3454 1703 3511 4.
1722 3448 2074 3513 Quadrupedes
2096 3444 2296 3515 vulgati
2316 3456 2367 3496 et
2378 3445 2509 3497 scri..

1475 3528 1577 3599 pti,
1596 3524 1689 3580 sed
1710 3526 1959 3585 Lutatius
1980 3526 2035 3579 in
2060 3526 2209 3580 Statii
2235 3521 2361 3576 edd.
2386 3544 2511 3593 qua-

1478 3610 1831 3675 dmpedesque,
1846 3604 1997 3676 quod
2010 3603 2297 3657 tenendum
2311 3603 2509 3675 putavi.

1481 3690 1835 3738 -Adduntur
1872 3688 1941 3735 eis
1978 3684 2229 3755 vulgate,
2259 3687 2514 3735 adduntur

1484 3770 1598 3834 equi
1630 3766 1703 3819 H.
1736 3778 1787 3819 et
1814 3764 1885 3816 G.
1922 3782 1943 3815 1
1967 3782 1980 3815 :
2008 3776 2061 3815 et
2090 3764 2165 3815 sic
2193 3763 2321 3817 citat
2349 3764 2512 3818 Luta-

1485 3848 1606 3899 tius.
1640 3848 1991 3915 Quadrupedes
2016 3848 2334 3905 adducuntur
2356 3844 2429 3897 G.
2460 3863 2509 3897 2.

1484 3958 1553 3967 —
1580 3924 1742 3991 Quod
1782 3922 1931 3977 addit
1967 3942 2233 3991 carnesque
2274 3925 2514 3991 crebasque

1484 4025 1597 4059 ease
1646 4004 1825 4059 addita
1875 4005 1929 4055 in
1976 4022 2165 4075 pyram
2190 4044 2207 4067 ,
2248 4002 2305 4057 id
2351 4003 2510 4074 plane

1484 4087 1715 4139 alienum
1738 4086 1809 4137 ab
1830 4084 2067 4137 Homero
2086 4082 2317 4145 videtur,
2335 4096 2388 4136 et
2410 4083 2515 4137 for·

1483 4178 1621 4219 tasse
1664 4184 1693 4217 e
1720 4164 1951 4235 Virgilio
1997 4163 2363 4235 intempestive
2408 4176 2514 4269 tra·
