2975 4684
583 419 642 437 ὃ,
646 419 2012 444 nssmmmmmmmmmmmmssfflssm
2016 426 2349 448 mmm
2354 430 2711 451 msnmm

1547 727 1739 832 XI.

1225 1032 2064 1161 PATRICII‘

685 1333 1473 1403 EPITHALAMIUM
1532 1335 1975 1402 AUSPICII
2032 1336 2157 1402 ET
2220 1338 2598 1410 AELLAE.

670 1837 942 1952 Vane
986 1904 1160 1948 novo
1197 1878 1474 1947 florebat
1505 1878 1783 1962 humuS‚
1820 1892 2000 1947 satus
2038 1879 2278 1948 aethere
2324 1881 2523 1967 sudo,

661 1989 887 2058 Imbre
927 1991 1311 2060 maritatam
1347 1988 1694 2084 vegetabat
1729 1990 2000 2083 spiritus
2030 1989 2303 2075 orbem3

661 2105 812 2192 lpsa
846 2124 1144 2194 quoque,
1181 2100 1451 2168 aetheria
1483 2098 1773 2168 deducta
1808 2101 2211 2194 propagine,
2242 2101 2509 2170 flamma

659 2210 1043 2279 Visceribus
1077 2209 1326 2279 suffusa
1363 2211 1540 2279 cavis
1562 2263 1580 2296 ,
1611 2233 1787 2277 nova
1823 2210 2123 2304 germina
2166 2207 2352 2304 largo

660 2320 958 2415 Urgebat
999 2320 1280 2415 gremi0‚
1312 2344 1625 2414 reparans
1657 2318 1977 2388 elementa
2010 2318 2270 2389 calore:
2668 2349 2689 2384 ε

635 2562 658 2595 1
670 2581 681 2595 .
707 2551 830 2595 Vere
849 2563 986 2598 novo.
1009 2547 1054 2596 A
1073 2545 1210 2599 veris
1229 2543 1579 2616 descriptione

557 2623 777 2694 incipit,
811 2623 933 2695 quia
961 2622 1184 2678 Veneris
1206 2662 1223 2686 ‚
1269 2643 1388 2696 quo
1415 2643 1580 2678 verno

555 2715 794 2774 tempore
813 2703 1040 2756 maxime
1055 2716 1138 2756 est
1165 2703 1380 2769 efficax,
1406 2702 1581 2775 singu·

555 2781 668 2836 lare
689 2780 906 2853 aliquod
929 2782 1127 2836 factum
1147 2801 1361 2836 narrare
1379 2783 1509 2850 vult,
1526 2797 1582 2836 et

553 2862 748 2933 nuptioe
772 2859 1005 2933 Auspicii
1033 2881 1158 2916 vere
1181 2881 1324 2914 novo
1347 2861 1577 2915 celebra·

553 2951 616 2992 ιω
637 2939 904 2994 videntur.
1381 2939 1386 2951 '

627 3042 672 3073 2.
701 3025 858 3072 Imbro
875 3025 1167 3072 maritatam.
1185 3021 1383 3073 Auctor
1399 3019 1576 3073 Pervi-

551 3099 646 3170 gili
681 3099 819 3152 Ven.
859 3100 932 3163 4:
988 3125 1014 3146 α
1037 3099 1104 3150 Et
1141 3117 1326 3152 nemus
1363 3117 1573 3152 comam

551 3177 764 3231 resolvit
790 3179 858 3230 de
883 3179 1086 3232 maritis
1111 3179 1368 3231 imbribus
1397 3197 1453 3242 ις
1479 3179 1574 3231 ubi

551 3258 774 3308 VVeitzii
799 3269 851 3308 et
885 3258 1105 3310 aliorum
1133 3268 1285 3312 notas
1314 3257 1449 3310 vide.
1485 3259 1569 3311 sic

551 3340 753 3386 mar-itus
764 3340 971 3405 fluctus,
1001 3355 1102 3408 pro
1126 3336 1382 3403 fecunde,
1423 3335 1569 3409 apud

552 3414 734 3467 Avien.
753 3413 957 3486 Perieg.
983 3413 1106 3480 345,
1145 3415 1211 3468 de
1237 3416 1359 3468 Nilo
1387 3434 1401 3468 ε
1440 3443 1465 3462 α
1483 3417 1567 3467 in-

551 3513 655 3566 que
664 3495 926 3566 jaceutem
939 3495 1227 3566 AEgyptum
1246 3495 1392 3547 fusus
1409 3493 1574 3547 fluctu

549 3573 744 3645 premit
777 3591 902 3624 arva
939 3573 1162 3636 marim,
1199 3571 1575 3645 Fecundatque

551 3651 722 3706 solum
750 3678 771 3700 ι
796 3670 810 3703 :
838 3651 998 3708 aetlier
1034 3651 1172 3704 enim
1215 3650 1359 3723 apud
1393 3664 1571 3723 poetas

548 3734 748 3801 imbre,
787 3743 1056 3803 tamquam
1091 3731 1302 3802 genitali
1337 3733 1567 3794 semine,

546 3825 737 3865 terram
775 3810 1062 3864 fecundare
1089 3811 1326 3881 fingitur.
1371 3811 1565 3864 Notum

545 3891 680 3944 illud
691 3891 915 3961 Virgilii,
932 3891 1126 3962 Georg.
1145 3891 1198 3942 11
1211 3930 1225 3955 ,
1247 3890 1346 3943 325
1367 3909 1381 3943 :
1401 3892 1565 3944 «Tum

455 3987 462 3994 ·
543 3982 692 4040 pater
703 3971 1034 4041 omnipotens
1048 3969 1287 4024 fecundis
1306 3969 1565 4025 imbribus

547 4047 748 4111 Emer,
775 4061 874 4102 etc.
898 4075 920 4094 ι
967 4049 1148 4102 Eunu.
1177 4047 1355 4100 Plures
1380 4063 1560 4119 poeta-

1668 2545 1940 2616 Epimetro
1978 2543 2047 2597 ad
2086 2543 2331 2618 Pervigil.
2364 2545 2485 2618 huj.
2517 2549 2687 2619 operis

1668 2635 1705 2675 t.
1735 2623 1791 2674 11
1810 2660 1827 2687 ,
1866 2642 1920 2694 p.
1950 2622 2048 2676 532
2070 2641 2216 2695 seqq.
2238 2623 2341 2676 En.
2372 2626 2687 2680 —Verbum

1668 2703 1867 2754 mar-itae
1888 2700 2074 2755 eodem
2100 2701 2262 2755 modo
2290 2715 2343 2757 et
2361 2702 2431 2758 de
2445 2705 2689 2779 Zephyro

1670 2793 1889 2853 usurpat
1914 2781 2105 2835 Claud.
2123 2783 2279 2854 Rapt.
2300 2783 2446 2836 Pros.
2466 2785 2521 2837 11
2538 2824 2555 2850 ‚
2584 2787 2683 2840 88:

1670 2886 1695 2906 «
1714 2861 1811 2913 Ille
1824 2879 1965 2914 novo
1983 2859 2313 2914 ma‘didantes
2332 2873 2546 2915 nectare
2562 2883 2688 2936 pen-

1662 2957 1757 2992 nas
1774 2940 2039 3006 Concutit,
2052 2951 2103 2992 et
2120 2939 2299 3012 glebas
2314 2941 2550 2997 fecundo
2568 2964 2685 2998 rore

1661 3019 1874 3072 maritat
1902 3043 1944 3070 ιο.
1982 3049 2051 3059 --
2096 3024 2369 3089 Vegecabat
2386 3025 2585 3088 ,πρίν-ἕως
2610 3045 2683 3076 ον·-

1660 3101 1798 3166 bem,
1848 3099 1885 3150 i.
1914 3119 1963 3150 e.
1985 3098 2284 3172 Zephyrus,
2312 3098 2420 3152 dux
2446 3102 2603 3155 veris.
2622 3104 2683 3154 Et

1660 3177 1894 3231 similiter
1922 3177 2239 3246 Pentadius,
2276 3179 2424 3249 Eleg.
2454 3179 2525 3233 de
2560 3180 2680 3235 adv.

1656 3257 1826 3323 veris,
1854 3277 1907 3311 v.
1934 3275 1955 3308 ι
1981 3274 1994 3308 :
2026 3283 2047 3303 ι
2064 3258 2423 3330 zephyrisque
2444 3259 2683 3314 uniman-

1654 3337 1795 3390 tibus
1819 3337 2004 3388 orbem
2028 3340 2137 3406 (vel
2159 3337 2517 3406 moventibus)
2542 3365 2591 3393 ι.

1731 3417 1777 3469 3.
1802 3417 2021 3466 AEchen‘a
2047 3415 2231 3486 scripsi
2260 3432 2381 3467 cum
2420 3415 2680 3470 Burman·

1660 3515 1730 3547 no
1753 3536 1770 3563 ‚
1810 3513 1908 3565 pro
1950 3494 2139 3546 vitioso
2175 3497 2379 3546 ‹ether-iis
2396 3533 2412 3555 ,
2442 3495 2593 3567 quod
2628 3497 2679 3548 in

1660 3574 1823 3626 veteri
1847 3573 2039 3645 scripto
2066 3583 2197 3625 erat.
2225 3604 2297 3612 —
2329 3577 2555 3626 Flamma
2590 3579 2681 3628 de-

1660 3657 1807 3704 ducta
1825 3655 2103 3724 propagine
2126 3655 2325 3704 oetlnen‘a
2336 3691 2352 3714 ‚
2396 3653 2563 3720 calor,
2586 3656 2681 3726 qui

1658 3733 1727 3785 ab
1783 3731 1975 3785 aethere
2018 3735 2128 3805 jam
2174 3731 2430 3802 tepidiore
2484 3751 2679 3806 propn-

1656 3813 1899 3882 gabntur.

1726 3899 1779 3954 4,
1814 3893 2082 3943 Visceribus
2109 3892 2304 3960 suffusa
2332 3893 2489 3952 cavis,
2510 3909 2676 3963 quum

1653 3982 1802 4024 πει-τε
1824 3971 2110 4024 visceribus
2128 3970 2443 4022 insinuatur.

1722 4049 1771 4102 5.
1818 4052 2031 4117 Urge-bat
2072 4053 2263 4116 gremio
2278 4087 2293 4108 ,
2330 4047 2675 4120 protrudebat

545 4141 662 4177 rum
689 4143 749 4178 ea
775 4125 842 4180 de
875 4147 934 4180 re
967 4129 1113 4182 locos
1146 4127 1459 4182 adduximus
1502 4128 1557 4180 in
1645 4128 1766 4180 sinu
1786 4147 1882 4180 suo
1902 4127 2159 4198 germina,
2173 4129 2325 4199 quasi
2349 4129 2672 4199 parturiente
