2975 4684
465 355 603 440 432

1303 360 1769 428 LICENTII

559 483 1006 574 Erramusque
1039 480 1274 574 procul
1311 483 1579 551 turbata
1616 506 1736 576 per
1770 507 2037 576 aequora
2073 487 2245 552 vitae.

559 589 938 684 Praecipites
981 589 1186 660 densa
1221 589 1428 660 veluti
1469 590 1755 686 caligine
1788 606 2041 679 nautoe,

559 700 748 787 Quos
787 699 978 769 furor
1006 701 1364 786 Australis,
1401 701 1687 771 stridens
1722 717 1791 772 et
1824 701 2023 772 flatus
2054 703 2141 772 ab
2180 706 2367 774 Euro

557 809 889 895 Perculit,
925 826 995 886 et
1028 814 1235 906 raptis
1267 813 1555 906 privavit
1590 813 1791 883 turbo
1824 813 2197 908 magistris,
2548 843 2597 879 a.

555 921 875 992 Protinus
909 921 1212 1015 abruptis
1251 924 1474 992 miseri
1512 921 1877 992 volvuntur
1908 925 1980 992 in
2018 923 2251 993 undis:

555 1033 712 1100 Non
753 1029 966 1117 foruS,
1007 1046 1126 1100 aut
1155 1057 1408 1128 prorae,
1435 1059 1575 1101 non
1606 1032 1809 1102 lintea
1843 1033 2083 1103 deinde
2114 1033 2441 1128 procellas

551 1144 752 1211 Ferre
794 1141 1050 1228 valent,
1083 1143 1388 1237 ratioque
1423 1144 1603 1236 jacet
1638 1143 2005 1237 stupefacta
2037 1143 2351 1238 regendi:

553 1253 663 1320 Sic
695 1277 802 1319 me
835 1267 1072 1320 ventus
1109 1254 1282 1347 agit,
1310 1252 1723 1347 volvuntque
1753 1253 2085 1349 cupidinis
2120 1269 2317 1324 aestus

551 1349 632 1432 In
669 1386 852 1430 mare
894 1359 1268 1451 letiferum,
1311 1387 1435 1432 nec
1466 1353 1661 1434 terrae
1698 1364 2007 1458 protinus
2043 1363 2309 1432 absunt.
2544 1389 2593 1428 ss

551 1471 682 1542 Sed
718 1495 980 1541 mecum
1012 1488 1334 1567 reputans
1367 1488 1484 1542 tua
1520 1473 1802 1544 candida
1836 1474 2075 1560 verba,
2112 1476 2448 1568 magister,

452 1660 538 1701 tus
563 1646 774 1701 videtur
799 1645 884 1699 his
918 1647 1158 1702 versibus
1191 1666 1310 1720 que
1343 1649 1474 1720 Pap.

451 1729 644 1782 Statius
662 1723 732 1780 de
758 1739 908 1798 patre
939 1745 1036 1780 suo
1055 1727 1259 1792 scribit,
1273 1727 1476 1792 silmv,

455 1809 485 1861 3
501 1847 517 1874 ,
548 1809 647 1877 237
669 1823 684 1859 :
710 1833 736 1854 ‹-
755 1807 900 1859 labat
919 1806 1126 1859 incerto
1145 1806 1280 1860 mihi
1307 1805 1477 1860 limite

451 1905 638 1942 cursus
661 1887 741 1940 Te
768 1886 914 1949 sine,
941 1897 994 1940 et
1025 1888 1226 1941 orbata
1243 1885 1478 1958 caligant

451 1967 564 2021 vela
581 1968 777 2020 eatinus
797 1993 838 2018 ι.
865 1966 965 2020 En.

449 2047 1474 2192 mffizoessgbeggercgqswssamwffbff'

449 2223 502 2279 p.
536 2225 598 2259 s:
623 2205 814 2258 «Nihil
837 2217 946 2268 est,
995 2205 1142 2276 quod
1179 2203 1472 2271 admirere,

449 2285 492 2336 si
519 2285 574 2338 in
601 2285 704 2339 hoe
727 2285 844 2337 vite
884 2284 996 2336 salo
1017 2283 1473 2338 circumflantibus

447 2366 708 2436 agitemur
729 2363 976 2436 procellis
1001 2387 1044 2415 n.

519 2444 606 2496 80.
632 2447 797 2511 Raptis
810 2445 1024 2510 privavit
1039 2446 1176 2493 turbo
1198 2445 1470 2511 magistris.

447 2522 597 2594 Virg-
621 2525 744 2576 AEn.
767 2522 843 2588 V,
865 2521 991 2591 867,
1014 2545 1036 2566 ι
1052 2521 1244 2574 amisso
1269 2521 1474 2574 fluitan-

447 2612 554 2654 tem
579 2619 756 2655 errare
783 2599 1029 2672 magistro
1057 2599 1232 2652 Sensit
1247 2625 1294 2653 ιι.

517 2681 602 2734 82.
626 2685 741 2733 Non
749 2681 916 2748 βω.
933 2677 1200 2749 Singulari
1215 2697 1344 2733 usus
1361 2692 1440 2733 est
1452 2719 1470 2746 ‚

447 2777 770 2834 quemqnam
796 2758 1018 2830 pluralis
1043 2759 1388 2830 frequentior,
1413 2771 1474 2812 nt

446 2843 508 2894 A.
525 2839 746 2906 Gellius,
763 2839 894 2890 xvl
909 2878 925 2905 ,
949 2854 1040 2908 19:
1064 2849 1242 2892 «stans
1261 2837 1317 2891 in
1337 2857 1474 2892 sum-

445 2934 544 2972 mae
569 2919 768 2992 puppis
799 2918 959 2970 foro»
978 2937 994 2982 ;
1019 2929 1072 2972 et
1095 2917 1312 2971 Sueton.
1337 2918 1470 2987 Aug.

447 3016 511 3070 71
533 3000 730 3067 ‚fin-um
757 2959 1044 3050 aleator-irim
1071 2995 1220 3050 dixit.
1243 3027 1314 3037 -—
1335 2998 1471 3050 Item

443 3079 680 3142 Ennius,
698 3078 960 3150 fragm.
937 3077 1146 3129 Multa
1162 3077 1280 3129 foro
1295 3077 1472 3147 ponit,

444 3171 496 3212 et
511 3174 644 3231 egea
662 3159 816 3229 longa
839 3157 1120 3230 repletur·
1133 3157 1274 3210 ..En
1289 3156 1472 3210 -sed

443 3237 674 3292 Cicero
657 3255 716 3288 m
741 3237 928 3291 caton.
942 3237 1067 3309 Msj.
1095 3255 1210 3309 cap.
1241 3241 1303 3290 6:
1326 3237 1472 3301 «Qui

442 3317 844 3388 guBernatore‘m
885 3317 948 3368 in
982 3315 1289 3386 navigando
1314 3333 1471 3388 agere

443 3395 580 3449 nihil
605 3395 818 3462 dicunt,
835 3413 1005 3467 quum
1025 3395 1116 3446 alii
1135 3396 1302 3448 malos
1323 3413 1470 3449 scan-

443 3474 572 3529 dant
587 3517 602 3542 ,
640 3475 732 3528 alii
770 3493 866 3548 per
907 3474 1050 3527 foros
1089 3485 1302 3528 cursent
1319 3513 1335 3540 ,
1375 3475 1470 3529 alii

443 3556 704 3608 sentinam
736 3553 1050 3607 exhauriant
1070 3577 1112 3606 n.
1143 3555 1246 3608 En.
1262 3585 1333 3596 —-
1350 3561 1466 3606 Non

435 3639 596 3689 lintea
621 3636 800 3686 deinde
825 3637 1068 3696 proeellas
1095 3639 1238 3685 Ferre
1259 3639 1466 3686 valent.-

437 3717 516 3771 sic
538 3713 771 3768 carmine
791 3711 900 3764 vn
929 3712 1088 3786 hujus
1113 3713 1239 3767 tomi
1259 3751 1275 3776 ,
1293 3733 1346 3765 v.
1372 3731 1464 3783 19,

435 3815 487 3866 p.
513 3797 612 3848 322
633 3813 648 3844 z
673 3793 940 3847 «tremulo
957 3793 1254 3864 crispentur
1272 3793 1462 3846 caerula

435 3872 1342 4021 ”²⁰33.’133332¹²:3¹-.12¹2253320222
1381 3971 1458 4004 ‚.-

1573 1672 1596 1695 ι
1615 1649 1804 1700 Rector
1834 1646 1889 1698 in
1922 1645 2129 1699 incerto
2164 1656 2270 1713 est,
2298 1664 2425 1712 nec,
2459 1647 2593 1720 qnid

1566 1726 1799 1798 fugiatve
1816 1737 2049 1797 petatve,
2066 1726 2304 1779 Invenit:
2324 1728 2590 1799 ambiguis

1564 1823 1649 1858 ars
1676 1815 1851 1877 stupet
1870 1805 1985 1876 ipsa
2008 1802 2164 1858 malis
2182 1829 2225 1858 a.

1636 1885 1721 1940 85.
1750 1889 1855 1937 Nec
1883 1899 2027 1936 ειη-α·
2044 1888 2271 1953 protinus
2296 1887 2513 1946 absunt,
2540 1899 2594 1938 et

1562 1975 1741 2018 tamen
1764 1962 1893 2018 inde
1917 1976 2055 2018 terra
2080 1962 2378 2036 propinqua
2402 1976 2511 2031 est,
2536 1965 2597 2018 in

1564 2059 1723 2114 quam
1746 2062 1834 2096 me
1854 2044 2135 2113 recipiam3
2151 2042 2205 2095 h.
2224 2063 2274 2096 e.
2295 2045 2354 2096 in
2371 2045 2595 2116 propin-

1562 2141 1673 2194 quo
1694 2122 1823 2174 mihi
1842 2123 2095 2177 auxilium
2112 2134 2212 2187 est,
2230 2121 2375 2194 qnod
2396 2136 2591 2194 petam.

1562 2201 1744 2256 Simile
1762 2201 1895 2254 illud
1912 2201 2146 2273 Virgilii,
2172 2201 2373 2274 Georg.
2398 2203 2478 2268 Π,
2502 2205 2592 2268 45,

1562 2305 1588 2326 α
1610 2282 1674 2333 In
1704 2281 1947 2336 manibus
1976 2294 2169 2334 ten-an»
2186 2318 2203 2344 ‚
2232 2281 2291 2334 h.
2330 2301 2380 2335 e.
2416 2301 2593 2356 prope

1562 2373 1711 2426 sunt,
1733 2360 1921 2414 vicina
1956 2374 2095 2414 sunt.
2131 2361 2373 2414 Fortasse
2408 2361 2591 2434 legen-

1560 2439 1693 2494 dum
1720 2445 1928 2502 adsunt,
1956 2459 2114 2494 sensu
2140 2441 2424 2494 contrario.

1632 2521 1716 2573 86.
1728 2523 1828 2572 Sed
1840 2539 2027 2572 mecam
2038 2533 2289 2588 reputans,
2306 2519 2585 2573 ἀμνάδα

1558 2599 1657 2652 ista
1682 2597 1751 2652 ad
1772 2617 1985 2653 versum
2012 2618 2183 2671 usque
2204 2618 2289 2669 -9o
2321 2599 2589 2661 obscur-ia-

1558 2679 1689 2732 simn
1703 2719 1720 2745 ,
1745 2679 1869 2750 quia
1898 2679 2123 2752 abrupte
2166 2691 2219 2732 et
2254 2679 2467 2732 concise
2504 2675 2591 2732 di·

1560 2769 1647 2811 cta
1688 2769 1810 2811 sunt
1830 2797 1846 2824 ,
1883 2760 2104 2812 fortasse
2151 2759 2315 2812 etiam
2364 2777 2591 2822 manca,

1560 2856 1717 2891 versu
1741 2857 1851 2891 uno
1880 2839 2109 2892 alterove
2132 2836 2342 2910 perdito
2358 2857 2376 2902 ;
2394 2850 2449 2892 et
2470 2857 2594 2892 sen-

1558 2935 1649 2970 sus
1665 2957 1680 2982 ‚
1702 2936 1797 2988 pro
1817 2917 2022 2972 diversa
2040 2955 2058 2984 ,
2072 2935 2181 2991 qus
2200 2916 2457 2990 distingui
2474 2936 2591 2972 ver-

1558 2998 1628 3050 bs
1654 3011 1903 3069 possunt,
1929 2998 2353 3071 interpunctione
2371 3036 2390 3063 ,
2412 2999 2589 3052 veria-

1560 3078 1703 3130 bilis.
1716 3078 1829 3150 Ego
1840 3078 1917 3131 sic
1930 3078 2189 3148 explicare
2198 3077 2588 3148 etdistingueoe

1560 3165 1736 3220 tento,
1766 3168 1826 3209 ut
1866 3156 1971 3209 hoc
2008 3157 2186 3229 ipsum
2222 3156 2355 3210 mihi
2388 3176 2587 3229 parum

1557 3236 1777 3308 placeat.
1816 3235 2023 3306 Opinor
2053 3234 2237 3290 induci
2270 3255 2301 3288 a
2340 3236 2587 3290 Licemio

1556 3334 1853 3369 sermonem
1913 3315 2143 3387 aliquem
2201 3327 2255 3368 et
2306 3316 2582 3387 querelam

1556 3395 1836 3467 Augustini
1874 3393 1945 3448 de
1978 3394 2080 3448 levi
2118 3393 2265 3448 illius
2301 3394 2442 3458 fide,
2470 3413 2585 3467 qua

1555 3475 1693 3528 forte
1718 3491 1843 3527 usus
1868 3474 2037 3527 fuerat
2064 3474 2119 3526 in
2140 3473 2358 3544 ‘epistola
2384 3472 2457 3526 ad
2484 3475 2582 3526 Li·

1554 3553 1785 3607 centium
1816 3571 1960 3606 nunc
1989 3551 2283 3623 deperdita.
2322 3551 2578 3618 Memini,

1554 3633 1746 3704 inquit,
1762 3643 1837 3697 te,
1857 3633 2163 3705 Augustine,
2180 3631 2322 3703 apud
2344 3649 2433 3685 me
2452 3651 2580 3702 esn-

1554 3711 1677 3766 dide
1712 3711 1898 3784 queri,
1922 3711 2138 3784 quando
2172 3709 2421 3775 dicebas,
2446 3731 2577 3766 sane

1550 3796 1741 3846 callida
1766 3805 1819 3844 et
1842 3793 1999 3845 fallax
2020 3812 2099 3843 res
2126 3805 2225 3851 est,
2242 3794 2327 3844 tibi
2340 3797 2541 3844 maere
2554 3815 2575 3845 .-

1550 3871 1725 3925 verbis
1783 3871 1887 3924 tuis
1932 3883 1991 3924 et
2032 3869 2303 3943 promissis
2352 3875 2573 3924 animum

1550 3971 1707 4003 meum
1730 3953 1973 4019 decipere,
1992 3961 2045 4002 et
2064 3948 2217 4021 qussi
2236 3955 2427 4018 laqueis
2451 3955 2573 4005 irre-

431 4035 600 4099 gendi.
641 4033 916 4103 Significat
947 4032 1080 4086 illud
1096 4071 1112 4095 ,
1147 4030 1294 4104 quod
1329 4031 1456 4084 ovi·
1547 4035 1638 4083 tire
1656 4028 1848 4083 videris
1862 4050 1881 4096 ς
1896 4047 2127 4102 namque
2146 4029 2275 4084 duni
2291 4035 2569 4100 praeteriens

435 4107 556 4162 dius
573 4111 762 4163 clarius
777 4113 1006 4182 explicat
1019 4111 1181 4164 Trist.
1201 4111 1258 4179 1,
1277 4129 1306 4162 2
1321 4149 1338 4174 ,
1359 4111 1422 4164 31
1440 4130 1455 4160 ε

1548 4129 1717 4164 annos
1754 4121 1807 4162 et
1831 4121 2031 4164 veteres
2056 4108 2255 4164 sinicos
2270 4145 2287 4174 ,
2312 4110 2409 4181 qui
2438 4109 2569 4166 olim
