2975 4684
555 338 692 412 558

1411 337 1828 406 INCERTI

747 465 890 534 Nec
933 473 1144 530 cessat
1181 483 1330 554 spes
1363 483 1497 528 una
1544 460 1916 554 Phrygum,
1960 457 2361 530 fortissimus
2393 465 2673 544 Hector,

653 579 958 646 Sternere
991 570 1167 640 caede
1202 572 1378 640 viros
1413 585 1617 663 atque
1650 570 1919 664 agmina
1953 585 2207 639 vertere
2240 572 2551 639 Graium.

654 691 750 756 Ut
785 683 982 778 lupus
1023 682 1092 754 in
1135 681 1391 774 campis
1427 680 1715 774 pecudes
1756 705 1965 774 quum
2010 681 2179 750 vidit
2222 683 2508 775 apertis,

651 800 806 867 Non
837 793 1078 864 ductor
1103 792 1322 887 gregis
1355 792 1511 885 ipse·
1530 815 1753 860 comes
1772 843 1793 876 ,
1825 813 1961 860 non
1994 791 2269 861 horrida
2302 807 2511 861 terret

649 907 873 977 Turba
912 927 1196 988 canum,
1221 903 1466 996 premit
1502 903 1799 971 esuriens
1838 917 1907 971 et
1938 901 2217 998 negligit
2248 927 2523 982 omnes,
2605 927 2689 975 ιφ
2754 977 2773 992 ,

651 1023 730 1088 In
774 1015 1159 1108 mediosque
1201 1037 1434 1106 greges
1471 1012 1705 1080 avidus
1746 1013 1912 1094 ruite,
1946 1011 2129 1080 haud
2164 1037 2349 1080 secus
2384 1016 2639 1080 Hector

648 1126 914 1198 Invadit
951 1127 1222 1192 Danaos
1257 1137 1324 1191 et
1361 1122 1621 1190 territat
1655 1146 1809 1190 ense
1844 1135 2147 1190 cruent0.

649 1237 990 1310 Deficiunt
1027 1233 1389 1304 Graiorum
1425 1233 1633 1317 acic-S,
1659 1233 1953 1326 Phryges
1986 1233 2205 1301 acrius
2242 1232 2527 1314 instant,

658 1346 1138 1438 Adtolluntque
1173 1345 1432 1412 animos
1461 1370 1474 1411 :
1518 1343 1815 1437 geminat
1846 1343 2123 1412 victoria
2160 1343 2357 1410 vires,

747 1461 844 1528 Ut
877 1455 1046 1524 vidit
1075 1455 1290 1524 socios
1331 1453 1574 1523 infesto
1608 1452 1845 1522 cedere
1879 1454 2085 1522 Marti
2608 1466 2684 1516 ⁴9⁵

553 1639 654 1710 psit
677 1654 688 1688 :
711 1640 776 1685 Ee
795 1637 938 1684 modo
961 1647 1098 1700 eet-gu
1119 1645 1306 1700 petum.
1330 1629 1466 1683 Nolo
1494 1643 1571 1682 ta-

554 1723 676 1770 men
733 1712 1014 1766 decernere
1036 1751 1049 1774 ,
1090 1709 1340 1782 quoniam
1378 1711 1572 1762 Nostro

553 1814 662 1848 non
700 1793 897 1864 ubique
931 1794 1074 1862 justa
1115 1789 1254 1842 ratio
1294 1789 1573 1842 verborum

551 1893 770 1930 suorum
797 1881 1002 1925 constat
1019 1907 1036 1934 ,
1060 1879 1110 1921 et
1143 1869 1362 1921 fortasse
1395 1868 1575 1921 animo

552 1959 668 2028 ejus
700 1953 1034 2006 obversatum
1071 1959 1150 2001 est
1183 1947 1575 2000 hemistichium

553 2032 798 2105 Virgilii,
827 2034 950 2084 AEn.
991 2029 1075 2090 X,
1116 2026 1257 2080 513:
1297 2027 1575 2080 «Proxima

553 2129 778 2184 quaeque
815 2108 962 2162 metit
996 2105 1174 2177 gladio
1193 2131 1236 2156 ιι.

623 2193 742 2256 486.
779 2194 894 2257 Spes
914 2206 1015 2240 una
1036 2189 1300 2253 Phrygum,
1320 2183 1572 2254 frequens

548 2271 779 2341 elogium
808 2265 1064 2320 Hectoris.
1093 2262 1380 2316 Pentadius
1405 2263 1462 2314 in
1490 2276 1572 2314 tu·

551 2351 698 2402 mulo
711 2345 950 2400 Hectoris
963 2363 975 2396 :
996 2345 1270 2396 occubuere
1287 2345 1431 2394 simul
1441 2361 1573 2410 spes·

549 2449 646 2496 que
677 2431 910 2492 salusque
939 2427 1213 2490 Phry-geum
1244 2433 1404 2492 atque
1433 2421 1571 2474 infra

550 2509 758 2567 Noster,
783 2523 832 2556 v.
859 2508 962 2571 944
985 2519 1000 2552 :
1031 2527 1052 2546 ι
1072 2501 1228 2554 Unus
1245 2541 1261 2567 ,
1288 2512 1397 2554 tota
1431 2500 1572 2552 salus

547 2585 606 2638 in
645 2603 755 2657 quo
782 2584 1020 2652 Trojano.
1059 2581 1342 2644 manebat,
1375 2579 1573 2632 Hector

549 2666 698 2720 adest
716 2689 756 2714 ιι.
783 2693 851 2703 -
873 2663 942 2714 Et
976 2659 1218 2732 inprimis
1240 2659 1429 2731 virgil.
1449 2661 1573 2712 AEn.

555 2746 649 2808 11,
682 2744 810 2797 281:
847 2766 869 2786 ι
897 2741 948 2793 Ο
984 2741 1073 2792 lux
1105 2737 1422 2792 Dardania!
1455 2758 1572 2810 spes

545 2845 580 2878 o
602 2823 858 2876 fidissima
867 2819 1168 2874 Teucrum!
1199 2843 1222 2864 ι·
1247 2819 1352 2871 En.
1374 2849 1444 2858 —
1461 2819 1573 2872 Cae·

547 2919 722 2958 terum
737 2903 854 2956 haec
873 2913 924 2954 et
943 2899 1210 2972 sequentia
1233 2897 1408 2951 Barth.
1430 2897 1569 2951 Adv.

546 3005 600 3057 p.
633 3003 796 3054 2771,
834 2979 1214 3036 admirabiliter
1235 2978 1428 3049 scripta
1459 2997 1571 3031 esse

544 3065 838 3136 profitetur.

617 3143 736 3206 488.
783 3143 997 3192 Pecudes
1047 3157 1195 3206 quum
1245 3139 1398 3188 cernit
1445 3136 1568 3191 edd.

545 3224 686 3292 vulg.
723 3224 940 3288 pecudes
982 3222 1098 3270 dum
1137 3219 1270 3269 vidie
1307 3217 1376 3268 Η.
1419 3238 1567 3285 quum

545 3303 675 3354 vidie
709 3299 777 3351 G.
820 3318 849 3350 τι
869 3334 885 3360 ,
917 3309 970 3348 et
1010 3296 1112 3348 hoc
1149 3295 1278 3348 mihi
1311 3295 1568 3366 optimum

543 3381 716 3432 visum
743 3389 839 3430 est.
858 3375 1094 3430 Omnino
1131 3387 1264 3428 tersa
1289 3387 1342 3428 et
1375 3379 1565 3450 ἐναργὴς

541 3459 654 3512 haec
694 3454 976 3527 descriptio
1013 3467 1088 3506 est
1129 3453 1241 3526 lupi
1283 3455 1340 3506 in
1383 3474 1566 3528 greges

537 3537 786 3592 irruentis
804 3575 819 3600 ,
849 3533 1072 3586 maxime
1097 3545 1312 3604 propter
1333 3546 1563 3588 extrema

539 3618 718 3672 verba.
753 3614 966 3668 Mallem
1007 3625 1184 3665 tamen
1228 3613 1432 3666 leonem
1469 3633 1566 3685 pro

538 3700 668 3771 lupo
687 3696 960 3768 posuisset.
983 3693 1154 3765 Hujus
1173 3692 1312 3745 enim
1329 3711 1440 3746 non
1457 3706 1565 3746 tam

539 3775 795 3848 intrepide
837 3787 890 3826 et
931 3771 1213 3826 custodum
1259 3789 1444 3824 secura
1487 3774 1565 3826 vis

541 3872 650 3919 est,
690 3854 860 3927 qualis
909 3851 1012 3906 hoc
1063 3853 1181 3906 loco
1225 3851 1563 3916 describitur,

539 3953 702 4008 quam
743 3934 940 3999 leonis,
985 3946 1038 3985 et
1079 3933 1208 3986 scite
1249 3932 1565 3986 insidiosum

539 4017 730 4085 magis,
743 4030 906 4084 quam
926 4013 1116 4064 fortem
1129 4053 1144 4078 ,
1169 4013 1354 4084 lupum
1372 4011 1565 4065 deseri-

537 4094 614 4144 bit
641 4091 828 4160 virgil.
857 4095 982 4142 AEn.
1005 4091 1115 4158 xl,
1143 4093 1246 4143 810
1267 4110 1412 4162 seqq.
1445 4091 1561 4145 Pta-

1662 1629 1771 1681 cuit
1820 1628 1916 1682 sibi
1962 1629 2291 1702 aliquantum
2350 1639 2537 1680 auctor
2582 1627 2684 1680 hac

1660 1710 2053 1781 comparatione
2069 1752 2084 1776 ,
2104 1709 2285 1782 judice
2304 1707 2521 1762 Barthio
2536 1751 2553 1774 ,
2568 1727 2685 1780 pag.

1664 1807 1825 1859 2771,
1856 1802 1913 1842 ut
1938 1791 2116 1862 paullo
2135 1801 2255 1862 post
2276 1789 2505 1843 similem
2532 1805 2685 1858 repe·

1661 1881 1793 1924 teret
1828 1868 2014 1923 leonis.
2060 1871 2120 1921 In
2158 1888 2267 1940 quo
2296 1887 2577 1942 perperam
2606 1867 2681 1919 fe-

1660 1949 1791 2002 cisse
1808 1949 2192 2020 ille,nimisque
2208 1948 2499 2001 luxuriatus
2516 1946 2685 2000 viden·

1658 2040 1827 2099 potest
1846 2069 1861 2095 ,
1904 2028 2003 2082 nisi
2030 2027 2135 2080 hoc
2168 2047 2233 2082 ex
2266 2029 2430 2098 ipsius
2466 2026 2685 2079 Homeri

1660 2107 1955 2162 imitatione
1994 2107 2155 2173 fecit,
2186 2107 2282 2178 qui
2314 2105 2527 2159 duobus
2552 2106 2683 2160 loeis

1659 2205 1851 2257 parum
1894 2186 2173 2260 disjunctis
2208 2185 2517 2238 Diomedem
2556 2203 2683 2238 eum

1658 2265 1811 2319 leone
1846 2265 2073 2338 pecudes
2106 2266 2337 2320 irruente
2378 2277 2655 2336 comparat
2668 2304 2684 2323 ‚

1658 2345 1808 2400 Iliad.
1834 2347 1907 2412 V,
1952 2347 2051 2400 136
2092 2357 2141 2398 et
2170 2349 2285 2399 16¹.
2312 2345 2539 2416 Virgilio
2586 2347 2689 2398 ista

1658 2425 1989 2498 comparatio
2006 2463 2021 2489 ,
2066 2437 2125 2480 ut
2146 2427 2380 2480 Homero
2402 2426 2505 2496 ipsi
2526 2463 2543 2488 ‚
2586 2427 2685 2478 fre-

1658 2524 1825 2577 quens
1854 2517 1951 2558 est.
1972 2503 2099 2556 vid.
2118 2507 2242 2556 ΑΕΒ.
2264 2505 2341 2556 IX
2357 2544 2374 2569 ‚
2398 2504 2501 2572 339
2524 2525 2678 2578 seqq.

1658 2596 1713 2637 et
1740 2585 1818 2648 X,
1854 2585 1957 2655 7²3
1980 2602 2092 2655 seq.
2132 2584 2292 2636 Conf.
2334 2586 2497 2653 Tigris
2536 2583 2679 2656 apud

1658 2661 1821 2716 ovid.
1858 2665 2072 2716 Metam.
2090 2663 2163 2729 V,
2202 2665 2301 2726 164
2320 2681 2429 2734 seq.

1732 2750 1853 2812 490.
1864 2747 2039 2795 Premit
2052 2745 2233 2794 esuries
2248 2740 2473 2794 correxit
2492 2761 2683 2796 manus

1660 2823 1873 2894 antiqua
1919 2821 1976 2875 in
2026 2821 2305 2893 exemplari
2350 2821 2681 2876 bibliotheca

1658 2902 1803 2972 Lips.
1833 2900 1940 2954 Sed
1978 2905 2195 2953 esuriens
2224 2919 2410 2953 omnes
2434 2901 2559 2953 libri
2580 2901 2681 2955 ha·

1656 2981 1817 3042 hent,
1850 2991 1903 3032 et
1930 2980 2117 3032 melius
2144 2980 2319 3033 sensui
2346 2980 2683 3033 cohor-et.—

1656 3060 1919 3114 Coeterum
1959 3059 2043 3113 his
2078 3061 2265 3114 similia
2294 3061 2533 3133 loquitur
2558 3063 2683 3116 val.

1656 3139 1901 3206 Flaccus,
1930 3141 2009 3191 vl
2030 3177 2046 3203 ,
2079 3141 2180 3194 615
2204 3158 2219 3192 :
2241 3167 2266 3186 α
2286 3159 2384 3193 nec
2413 3139 2555 3192 ende
2574 3161 2685 3196 mo·

1652 3231 1807 3272 ratur
1833 3221 1889 3271 in
1918 3239 2019 3272 una
2036 3219 2336 3285 Turbidus,
2378 3220 2542 3291 inque
2566 3240 2683 3274 om-

1652 3317 1747 3352 nes
1772 3299 1967 3370 pariter
1992 3299 2119 3350 furit
2148 3323 2192 3350 ιι.
2224 3300 2325 3352 En.

1726 3387 1850 3447 492.
1888 3385 2021 3432 Ense
2055 3393 2257 3431 cruento
2286 3379 2350 3430 Η.
2370 3379 2440 3432 G.
2480 3399 2508 3432 2
2538 3393 2589 3432 et
2610 3383 2677 3432 A.

1652 3459 1799 3529 quod
1832 3459 2031 3525 malui,
2068 3477 2223 3530 quam
2256 3459 2527 3530 vulgatum
2562 3479 2681 3512 ense

1650 3559 1865 3590 corusco.

1726 3624 1843 3686 494.
1863 3621 2217 3684 Adtolltmtque
2236 3620 2427 3668 animos
2446 3636 2479 3669 e
2498 3617 2677 3690 Virgi-

1655 3697 1726 3749 lio
1746 3733 1765 3760 ,
1802 3709 1859 3748 ut
1896 3697 2203 3767 precedens
2246 3699 2514 3769 Dficae'unc,
2569 3709 2675 3759 est,

1655 3781 1770 3828 AEn.
1791 3776 1895 3827 ΧΠ
1913 3813 1929 3838 ,
1952 3795 1979 3828 2
1996 3813 2012 3840 ,
2037 3783 2089 3840 4.
2112 3807 2181 3816 -
2206 3779 2437 3828 Geminat
2462 3779 2675 3828 arienn'a

1654 3860 1813 3917 vires,
1842 3854 2073 3926 graviter
2090 3855 2290 3908 dictum
2312 3896 2327 3920 ,
2360 3855 2507 3928 quod
2526 3875 2675 3928 repe·

1653 3936 1716 3986 tit
1738 3953 1889 3987 versu
1915 3935 2035 4005 768.

1726 4015 1846 4082 495.
1884 4019 1944 4066 Ut
1970 4017 2103 4067 vidie
2120 4017 2293 4066 socios.
2338 4015 2435 4068 Hic
2468 4016 2615 4068 abest
2644 4033 2674 4068 a

1650 4093 1833 4146 codice
1860 4093 2273 4164 Guelferbytano
2298 4093 2551 4148 secundo.
