2975 4684
860 366 1285 437 CARMEN
1354 372 1492 439 AD
1549 370 2028 450 PISONEM.

2365 392 2502 491 257

466 483 691 555 Turba
735 504 1009 582 repente
1052 516 1207 561 suos
1236 494 1376 587 jam
1416 495 1808 569 sudabunda
1847 503 2184 602 relinquit.

468 598 563 666 Te
597 597 649 665 si
689 597 859 668 forte
886 601 1079 693 juvat
1114 603 1492 674 studiorum
1533 608 1825 702 pondere
1861 614 2138 709 fessum,

466 709 620 775 Non
662 707 981 805 languere
1017 726 1275 801 tamen,
1318 714 1634 811 lususque
1673 746 1942 795 movere
1987 753 2110 822 per
2142 748 2388 826 artem,

466 816 831 889 Callidiore
872 820 1073 891 modo
1109 822 1338 894 tabula
1373 827 1673 899 variatur
1707 850 1942 927 aperta
2423 872 2495 910 ,σο

462 928 811 1018 Calculus,
842 947 911 1001 et
945 934 1155 1003 vitreo
1194 952 1612 1030 peraguntur
1651 942 1866 1013 milite
1904 947 2106 1038 bella,

360 1173 545 1241 hamt,
563 1178 765 1249 adstat,
790 1194 1077 1253 permanet.
1095 1182 1381 1249 Quomodo

360 1254 513 1328 Virg.
534 1260 655 1312 AEn.
682 1260 710 1312 I
729 1301 746 1328 ,
780 1263 919 1333 495:
953 1286 977 1309 ι
1002 1263 1141 1315 Dum
1165 1273 1339 1336 stupet
1360 1303 1378 1330 ,

358 1336 653 1412 obtutuque
690 1340 855 1395 haret
888 1342 1091 1396 defixus
1114 1342 1170 1395 in
1198 1362 1309 1395 uno
1330 1368 1376 1396 n.

356 1416 549 1472 Nescio
578 1438 647 1473 an
672 1421 865 1475 melius
893 1423 1001 1477 hoc
1027 1422 1147 1477 loco
1175 1425 1379 1495 legatur

354 1520 381 1541 α
398 1496 571 1551 Haeret
598 1498 667 1552 ad
688 1500 799 1555 hoc
818 1526 862 1553 a.
888 1502 973 1556 Sic
989 1503 1129 1556 enim
1151 1503 1343 1558 Cicero
1359 1544 1375 1571 ,

354 1575 517 1630 Acad.
544 1578 740 1645 Quaest.
762 1581 865 1647 IV,
914 1582 981 1636 3:
1032 1608 1055 1629 ι
1084 1583 1153 1637 ad
1186 1600 1378 1656 quam·

351 1672 582 1727 cumque
598 1670 721 1711 sunt
737 1659 1065 1733 disciplinam
1082 1663 1233 1735 quasi
1249 1674 1377 1717 tem-

349 1746 548 1806 pestate
571 1737 733 1793 delati
749 1778 766 1803 ,
810 1740 878 1794 ad
914 1761 1029 1796 eam
1047 1784 1064 1809 ‚
1100 1755 1371 1816 tamquam

348 1813 421 1867 ad
442 1834 629 1870 saxum
642 1856 657 1882 ,
676 1818 1043 1875 adbel-escunt
1058 1848 1105 1877 n.

425 1914 545 1966 ¹79·
588 1903 703 1951 Non
734 1905 969 1970 languere
997 1917 1194 1964 tamen,
1232 1902 1285 1954 h.
1320 1922 1366 1957 e.

349 1987 527 2029 tamen
572 1979 685 2031 otio
716 1979 926 2053 aliquo,
966 2000 1076 2037 nou
1111 1984 1368 2057 languido

344 2055 438 2108 illo
464 2068 517 2109 et
534 2056 692 2112 inerti
709 2097 726 2124 ,
750 2058 845 2113 sed
870 2078 993 2113 cum
1013 2062 1187 2135 aliqua
1217 2082 1366 2116 men·

343 2135 411 2189 tis
432 2136 711 2208 agitatione
726 2142 1032 2213 conjuncto,
1052 2144 1366 2197 recreari.—

344 2221 597 2285 Lususque
619 2238 807 2273 movere
822 2242 916 2289 per
937 2238 1115 2285 anem,
1135 2222 1171 2277 ἱ.
1198 2244 1248 2277 e.
1282 2245 1365 2305 ar:-

340 2295 619 2351 tificiomm
644 2301 874 2373 aliquem
892 2301 1079 2355 ludum
1101 2320 1359 2360 exercere.

340 2376 661 2431 Senftlebius
700 2380 769 2433 de
802 2381 927 2435 Alea
948 2382 1070 2435 Vet.
1100 2402 1219 2457 cap.
1260 2402 1321 2439 η
1342 2427 1358 2453 ,

380 2474 407 2508 a
450 2496 462 2509 .
499 2459 617 2511 182.

338 2474 379 2528 P
410 2475 527 2589 feo.
547 2540 807 2591 Callidiore
821 2544 987 2594 modo.
1006 2541 1361 2619 Hypotyposis

337 2616 589 2670 scacchioe
616 2617 729 2672 sive
760 2619 1182 2677 latrunculorum
1220 2625 1353 2680 ludi.

336 2695 536 2749 Bnm.
561 2700 727 2750 Vetus
755 2698 1059 2755 scholiastes
1087 2704 1355 2759 Iuvenalis

334 2774 404 2829 ad
423 2773 621 2840 suff,
647 2794 745 2845 109
765 2818 781 2843 ,
806 2777 873 2831 de
898 2780 1089 2833 Pisone
1110 2799 1125 2833 τ
1158 2806 1180 2830 ι
1204 2782 1257 2835 ἰη
1280 2785 1354 2840 la-

332 2856 564 2909 trunculi
590 2856 711 2909 lusu
739 2870 849 2911 tam
880 2860 1143 2931 perfectus
1166 2876 1217 2916 et
1242 2866 1350 2918 cal-

330 2934 471 2989 lidus
488 2976 503 3001 ,
536 2948 596 2988 ut
624 2934 694 2989 ad
722 2956 845 2990 eum
870 2937 1137 2995 ludentem
1172 2963 1350 2998 curre-

328 3026 475 3068 retur
496 3040 541 3068 n.
577 3017 859 3089 perperam
876 3038 1003 3073 vero
1029 3038 1057 3073 a
1086 3024 1349 3097 plerisque

329 3106 563 3149 veterem
581 3095 1027 3152 Latrunculorum
1052 3099 1237 3155 ludum
1258 3122 1349 3175 ap·

324 3172 510 3247 plicari
546 3173 613 3228 ad
644 3174 962 3234 hodiernum
993 3180 1347 3236 scacchorum

326 3255 584 3309 existimat
598 3256 831 3311 Thomas
847 3263 1013 3326 Hyde,
1048 3262 1107 3314 in
1127 3261 1347 3319 historia

324 3332 619 3387 Nerdiludii
636 3374 651 3400 ,
676 3354 731 3407 p.
761 3342 860 3409 176
876 3380 891 3407 ,
916 3339 1005 3392 ubi
1025 3339 1093 3393 de
1112 3342 1347 3396 Damilu·

322 3412 695 3467 dia—Tabula
717 3419 944 3469 variatur
958 3436 1146 3488 aperta.
1164 3423 1241 3475 Ex
1260 3424 1344 3478 his

324 3492 497 3545 verbis
525 3504 700 3565 patet,
732 3496 969 3550 tabulam
1002 3501 1340 3574 antiquorum

318 3571 437 3641 pari
462 3572 669 3625 ratione
685 3612 701 3637 ,
740 3592 802 3627 ac
836 3588 1015 3631 nostra
1050 3581 1303 3638 moderna
1324 3624 1339 3649 ,

318 3648 589 3704 interdum
621 3653 855 3707 clausam
882 3658 1076 3726 fuisse,
1112 3672 1163 3714 et
1189 3665 1339 3736 quasi

319 3732 686 3801 complicatam
704 3770 719 3798 ,
767 3736 837 3788 ita
884 3750 942 3790 ut
981 3742 1249 3811 explicare
1286 3758 1339 3799 et

320 3810 525 3881 aperire
569 3811 810 3867 eamdem
854 3836 988 3890 opus
1036 3820 1333 3876 habuerint.

316 3887 545 3942 Saura-1..
568 3922 639 3931 ——-
664 3892 745 3945 Ex
772 3912 837 3947 eo
867 3898 1012 3968 quod
1054 3900 1337 3957 tabula-di-

316 3966 455 4021 citur
467 3983 673 4040 aperta,
684 3992 789 4026 non
802 3974 1020 4031 dixerim
1040 3998 1161 4034 cum
1174 3984 1339 4039 Seust-

314 4046 484 4111 lebio,
530 4048 599 4104 de
634 4052 795 4120 Alea,
835 4074 949 4129 cap.
989 4078 1080 4124 12,
1115 4062 1335 4119 similem

312 4125 477 4183 fuisse
492 4140 681 4183 nostras
700 4146 751 4186 et
768 4136 1166 4209 complicatilem
1181 4182 1199 4210 ,
1220 4164 1338 4218 quae

509 4224 651 4291 III.

1468 1188 1660 1257 aperiri
1683 1203 1736 1245 et
1762 1194 1939 1251 claudi
1961 1218 2146 1258 rursus
2169 1226 2362 1280 posset.
2385 1214 2490 1269 Im·

1466 1284 1558 1318 mo
1581 1280 1705 1323 vet-o
1728 1284 1900 1343 aper-ea
1921 1293 2065 1335 nuuc
2085 1296 2162 1339 eat
2179 1326 2196 1353 ‚
2217 1301 2279 1342 ut
2295 1307 2488 1367 campo

1464 1362 1651 1417 aperto
1675 1369 1688 1404 ε
1716 1355 2019 1415 referuntur
2041 1366 2181 1420 enim
2209 1388 2357 1427 nunc
2373 1393 2487 1430 om·

1463 1425 1556 1480 nia
1589 1428 1660 1483 ad
1683 1434 1946 1493 militiam.
1981 1442 2184 1502 Lmox.
2206 1481 2278 1491 —
2305 1461 2486 1509 Varia-

1462 1516 1558 1569 tur,
1579 1508 1614 1562 i.
1633 1528 1680 1563 e.
1693 1514 1842 1569 varie
1860 1528 1912 1570 et
1929 1519 2198 1594 ingeniose
2216 1530 2344 1588 hinc
2360 1538 2485 1594 inde

1432 1612 1443 1620 ·
1462 1583 1761 1679 deducitur.
1780 1594 2006 1654 sum..
2036 1604 2210 1663 Poteat
2233 1615 2392 1669 etiam
2412 1618 2482 1673 de

1460 1748 1648 1821 accipi.
1679 1752 1866 1809 Totam
1900 1762 2160 1821 rationem
2200 1772 2315 1845 ejus
2362 1776 2478 1832 ludi

1456 1831 1796 1899 exposuimus
1817 1836 2055 1897 Excursu
2071 1863 2262 1921 quarto
2281 1854 2348 1907 ad
2369 1858 2476 1911 cal-

1454 1920 1569 1959 cem
1596 1908 1759 1985 hujus
1780 1921 2046 1978 carminis.

1531 1988 1648 2042 181.
1681 1996 1921 2051 Calculus.
1950 2002 2290 2067 calculorum
2326 2016 2474 2073 lusus

1454 2078 1506 2119 et
1539 2066 1958 2133 latrunculorum
2001 2084 2147 2141 idem
2185 2106 2278 2147 est.
2315 2096 2470 2153 ovid.

1450 2147 1563 2199 Art.
1581 2152 1693 2204 Am.
1709 2154 1780 2220 11,
1791 2172 1910 2229 207,
1925 2186 1946 2209 ι
1959 2160 2083 2219 Sive
2095 2168 2354 2230 latrocinii
2367 2177 2468 2233 sub

1448 2226 1678 2299 imagine
1695 2233 1926 2293 calculus
1943 2242 2042 2296 ibit
2059 2270 2097 2301 ι.
2118 2250 2286 2308 Lucil.
2307 2256 2465 2313 XIV:

1450 2330 1475 2352 ιι
1503 2307 1885 2371 Naumachiam
1907 2316 2030 2376 licet
2053 2324 2193 2396 hoec,
2213 2332 2431 2407 inquam
2451 2378 2466 2403 ,

1447 2384 1815 2465 alveolumque
1839 2413 2046 2469 putare,
2061 2420 2113 2460 et
2131 2410 2317 2475 Calcea
2339 2434 2355 2480 3
2379 2416 2467 2472 de-

1446 2466 1604 2521 lectea
1625 2482 1676 2523 te
1697 2511 1712 2536 ,
1752 2474 1863 2529 hilo
1901 2501 2006 2534 non
2043 2490 2225 2544 rectiu'
2249 2494 2394 2551 vivas
2417 2524 2462 2553 ι.

1444 2546 1580 2601 Nam
1606 2556 1768 2605 calces
1790 2566 1912 2611 sunt
1935 2563 2123 2619 calculi
2143 2608 2158 2633 ,
2183 2574 2242 2625 u‘t
2266 2575 2464 2632 alicubi

1444 2638 1588 2681 notat
1608 2630 1805 2687 Festus.
1823 2635 1992 2695 Hodie
2013 2645 2259 2703 alludunt
2285 2656 2353 2710 ad
2379 2678 2462 2713 ve·

1441 2716 1526 2760 tus
1553 2728 1747 2766 nomen
1775 2716 1892 2771 Itali
1921 2735 1972 2774 et
1999 2724 2140 2781 Galli
2157 2748 2172 2793 ς
2192 2741 2458 2792 scalcqum

1440 2788 1578 2839 enim
1626 2808 1830 2849 vocant.
1881 2800 2013 2856 Puto
2065 2811 2190 2863 artis
2237 2818 2454 2873 verbum

1439 2866 1601 2921 fuisse
1633 2878 1957 2943 excaecatur-i,
1983 2882 2050 2937 de
2076 2906 2140 2940 eo
2171 2892 2263 2962 qui
2289 2896 2461 2953 vince-

1434 2957 1602 3015 retur,
1623 2962 1682 3003 ut
1699 2960 1950 3011 exem-fari
1965 2973 2015 3014 et
2040 2979 2316 3025 excuneati
2328 2975 2460 3034 Var-

1434 3027 1588 3093 roni3
1615 3032 1760 3087 uude
1784 3048 1834 3088 et
1857 3040 2040 3095 eadem
2065 3049 2226 3119 etymi
2244 3052 2454 3113 licentia

1435 3106 1682 3163 videntur
1717 3113 1845 3169 dicti
1869 3126 2120 3189 Andr-es,
2145 3143 2206 3183 ut
2237 3131 2456 3209 Hispani

1430 3200 1658 3257 vocant,
1696 3197 1846 3264 quasi
1871 3210 2133 3269 exquadn'.
2151 3208 2283 3266 Nam
2302 3238 2455 3285 squa-

1430 3270 1612 3319 drones
1648 3274 1872 3343 quadras
1909 3281 2197 3359 phalanges
2237 3312 2451 3353 vocant.

1432 3346 1589 3400 Son..
1637 3382 1710 3392 —-
1755 3359 1919 3409 Vitrea
1955 3382 2263 3435 peraguntur
2303 3379 2455 3431 milite

1430 3430 1579 3480 bella.
1597 3428 1813 3486 Fiehant
1831 3448 1890 3491 ut
1907 3440 2196 3511 plurimum
2220 3470 2280 3505 ex
2299 3456 2450 3511 vitro.

1429 3508 1694 3562 Marwa
1708 3552 1723 3578 ‚
1749 3530 1812 3581 7²
1830 3557 1845 3581 ,
1874 3542 1896 3565 ι
1916 3520 2085 3576 vitreo
2110 3526 2314 3587 latrone
2333 3534 2448 3589 clu-

1429 3604 1515 3639 sos
1536 3612 1580 3640 ι.
1601 3622 1672 3630 -
1690 3598 1985 3661 Pugnatum·
1998 3606 2144 3657 milite
2156 3612 2283 3662 bella
2296 3650 2311 3675 ,
2336 3614 2447 3668 lau-

1429 3666 1519 3721 dat
1546 3668 1616 3722 ad
1653 3670 1880 3727 Martial.
1907 3678 2057 3745 XIV,
2095 3700 2155 3755 17
2179 3689 2410 3747 Raderus
2431 3737 2446 3761 ,

1424 3766 1542 3820 pag·
1563 3752 1667 3817 908
1685 3792 1700 3817 ,
1738 3770 1798 3804 ex
1824 3759 2094 3813 memoria.
2129 3765 2336 3823 Lacon.
2373 3807 2443 3815 —-

1424 3827 1580 3899 Apud
1624 3828 1928 3887 Petronium
1963 3836 2018 3890 in
2057 3846 2300 3901 convivio
2330 3852 2445 3907 Tri-

1426 3908 1702 3962 malcionis
1724 3914 2042 3984 crystallinae
2067 3936 2190 3975 sunt
2214 3942 2442 3999 tesserae3

1424 3990 1576 4061 cujus
1592 3990 1752 4055 verba
1773 3990 1932 4065 digna
1951 4011 2095 4065 sunt,
2113 4020 2230 4075 quae
2249 4008 2445 4065 adscri-

1426 4068 1622 4120 bantur
1645 4090 1657 4119 :
1700 4096 1725 4115 ··
1750 4072 2072 4144 Sequebatur
2125 4102 2260 4155 puer
2318 4110 2440 4147 cum

1427 4152 1603 4207 tabula
1633 4154 1982 4209 terebinthina
2003 4196 2018 4223 ,
2044 4171 2096 4213 et
2127 4169 2444 4237 crystallinis

2023 4276 2102 4347 ¹7
