2975 4684
504 299 613 368 80.

1118 295 1511 366 LUCILII
1559 297 2038 369 JUNIORIS

604 419 757 490 Sive
795 416 920 486 tibi
960 415 1179 510 Pytho
1214 431 1313 487 est
1348 418 1620 512 potior;
1661 433 2018 514 tecumque
2057 419 2354 492 faventes

604 533 684 597 In
727 551 903 595 nova
951 527 1171 595 Pierio
1218 542 1588 622 properent
1624 553 1664 597 a
1701 529 1891 600 fonte
1927 553 2189 600 sorores

606 641 830 708 Vota:
872 662 994 732 per
1033 635 1375 707 insolitum
1413 637 1668 708 Phoebo
1711 639 1882 709 duce
1922 642 2185 710 cautius
2216 641 2374 710 itur.

699 753 920 820 Aurea
952 747 1169 816 securi
1197 748 1313 842 qui
1350 749 1563 818 nescit
1595 748 1836 820 saecula
1874 750 2109 848 regis?

506 947 636 1000 hinc
682 941 969 1016 legendum
1018 940 1205 995 suadet
1226 960 1240 994 ε
1293 967 1315 989 ι
1341 942 1531 996 dexter

506 1027 639 1081 mihi
671 1023 919 1079 carminis
954 1033 1137 1073 auctor
1171 1019 1387 1092 Apollo,
1424 1020 1530 1074 Seu

505 1121 597 1160 tua
611 1147 627 1172 ,
642 1103 863 1157 Dodona
878 1101 1055 1173 potior
1068 1139 1084 1166 ,
1100 1112 1383 1170 tecumque
1396 1099 1536 1151 Pha.

507 1187 628 1242 selis
646 1221 661 1249 ,
699 1183 806 1236 Seu
842 1192 897 1232 te
928 1177 1165 1251 Cythnos
1197 1177 1393 1242 habet,
1435 1197 1531 1231 seu

508 1267 669 1319 Delos
692 1262 887 1335 gratior
904 1260 993 1313 illa
1008 1263 1220 1312 ».—-Seu
1242 1271 1291 1308 ee
1319 1259 1530 1322 Cynthos

506 1350 670 1398 habet.
698 1343 784 1395 Sic
806 1357 991 1392 omnes
1016 1335 1194 1407 scripti
1222 1346 1274 1387 et
1288 1335 1531 1406 impressi

504 1436 625 1477 ante
655 1419 934 1474 Gon-allum
952 1457 969 1484 ,
1011 1427 1063 1468 et
1102 1413 1339 1486 sequenti
1376 1433 1532 1467 versu

506 1509 599 1554 Seu
644 1503 733 1552 cibi
770 1500 979 1548 Dodone
1011 1497 1203 1563 potior.
1254 1491 1360 1545 Sed
1402 1493 1532 1564 quia

507 1579 748 1654 Cynthus
764 1595 919 1630 mons
937 1577 993 1629 in
1009 1576 1121 1646 ipsa
1138 1572 1271 1629 Delo
1288 1583 1366 1624 est
1378 1609 1394 1635 ,
1412 1589 1532 1644 que

508 1673 630 1735 post
671 1657 977 1712 nominatur
995 1693 1012 1719 ,
1062 1665 1115 1706 et
1171 1654 1379 1703 Dodone
1419 1669 1532 1703 non

507 1738 767 1813 Apollinis
784 1777 800 1803 ,
840 1735 932 1788 sed
958 1732 1107 1788 Jovis
1133 1729 1351 1784 oraculo
1376 1729 1532 1783 nobi-

504 1821 567 1874 lis
589 1831 670 1873 est
686 1860 702 1886 ,
724 1818 847 1870 hinc
869 1815 1101 1886 Scaliger
1120 1811 1196 1864 ibi
1222 1811 1395 1881 legere
1414 1809 1532 1862 vult

504 1907 595 1952 Seu
612 1915 659 1951 te
680 1899 889 1966 Cythnos
906 1897 1079 1954 habet,
1100 1889 1344 1944 Gorallus
1360 1888 1531 1942 multo

504 1977 832 2054 probabilius
882 1975 1135 2034 Xanthos,
1191 1981 1245 2024 et
1292 1968 1530 2040 sequenti

506 2078 661 2114 versu
688 2063 779 2108 Seu
806 2058 895 2107 tibi
926 2053 1119 2120 Python
1139 2065 1211 2100 est
1226 2051 1415 2118 potior.
1436 2047 1531 2100 Est

506 2153 683 2194 autem
718 2131 962 2188 Xanthos
987 2169 1003 2194 ,
1038 2130 1167 2183 urbs
1202 2127 1377 2200 Lyciae
1396 2166 1411 2194 ,
1460 2125 1530 2179 ad

507 2219 778 2272 Xanthum
800 2213 1019 2268 fluvium
1037 2247 1053 2272 ,
1079 2206 1315 2281 Apollini
1340 2225 1487 2260 sacra
1509 2224 1524 2258 ε

504 2300 713 2373 Python
752 2306 830 2348 est
863 2292 992 2346 urbs
1031 2289 1253 2362 Delphi,
1295 2286 1423 2340 olim
1464 2304 1530 2338 eo

505 2379 721 2434 nomine
745 2372 1027 2448 appellata.
1054 2369 1193 2422 Hinc
1216 2365 1414 2419 Tibull.
1436 2365 1492 2418 11
1510 2400 1528 2428 ,

508 2464 539 2516 3
560 2501 576 2527 ,
610 2476 710 2527 27:
742 2481 763 2502 ι
790 2453 946 2505 Delos
980 2450 1074 2502 ubi
1104 2465 1276 2508 nunc,
1299 2444 1527 2509 Phoebe,

504 2553 597 2594 tua
614 2551 694 2592 est
709 2533 838 2588 ‘mhi
852 2530 1108 2603 Delphica
1126 2527 1299 2600 Pytho
1313 2551 1357 2578 n.
1373 2523 1528 2578 Xan-

505 2621 659 2682 thus,
681 2615 877 2678 Delus,
908 2609 1100 2682 Delphi
1133 2607 1216 2659 vel
1243 2607 1528 2658 Parnassus

505 2711 629 2753 sunt
662 2697 777 2749 loca
812 2691 1011 2745 Phoeho
1046 2688 1275 2740 maxime
1316 2695 1492 2738 amata
1510 2719 1527 2746 ,

504 2793 555 2833 et
575 2798 607 2832 a
626 2775 790 2849 poetis
806 2771 865 2824 in
888 2770 979 2821 tali
998 2765 1332 2820 invocatione
1349 2781 1530 2834 perpe-

420 2841 431 2850 ·
502 2863 929 2930 tuojunguntur.
953 2845 1095 2900 Vide
1106 2843 1295 2916 Vir-gil.
1316 2841 1435 2894 Cul.
1462 2842 1526 2896 13

506 2957 618 3011 seq.
640 2947 693 2990 et
712 2936 835 2986 AEn.
854 2929 953 2994 IV,
979 2925 1262 2992 14335tat.
1283 2921 1457 2974 Theb.
1476 2923 1526 2986 1,

506 3022 629 3087 696.
648 3018 836 3086 Itaque
852 3006 1119 3062 Lucilium
1144 3005 1248 3056 hoc
1272 3001 1391 3054 loco
1416 3020 1528 3054 non

504 3100 655 3152 aliter
686 3091 950 3166 scripsisse
984 3084 1271 3140 verisimile
1305 3094 1418 3148 est,
1446 3093 1526 3134 at-

504 3197 609 3249 que
626 3173 873 3228 Gonnus
898 3185 1105 3223 summa
1132 3165 1341 3217 ratione
1362 3161 1528 3216 verbu

504 3253 835 3314 emendavit,
874 3248 975 3302 nisi
1023 3257 1273 3320 putamus
1286 3280 1305 3306 ,
1344 3252 1528 3296 aucto-

502 3355 616 3390 rem
635 3353 699 3387 ex
716 3347 899 3386 errore
924 3327 1085 3400 plane
1107 3323 1242 3378 fslsa
1268 3321 1524 3394 posuisse.

502 3413 664 3482 Quod
704 3423 887 3464 tamen
920 3404 1170 3460 Gon-auu·
1206 3399 1528 3455 emendatio-

502 3514 625 3549 nem
644 3511 797 3547 suam
818 3489 875 3542 in
892 3495 1092 3540 textum
1110 3481 1321 3538 intrusit
1338 3519 1355 3546 ,
1375 3480 1429 3536 id
1446 3499 1528 3534 re·-

498 3571 779 3648 preheudit
809 3579 997 3622 auctor
1030 3560 1417 3618 exercitationis
1456 3560 1528 3615 de

500 3653 747 3725 Inscript.
768 3647 997 3705 Deliacis
1014 3687 1030 3714 ‚
1066 3663 1184 3714 cap.
1215 3643 1278 3696 13
1297 3682 1313 3708 ,
1344 3641 1403 3694 in
1422 3641 1528 3694 Mi-

498 3734 625 3788 scel.
652 3732 875 3786 Observ-
906 3727 1035 3780 Crit.
1074 3725 1179 3777 vol.
1219 3723 1356 3788 vll,
1396 3733 1431 3773 t.
1465 3721 1524 3786 1,

496 3834 549 3888 p.
564 3815 653 3880 89.
672 3811 823 3864 Idem
842 3806 1098 3862 existimat
1114 3806 1306 3870 Python
1324 3819 1524 3856 nomen

496 3892 751 3964 serpentis
790 3889 859 3943 ab
885 3887 1129 3960 Apolline
1152 3883 1343 3958 dejecti
1372 3901 1486 3936 esse
1505 3921 1521 3946 ,

494 3974 644 4027 urbis
656 3983 831 4026 nutem
845 3971 1003 4034 Prsko
1012 4005 1028 4029 ,
1040 3965 1336 4037 meliusque
1346 3981 1524 4018 emen·

494 4052 611 4106 deri
631 4070 660 4105 s
685 4050 905 4106 Gor-allo
922 4047 1159 4122 potuisse
1184 4049 1289 4098 Sive
1308 4047 1401 4096 tibi
1418 4051 1527 4109 Py·

1619 947 1703 996 cluo
1727 947 1911 1012 potior,
1933 956 2026 998 aut
2053 949 2148 996 Seu
2177 948 2401 1012 &daona
2430 948 2523 996 tibi
2541 965 2648 1014 po-

1617 1025 1746 1084 tior,-
1764 1023 2216 1097 quemadmodum
2249 1023 2308 1077 in
2339 1023 2454 1079 aliis
2475 1025 2650 1078 nomi·

1617 1102 1774 1154 nibus
1789 1103 2000 1156 urbium
2017 1109 2194 1156 Ancon
2217 1115 2271 1157 et
2284 1111 2512 1166 Ancona,
2533 1108 2649 1156 Cro-

1618 1197 1704 1233 ton
1723 1195 1778 1236 et
1803 1188 2046 1245 Crotona,
2068 1187 2290 1235 Salamin
2311 1197 2364 1237 et
2387 1187 2650 1236 Salamina

1617 1262 1884 1318 scribitur.
1919 1261 2188 1317 Librarios
2215 1263 2514 1334 corrupisse
2545 1263 2650 1316 hos

1619 1359 1798 1394 versus
1817 1379 1833 1408 ,
1851 1353 1904 1395 et
1937 1353 2134 1396 temere
2159 1342 2399 1414 posuisse
2423 1341 2650 1397 nomina

1618 1421 1833 1474 urbium
1880 1421 1982 1474 sibi
2023 1420 2232 1475 notiora
2251 1458 2268 1484 ,
2317 1420 2652 1475 demonstrat

1619 1501 1779 1553 etlam
1804 1503 2024 1553 Phaselis
2037 1539 2054 1563 ,
2074 1501 2212 1554 inter
2237 1501 2397 1553 urbes
2411 1499 2650 1572 Apollini

1621 1599 1797 1634 sacras
1817 1581 1971 1654 plane
1991 1579 2124 1633 falso
2147 1579 2318 1652 posita
2346 1579 2468 1633 loco
2492 1579 2648 1633 verbi

1605 1663 1852 1727 faventes.

1694 1758 1740 1810 7.
1755 1745 1818 1790 In
1836 1754 2242 1807 novaproperent
2253 1753 2407 1790 vota.-
2424 1738 2650 1792 veniant

1619 1819 1691 1872 ad
1722 1819 2083 1872 auxiliandum
2125 1819 2180 1872 in
2207 1829 2522 1889 argumento
2557 1837 2650 1872 ex·

1621 1897 1888 1972 sequendo
1903 1939 1919 1964 ,
1955 1897 2102 1970 quod
2135 1898 2402 1950 insuetum
2435 1897 2608 1968 poetis
2623 1934 2647 1963 ,

1619 1998 1719 2032 nec
1745 1978 1813 2032 ab
1839 1978 1944 2032 alio
1969 1988 2228 2032 tentatum
2259 1988 2358 2030 est.
2381 1975 2471 2030 Sic
2493 1977 2648 2049 loqui

1620 2059 1788 2111 solent
1813 2069 1982 2130 poetae
2001 2093 2016 2121 ,
2037 2058 2128 2129 qui
2156 2069 2524 2128 argumentum
2544 2054 2646 2109 ad-

1619 2147 1745 2190 eunt
1763 2177 1778 2202 ,
1799 2155 1831 2190 a
1849 2136 2153 2208 vulgaribus
2185 2147 2462 2207 poetarum
2490 2135 2646 2189 fabu-

1619 2217 1685 2271 lis
1703 2217 1952 2270 slienum.
1965 2217 2114 2288 virg.
2129 2215 2322 2286 Georg.
2345 2214 2430 2266 111
2442 2253 2461 2281 ,
2477 2215 2508 2269 3
2525 2233 2644 2287 seq.

1617 2297 1867 2352 Similiter
1893 2296 2144 2352 Manilius
2161 2336 2178 2362 ,
2197 2295 2281 2346 111
2295 2335 2312 2360 ‚
2337 2313 2362 2348 1
2383 2313 2399 2347 :
2417 2319 2442 2342 α
2461 2293 2525 2348 In
2542 2313 2640 2348 no—

1620 2396 1686 2430 va
1727 2389 2030 2448 surgentem
2046 2413 2063 2439 ‚
2094 2375 2401 2448 majoraque
2436 2374 2644 2429 viribus

1617 2474 1804 2510 ausum
1821 2494 1837 2520 ,
1853 2457 1962 2508 Nec
1983 2475 2078 2528 per
2094 2455 2388 2507 inaccessos
2408 2464 2648 2507 metuen-

1617 2547 1723 2588 tem
1739 2535 1935 2588 vadere
1949 2536 2130 2596 saltus,
2139 2533 2339 2594 Ducite,
2355 2531 2642 2586 Pierides».

1616 2617 1828 2670 Lucret.
1855 2615 1884 2667 Ι
1901 2653 1918 2680 ,
1943 2632 2044 2684 9²1
2074 2631 2184 2684 seq.
2201 2613 2482 2685 Olympius
2497 2653 2513 2678 ,
2535 2613 2643 2686 Cy-

1615 2715 1734 2768 neg.
1764 2697 1796 2748 8
1820 2713 1933 2767 seq.

1693 2777 1742 2829 8.
1753 2781 1852 2826 Per·
1863 2777 2126 2826 insolitum.
2148 2771 2262 2826 Hoc
2279 2771 2525 2842 exemplo
2539 2771 2646 2824 Lu·

1616 2854 1766 2908 cretii
1783 2891 1800 2918 ,
1823 2852 1898 2919 V,
1926 2870 2056 2905 roo:
2095 2877 2122 2898 κ
2141 2853 2208 2904 Et
2233 2868 2398 2923 quam
2421 2849 2641 2904 difficile

1617 2933 1672 2986 id
1695 2932 1826 2986 mihi
1842 2933 1908 2984 sit
1925 2932 2236 3004 pervincere
2252 2929 2408 2984 dictis
2423 2969 2442 2998 ,
2457 2930 2534 2982 Ut
2547 2930 2637 2994 fit,

1617 3013 1710 3065 ubi
1727 3012 1994 3066 insolitem
2017 3029 2130 3064 rem
2157 3023 2404 3082 apportes
2423 3010 2640 3063 auribus

1616 3104 1739 3145 ante
1757 3117 1801 3142 n.

1687 3187 1741 3238 9.
1764 3178 1934 3223 Ama
1965 3174 2139 3223 securi.
2173 3171 2282 3223 Rex
2303 3185 2522 3223 securus
2544 3171 2640 3224 Sn-

1615 3262 1804 3303 turnus
1823 3290 1839 3316 ,
1859 3249 1988 3322 quis
2013 3249 2114 3300 sub
2136 3267 2202 3301 eo
2229 3247 2472 3302 homines
2493 3249 2640 3301 omni

1615 3345 1746 3382 curs
1771 3336 1824 3381 et
1848 3339 1992 3381 metu
2031 3326 2187 3381 vacui
2221 3327 2427 3400 degisse
2445 3325 2638 3382 dieun-

1615 3419 1717 3462 tur.
1747 3406 1912 3463 Ovid.
1936 3407 2154 3460 Metam.
2176 3407 2204 3460 1
2221 3444 2238 3470 ,
2257 3425 2359 3478 99,
2381 3405 2452 3460 de
2475 3424 2639 3462 sures

1613 3498 1794 3542 atate:
1825 3513 1852 3534 α
1869 3488 1984 3542 sine
2018 3486 2202 3541 militis
2226 3505 2326 3541 usu
2351 3487 2532 3541 Mollis
2556 3505 2638 3542 se·

1614 3584 1753 3622 curte
1775 3567 2096 3638 peragebant
2111 3567 2218 3620 otia
2241 3577 2421 3639 gentes
2437 3593 2481 3618 a.
2515 3566 2638 3620 Csl-

1613 3666 1771 3720 purn.
1801 3647 1863 3711 1,
1895 3653 1998 3711 42:
2039 3647 2254 3700 «Aurea
2293 3663 2478 3700 secura
2513 3663 2636 3698 cum

1613 3745 1750 3799 pace
1773 3725 2070 3780 renascitur
2089 3737 2215 3780 otas
2231 3751 2277 3778 n.
2317 3727 2440 3798 Ipse
2461 3723 2640 3779 Satur-

1613 3825 1714 3860 nus
1732 3818 1956 3860 vocatur
1965 3825 2144 3858 aur-eus
2156 3803 2411 3878 Virgilio,
2431 3803 2633 3876 Georg-

1611 3886 1690 3950 11,
1711 3883 1996 3940 538.-—Bx
2019 3885 2124 3940 hoc
2142 3903 2222 3938 vs.
2237 3883 2488 3938 Bsrthius
2503 3923 2518 3950 ,
2545 3901 2638 3937 ne·

1610 3965 1720 4019 scio
1739 3983 1848 4038 qun
1865 3965 2076 4018 ratione
2095 3975 2270 4018 motus
2286 3962 2636 4035 ,scriptorem

1609 4047 1778 4098 AEtnoe
1797 4043 2156 4098 Christianum
2175 4042 2513 4116 conjiciebat.
2527 4042 2634 4096 En.
