2975 4684
1283 401 1498 472 AETN
1515 405 1596 470 A.

476 523 679 613 Quod
715 525 771 593 si
808 523 979 594 forte
1010 523 1187 594 cavis
1229 539 1580 594 cunctatus
1619 524 1902 594 vallibus
1932 525 2150 610 haesit,

2377 407 2502 501 ¹47

474 639 730 729 Utpote
767 633 1121 728 inaequales
1154 632 1427 704 volvens
1470 635 1890 730 pez-pascitur
1929 658 2164 730 agi-OS,

472 744 851 838 Ingeminat
882 743 1123 812 fluctus
1160 758 1228 811 et
1262 744 1592 814 stantibus
1629 745 1932 840 increpat
1970 745 2166 816 undis
2195 772 2212 816 :

473 852 659 924 Sicut
694 879 905 949 quum
942 879 1149 926 curvo
1182 855 1489 950 rapidum
1533 881 1716 928 mare
1745 857 2046 928 cernitur
2075 871 2268 944 aestu,

474 965 571 1033 Ae
612 965 906 1058 primum
950 966 1169 1036 tenuis
1204 966 1389 1034 sinus
1422 965 1632 1061 exigit
1667 965 2051 1052 ulteriore5‚
2436 993 2516 1042 «³90

376 1133 461 1188 Sic
478 1135 703 1202 adiutare
724 1145 945 1207 usurpat
972 1133 1187 1187 Gratius
1207 1173 1223 1198 ,
1262 1134 1399 1206 Cyn.

378 1232 427 1264 v.
456 1211 587 1278 405:
618 1237 643 1260 ι
662 1225 715 1265 et
744 1213 967 1286 magieis
1000 1213 1245 1286 adjutant
1270 1232 1399 1268 can·-

372 1291 517 1346 tibus
542 1291 737 1345 herbas
757 1318 783 1338 n
800 1330 817 1357 ,
848 1305 907 1346 ut
932 1293 1117 1366 primm
1145 1292 1403 1348 editiones

375 1371 577 1444 legunt.
606 1371 909 1446 Siliusqltal.
937 1375 1073 1439 vn,
1102 1373 1235 1438 354:
1266 1371 1401 1426 «ad-

368 1454 499 1527 jutae
516 1451 857 1524 pinguescere
875 1451 1099 1506 flammas
1122 1454 1335 1524 Ompere
1348 1479 1401 1518 n,

376 1532 445 1586 ad
470 1549 631 1604 quem
650 1535 828 1583 locum
852 1531 1111 1586 videndus
1133 1531 1398 1586 Heinsius.

444 1613 571 1676 486.
600 1614 865 1664 cauatam
887 1615 1122 1665 vallibus.
1155 1611 1402 1666 Absurde

371 1693 555 1766 legunt
581 1690 814 1762 antiquo
840 1694 1068 1753 vasibus,
1092 1709 1215 1745 nam
1236 1696 1399 1744 valles

371 1791 511 1824 σανα
526 1789 555 1823 a
574 1770 759 1841 poetis,
772 1781 832 1821 ut
848 1769 957 1833 hic,
974 1770 1395 1842 dicuntur.Virg.

370 1849 566 1922 Georg.
586 1850 663 1912 11,
686 1849 821 1914 390:
850 1874 877 1895 α
894 1849 1189 1921 Implentur
1206 1850 1399 1904 valles-

372 1949 479 2002 que
503 1947 649 1984 σενι·
674 1927 943 2000 saltusque
966 1928 1223 2002 profundi
1256 1951 1303 1983 ι.
1328 1959 1399 1970 --

298 2020 305 2024 ’
375 2015 640 2064 anetam
666 2007 707 2062 i.
734 2026 784 2062 e.
810 2020 1049 2062 retentus
1063 2051 1078 2077 ,
1102 2022 1155 2063 et
1180 2010 1399 2063 conclu-

368 2109 461 2146 sus
476 2089 643 2155 valle,
666 2105 834 2159 usque
856 2085 985 2142 dum
1008 2087 1398 2162 impleverit.—

371 2170 593 2224 Crusius
634 2169 691 2222 in
732 2168 957 2222 Probat».
1002 2169 1136 2222 Crit.
1184 2189 1300 2242 cap.
1340 2188 1396 2240 9,

370 2250 497 2323 legit
520 2255 783 2302 &necatus
794 2249 1047 2317 faucibus.
1082 2249 1186 2302 Sed
1228 2261 1363 2302 errat
1378 2285 1395 2312 ‚

369 2329 593 2402 quando
618 2329 712 2382 hic
737 2330 932 2398 spin'ms
958 2329 1255 2403 subjeetum
1286 2347 1397 2383 esse
1436 2365 1443 2372 ·

369 2420 539 2481 putat.
565 2411 701 2465 Nam
730 2407 799 2462 de
826 2429 973 2462 amne
992 2406 1397 2479 intelligendum

370 2501 449 2543 est
464 2527 481 2554 ,
506 2489 603 2562 qui
624 2488 895 2562 precedit.
922 2489 1029 2542 En.

442 2569 568 2640 487.
608 2571 917 2638 Perpaseimr
953 2587 1133 2636 agros,
1160 2568 1195 2620 i.
1228 2585 1273 2620 e.
1298 2587 1397 2640 per

371 2666 529 2719 agros
546 2649 804 2721 pascitur,
838 2661 899 2702 ut
918 2667 1005 2718 ap.
1021 2648 1177 2718 Virg.
1198 2648 1393 2719 Georg.

372 2728 459 2792 11,
485 2730 587 2794 432
610 2765 627 2792 ,
654 2737 983 2800 cpascuntur
1006 2727 1155 2797 ignes
1182 2738 1399 2779 noctur·

370 2807 430 2860 ni
452 2831 475 2854 ι
493 2845 512 2872 ,
534 2818 587 2860 et
606 2811 729 2860 AEn.
752 2809 808 2860 11
826 2845 843 2871 ,
866 2807 1001 2870 684,
1022 2804 1277 2858 «flamme
1298 2807 1398 2858 cir·

368 2905 497 2940 cum
512 2899 753 2959 tempora
770 2886 1004 2957 pascitur
1016 2911 1061 2938 n.
1082 2883 1225 2937 Vide
1240 2903 1399 2956 supra

368 2983 509 3028 vers.
534 2972 659 3030 444.
682 2967 879 3018 Anton.
904 2969 967 3017 de
984 2969 1121 3030 Boos
1140 2963 1228 3017 hic
1250 2963 1400 3016 malit

371 3048 663 3115 depasciam
688 3062 811 3097 mox
840 3045 993 3096 etiam
1014 3045 1299 3111 per-labium

445 3127 569 3191 488.
608 3127 1123 3194 Ingeminatfluceus‚
1154 3123 1193 3175 i.
1224 3141 1269 3176 e.
1298 3141 1396 3177 au·

372 3217 525 3276 getur
574 3203 971 3276 superveniente
995 3221 1154 3256 novo.
1174 3203 1300 3255 Vid.
1330 3201 1399 3256 sd

370 3302 509 3340 vers.
533 3284 695 3338 56.—
710 3291 942 3352 Increpat
954 3286 1101 3335 undis
1116 3321 1133 3344 ‚
1154 3281 1395 3336 incidens

372 3383 496 3418 cum
533 3364 713 3419 sonitu
740 3363 965 3435 impellit
993 3361 1361 3417 antecedentes
1378 3398 1394 3426 ,

374 3456 427 3496 et
440 3445 597 3516 qnasi
618 3443 900 3516 indignans
917 3443 1144 3515 imperat
1159 3478 1176 3505 ‚
1196 3453 1257 3494 ut
1277 3459 1399 3514 pro-

370 3534 571 3594 petent.
594 3521 721 3576 vid.
758 3541 893 3575 vers.
916 3524 1007 3574 62.
1022 3519 1193 3574 —Sic
1209 3520 1397 3574 Florus

372 3604 401 3656 1
417 3641 434 3666 ,
458 3621 485 3656 1
508 3641 526 3667 ,
552 3604 617 3657 8:
642 3629 668 3648 «ι
684 3603 849 3675 Cujus
868 3600 1037 3671 (valli)
1058 3599 1189 3654 dum
1212 3599 1398 3654 irridet

372 3681 643 3754 angustias
682 3684 875 3735 Remus
889 3722 906 3748 ,
952 3680 1115 3752 idque
1156 3679 1399 3753 increpat

371 3763 509 3817 saltu
526 3789 571 3815 ιι.
590 3761 701 3814 Ubi
716 3761 957 3816 Graevius
972 3777 986 3813 t
1002 3763 1258 3827 increpare
1270 3765 1397 3811 saltu

372 3854 451 3896 est
493 3840 837 3896 transiliendo
882 3840 1161 3896 ostendere
1177 3879 1193 3904 ,
1224 3857 1399 3909 repre-

368 3921 535 3976 hendi
554 3920 661 3976 hoc
679 3921 875 3974 vallum
900 3934 952 3973 et
973 3920 1258 3981 contemni,
1276 3919 1400 3971 licet

1485 1153 1549 1188 ea
1563 1132 1912 1188 traducuntur
1925 1135 1991 1187 ad
2007 1154 2111 1202 res,
2127 1153 2220 1190 seu
2235 1135 2388 1191 facta.
2403 1137 2511 1192 En.

1559 1217 1678 1284 489.
1699 1220 1850 1267 Ουννο
1863 1219 2086 1285 rapidum
2101 1231 2240 1269 oesaa.
2255 1218 2390 1272 Scal.
2410 1237 2512 1269 cur-

1488 1315 1596 1348 vum
1625 1311 1794 1348 oesmm
1811 1294 1988 1349 vocari
2015 1295 2307 1364 existimat,
2341 1315 2510 1370 quum

1487 1373 1663 1428 adhue
1687 1394 1796 1428 non
1822 1380 2112 1449 κορύσσεται
2127 1375 2212 1429 vel
2233 1381 2512 1450 κορθύεται,

1488 1452 1581 1506 sed
1609 1454 1762 1508 curvi
1789 1454 1952 1507 maris
1981 1452 2158 1508 adhue
2199 1455 2388 1510 faciem
2425 1476 2510 1510 re-

1486 1534 1637 1588 tinet.
1677 1533 1782 1588 sed
1817 1551 1848 1586 e
1883 1535 2222 1605 sequentibus
2259 1547 2406 1606 patet
2427 1577 2444 1602 ,
2479 1556 2514 1590 a

1485 1623 1640 1685 poeta
1667 1623 1852 1668 oestum
1880 1613 2040 1666 maris
2067 1631 2176 1666 non
2205 1616 2513 1687 tranquilli,

1485 1691 1580 1745 sed
1615 1692 1784 1746 inflati
1823 1705 1875 1746 et
1911 1691 2161 1746 fluetibus
2200 1695 2380 1766 agitati
2419 1693 2514 1748 de-

1484 1772 1662 1826 scribi.
1689 1771 1937 1826 Gorallus
1963 1792 2158 1825 eur-vum
2185 1772 2291 1827 dici
2327 1787 2515 1847 putat,

1486 1852 1608 1923 quia
1637 1870 1799 1905 curva
1828 1851 1983 1906 litora
2011 1852 2176 1906 alluit.
2203 1857 2248 1904 A
2285 1873 2393 1926 quo
2415 1874 2512 1909 ve-

1484 1931 1758 1984 hementer
1772 1929 2010 1984 dissentit
2026 1931 2342 1984 Menkenins
2361 1933 2511 1990 Misc.

1486 2010 1630 2082 Lips.
1659 2029 1781 2062 nov.
1807 2010 2062 2082 vol-V,p.
2096 2009 2197 2074 345
2215 2048 2230 2072 ,
2255 2024 2307 2064 et
2334 2025 2512 2066 osten·

1484 2087 1566 2142 dit
1581 2127 1596 2155 ‚
1615 2089 1689 2142 ita
1709 2089 1814 2142 dici
1833 2099 2102 2161 propterea
2117 2126 2134 2155 ,
2155 2091 2300 2163 quod
2321 2091 2512 2147 fluctus

1484 2180 1614 2222 {estu
1657 2169 1818 2222 maris
1855 2169 2060 2222 excitati
2097 2187 2316 2223 curvam
2345 2173 2513 2226 oculis

1482 2248 1706 2318 speciem
1737 2248 1999 2318 praebent,
2021 2259 2072 2300 et
2096 2267 2290 2302 curvos
2317 2250 2516 2305 habent

1484 2328 1650 2379 sinus.
1699 2327 1764 2380 In
1809 2330 2024 2378 cernitur
2065 2327 2316 2381 Gon-allus
2357 2342 2514 2402 putat

1483 2405 1848 2478 metaphoram
1871 2423 1985 2458 esse
2018 2425 2047 2458 a
2075 2405 2254 2460 cribro
2287 2409 2512 2462 transla-

1482 2498 1590 2540 tam
1607 2522 1622 2548 ,
1642 2485 1768 2557 quia
1786 2503 1934 2538 mare
1955 2485 2010 2538 in
2031 2485 2186 2539 alveo
2202 2488 2376 2540 ventis
2393 2489 2512 2560 pul·

1482 2585 1602 2620 sum
1629 2566 1784 2618 litora
1811 2564 1938 2617 hinc
1963 2578 2124 2636 atque
2147 2565 2298 2618 illine
2321 2568 2512 2620 verbe·

1482 2657 1596 2710 rat,
1626 2655 1684 2695 ut
1702 2680 1717 2705 ,
1743 2661 1864 2714 quae
1893 2643 2217 2709 cribrantur,
2243 2644 2513 2715 agitantur

1481 2724 1538 2777 in
1558 2723 1750 2777 cribro.
1773 2723 1886 2793 Ego
1906 2722 2045 2775 hanc
2067 2723 2431 2794 metaphoram
2453 2726 2511 2778 in

1483 2801 1722 2875 sequenti
1755 2805 2049 2854 subeor-nem
2078 2801 2292 2873 quidem
2319 2805 2476 2858 video
2494 2846 2510 2871 ,

1482 2883 1572 2935 bic
1612 2893 1790 2937 autem
1833 2881 1950 2934 sine
1989 2881 2298 2936 necessitate
2342 2886 2514 2954 qum-i

1484 2961 1742 3016 existimo.
1765 2958 2047 3012 Dorvillius
2071 2961 2176 3012 hoc
2197 2965 2413 3014 cernitur
2431 2965 2515 3016 ni·

1482 3043 1577 3096 hili
1603 3060 1717 3096 esse
1743 3039 2083 3112 pronuntiat,
2103 3039 2285 3112 illique
2308 3048 2516 3096 erudiem-

1484 3122 1772 3175 substituit.

1555 3203 1862 3270 49o.Temaeis
1885 3203 2022 3252 sinus
2045 3202 2208 3269 esc-igit
2223 3203 2475 3254 ulteriores
2492 3240 2508 3267 ,

1482 3281 1560 3334 sic
1610 3293 1751 3333 recte
1799 3279 1962 3333 edidit
2005 3279 2255 3334 Gor-allus
2279 3318 2294 3344 ,
2333 3299 2511 3354 neque

1484 3371 1683 3424 tamen,
1699 3359 1842 3413 unde
1853 3359 2066 3422 habeat,
2083 3359 2353 3414 indicavit.
2369 3361 2511 3415 Nam

1484 3459 1690 3502 omnes,
1711 3453 1970 3513 quotquot
1987 3441 2182 3496 adsunt
2198 3441 2343 3506 libri,
2361 3457 2511 3493 men·-

1484 3520 1616 3574 dose
1651 3521 1888 3576 offerunt
1923 3525 2059 3574 sinus
2098 3525 2208 3589 agie
2245 3522 2511 3572 ulter-iores.

1485 3599 1718 3672 Scaliger
1745 3602 1960 3672 corrigit
1978 3620 1992 3654 :
2009 3607 2088 3652 Ae
2107 3604 2319 3670 primum
2342 3614 2514 3652 tenues

1484 3684 1690 3732 sinnam
1745 3684 1810 3731 eit
1847 3684 2086 3732 Mulciber
2129 3683 2266 3730 orbes
2277 3715 2293 3739 ,
2320 3695 2513 3751 nempe

1486 3759 1631 3812 hune
1657 3778 1794 3812 vers.
1821 3772 1938 3832 post
1964 3761 2066 3829 487
2093 3757 2329 3828 subjicit,
2346 3768 2514 3811 mns-

1484 3841 1747 3912 positione
1778 3859 1889 3892 non
1921 3837 2218 3912 probanda.
2242 3867 2310 3877 —
2335 3841 2513 3891 Tenuis

1487 3923 1622 3972 sinus
1661 3933 1740 3972 est
1775 3919 1968 3972 fluctus
2002 3917 2228 3970 tenuiter
2261 3929 2514 3974 curvatus

369 4002 516 4054 nulla
561 4000 759 4054 vocula
795 4011 1155 4072 contemptum
1192 4016 1299 4069 prae
1344 4015 1403 4051 se
1493 4001 1578 4053 vel
1613 4001 1872 4054 sinuatus.
1909 4000 2010 4052 Hic
2038 4001 2200 4065 exigit
2224 4001 2476 4050 ulteriores
2496 4037 2512 4061 ‚

368 4081 547 4134 ferens
570 4079 861 4134 emittatur.
894 4081 1133 4132 Venuste
1161 4077 1405 4130 meliores
1495 4081 1627 4134 alios
1689 4079 1995 4132 remotiores
2055 4078 2204 4150 pellit
2243 4077 2516 4150 magisque

367 4159 513 4233 apud
532 4161 969 4233 scriptores‚quae
990 4170 1114 4214 sunt
1130 4157 1407 4222 orationis,

1497 4157 1746 4213 extendit.
1775 4161 1970 4212 Confer
1995 4177 2129 4213 vers.
2158 4160 2272 4212 180.
2299 4158 2516 4211 Gorallo

2163 4274 2182 4317 l
2199 4272 2266 4318 Ο.
