2975 4684
455 369 598 454 426

1290 377 1744 450 LICENTII

545 491 718 562 Solis
749 517 931 580 eras,
955 519 1166 588 quum
1205 511 1270 564 te
1307 499 1479 567 ratio
1513 497 1963 593 pulcherrima
2003 503 2234 572 mundi
2256 557 2277 590 ,

555 602 786 672 Ditior
815 605 1146 698 imperiis,
1187 623 1254 676 et
1285 623 1555 678 nectare
1590 609 1851 680 dulcior
1877 614 2100 694 omni,

549 714 937 807 Corripuit,
973 717 1338 811 statuitque
1369 743 1656 812 vagum,
1702 722 2053 816 medioque
2086 721 2363 813 locavit,

547 824 882 894 Omnibus
922 825 1100 894 unde
1141 828 1348 898 aciem
1391 841 1621 922 posses
1658 831 2004 902 intendere
2042 835 2261 903 rebus.
2534 867 2589 908 s.

550 937 613 1003 O
649 933 858 1020 bone,
885 961 1086 1030 carpe
1121 936 1250 1006 iter
1283 963 1619 1008 annorum
1638 993 1658 1028 ‚
1690 942 2021 1034 sapientia
2058 957 2387 1036 quantum

544 1045 800 1114 Crescit
834 1069 1062 1114 amore
1099 1049 1236 1134 sui,
1273 1049 1618 1118 inveniens
1656 1076 1829 1121 nova
1864 1051 2163 1122 culmina
2198 1079 2481 1149 semper.

539 1161 748 1252 Perge
785 1161 995 1246 viam,
1027 1185 1162 1254 qua
1193 1177 1260 1230 te
1295 1161 1555 1233 soboles
1594 1165 1908 1258 praeclara
1940 1169 2266 1238 Tonantis

539 1269 888 1352 Perducit‚
918 1284 1221 1341 sternens
1258 1273 1328 1339 in
1359 1272 1595 1366 planos
1632 1274 1843 1344 ardua
1876 1301 2169 1370 campoS.

537 1384 628 1450 Et
668 1403 878 1473 quum
917 1378 1227 1450 luciferos
1260 1383 1625 1477 praecordia
1670 1409 1897 1480 vesper
1936 1387 2004 1454 in
2044 1401 2236 1456 ortus
2449 1473 2457 1476 -
2531 1409 2588 1456 4⁵

537 1489 934 1578 Distulerit,
965 1507 1403 1586 sanctumque
1437 1519 1636 1588 super
1679 1495 2097 1564 benedixeris
2134 1497 2385 1591 ignem,

537 1602 640 1670 Sis
683 1626 940 1670 memor
975 1603 1116 1696 ipse
1147 1604 1316 1671 mei:
1351 1603 1651 1672 bibulam
1690 1606 1806 1699 qui
1844 1604 2091 1699 ponitis
2126 1629 2357 1674 aurem

511 1832 595 1904 37.
657 1841 814 1901 Quum
865 1849 914 1886 te
957 1837 1085 1886 ratio
1134 1838 1462 1902 pulcherrima

437 1915 621 1964 mendi.
643 1913 794 1974 Dicit,
811 1915 1160 1986 Augustinum
1181 1927 1292 1966 tum
1313 1915 1464 1987 quasi

438 1993 668 2063 primum
705 1993 928 2063 gradum
969 1994 1154 2046 secisse
1195 1994 1463 2066 sapientia

437 2084 490 2122 et
536 2071 790 2125 doctrinm
851 2073 1065 2144 publice
1117 2071 1428 2144 profitenda
1449 2114 1464 2138 ,

435 2169 600 2222 quum
637 2153 906 2222 inquirere
939 2154 1196 2206 rationem
1232 2153 1464 2224 pulchri-

435 2229 633 2283 tudinis
653 2232 906 2300 coepisset,
923 2250 1046 2303 quae
1061 2231 1166 2285 hoc
1183 2232 1240 2283 in
1260 2231 1462 2284 mundo

433 2309 708 2380 reperitur.
733 2310 962 2363 Videtur
999 2313 1260 2382 respicere
1297 2311 1462 2368 libros

433 2389 713 2459 Augustini
737 2389 804 2442 de
819 2389 1052 2442 Pulchro
1072 2403 1122 2443 et
1140 2393 1305 2463 Apte,
1324 2411 1460 2461 quos

349 2524 355 2530 ἡ
433 2465 502 2518 ad
523 2467 758 2520 Hierium
775 2507 792 2534 ,
833 2471 1082 2522 Romamn
1108 2470 1253 2529 uubis
1279 2482 1458 2524 orato-

433 2564 546 2598 rem
567 2584 582 2608 ,
605 2545 814 2617 scripsit.
827 2589 841 2612 ,
858 2567 1022 2618 quum
1045 2561 1180 2601 esset
1193 2560 1344 2602 aetate
1363 2567 1460 2601 an·

433 2642 624 2677 norum
657 2627 878 2681 fortasse
905 2626 1088 2696 viginti
1124 2646 1214 2680 sex
1249 2640 1342 2683 aut
1379 2647 1458 2680 se-

435 2716 578 2774 ptem
597 2745 612 2769 ,
653 2717 712 2758 ut
735 2705 850 2776 ipse
877 2717 1134 2758 memorat
1158 2744 1174 2769 ,
1211 2707 1454 2762 Confess-

431 2783 523 2837 lib.
547 2786 644 2850 IV,
677 2803 790 2854 cap.
819 2784 896 2838 15.
938 2784 1006 2836 Hi
1041 2797 1218 2838 autem
1247 2786 1456 2840 interci-

430 2860 622 2917 derant
639 2905 654 2929 ,
693 2883 858 2937 quum
917 2865 1286 2919 confessiones
1333 2886 1456 2922 suas

431 2943 682 2997 scriberet
700 2965 714 3010 ;
737 2963 834 2998 nec
848 2943 992 3015 quod
1009 2945 1325 3016 scripsisset,
1341 2946 1455 3018 ipse

429 3025 763 3092 meminerat,
792 3037 852 3078 ut
879 3025 1040 3078 refert
1068 3024 1102 3077 l.
1127 3044 1172 3078 c.
1193 3043 1307 3096 cap.
1337 3028 1417 3088 13,

503 3104 586 3170 39.
618 3108 888 3172 Stacuicq110
913 3123 1103 3173 vagum
1117 3143 1134 3166 ‚
1175 3117 1332 3158 antea
1370 3125 1454 3158 er-

427 3195 630 3235 rantem
652 3221 667 3245 ,
698 3184 868 3238 levem
895 3197 947 3237 et
977 3184 1335 3250 incuriosum,
1369 3183 1455 3240 de-

425 3261 536 3312 fixit
573 3262 628 3314 in
671 3282 727 3316 se
746 3302 761 3326 ,
797 3265 1082 3318 consistere
1101 3265 1256 3337 jussit
1293 3278 1348 3316 et
1375 3277 1454 3317 at-

426 3340 658 3394 tendere.
697 3343 784 3396 Sic
810 3343 1083 3398 paullinus
1111 3345 1168 3397 in
1188 3345 1362 3396 Carm.
1384 3343 1454 3398 ad

422 3421 750 3488 Licentium‚
786 3423 946 3493 Epist.
977 3443 1136 3478 xxxx:
1178 3449 1204 3472 e·
1221 3424 1451 3480 Pulchra

423 3500 666 3572 quidem,
707 3501 800 3554 sed
839 3503 974 3572 mira
1001 3503 1147 3572 vagis
1174 3504 1450 3575 praesentia

419 3597 598 3632 rerum
643 3578 940 3647 Mentibus,
988 3595 1043 3634 at
1081 3583 1292 3654 sapiens
1339 3602 1448 3636 non

422 3669 599 3731 stupet
627 3660 725 3712 ista
753 3659 958 3713 animus
987 3685 1032 3714 ι.

489 3746 573 3803 41.
615 3745 768 3806 carpe
789 3743 880 3791 iter
899 3759 1170 3802 annorum,
1201 3744 1448 3808 sapiencia

417 3834 668 3886 quantuni.
691 3820 777 3874 Sic
799 3838 962 3891 supra
991 3819 1228 3872 carmine
1245 3819 1326 3872 lx
1349 3819 1448 3872 hu·

411 3901 500 3969 jus
523 3898 684 3965 tomi,
713 3918 767 3951 v.
795 3917 880 3967 17,
905 3919 962 3972 p.
987 3901 1122 3968 349:
1159 3923 1181 3944 ι
1203 3917 1444 3952 crescens

416 3977 570 4030 annis
591 3979 880 4049 sapientior
900 3991 1022 4031 aetas
1047 4003 1087 4032 ι.

485 4062 567 4116 4²·
607 4059 866 4108 Inveniem
901 4077 1028 4110 nova
1061 4061 1280 4110 culmum
1315 4079 1444 4108 sem-

405 4151 514 4201 per,
539 4132 764 4186 arduum
785 4135 914 4206 quid
935 4147 984 4188 et
1007 4137 1230 4192 sublime
1249 4175 1264 4201 ,
1293 4137 1442 4211 quod

1553 1837 1809 1908 attingere
1832 1849 1885 1890 et
1908 1857 2153 1909 superare
2184 1837 2413 1902 laboret,
2436 1851 2487 1890 et
2521 1838 2581 1890 in

1555 1933 1663 1986 quo
1682 1916 1923 1968 emineat.

1622 1996 1706 2057 43.
1730 1999 1923 2047 Sabota
1945 1997 2197 2063 pra-clares
2218 1997 2471 2046 Tonantis.
2490 1996 2579 2050 Sic

1550 2073 1804 2127 Prudent.
1844 2074 2035 2146 Apoth.
2070 2093 2199 2145 171:
2240 2099 2263 2122 ι
2286 2074 2452 2127 Filius
2488 2075 2579 2128 ilie

1549 2151 1804 2220 hominis,
1834 2155 1928 2208 sed
1955 2154 2095 2206 filins
2114 2153 2203 2206 ille
2214 2152 2475 2206 Tonantis
2498 2179 2542 2206 υ.

1620 2240 1707 2298 44.
1730 2239 1961 2286 Scor-nens
1979 2237 2029 2285 in
2039 2238 2223 2302 planos
2242 2237 2407 2284 ardua
2436 2252 2578 2284 cam-

1538 2331 1655 2378 pos.
1700 2313 1932 2383 Respicit
1972 2313 2135 2366 verba
2178 2329 2341 2364 sacrm
2384 2309 2579 2381 Script.

1548 2391 1673 2445 Luc.
1695 2392 1777 2444 111
1797 2431 1813 2458 ,
1842 2391 1904 2444 5:
1928 2417 1951 2438 ι
1974 2391 2161 2444 Omnis
2179 2402 2232 2442 et
2246 2389 2401 2443 vallis
2428 2409 2578 2442 com-

1545 2470 1793 2540 plebitur,
1822 2483 1875 2522 et
1916 2489 2069 2523 mons
2110 2469 2363 2540 collisque
2396 2468 2577 2540 depri-

1546 2561 1737 2615 metur,
1763 2563 1818 2602 et
1842 2567 2044 2622 asperae
2063 2548 2161 2601 viae
2186 2547 2495 2620 redigentur
2517 2549 2575 2600 in

1544 2629 1729 2698 planas
1750 2657 1791 2683 υ.

1614 2707 1699 2772 45.
1733 2715 1797 2764 Et
1828 2729 1977 2776 quum
2010 2711 2239 2778 lucifero-5
2269 2711 2574 2775 pra-cordia.

1542 2786 1853 2858 Legendnm
1871 2787 2099 2840 arbitror
2116 2789 2395 2856 praemia,
2424 2787 2575 2858 quod

1540 2866 1695 2920 latius
1713 2865 2047 2934 demonstro,
2066 2879 2119 2920 et
2142 2885 2355 2920 sensum
2378 2865 2571 2921 horum

1540 2963 1791 3004 versuum
1813 2944 2023 3008 declaro
2048 2947 2103 2998 in
2122 2946 2363 3000 Excursu
2386 2965 2573 3000 secun-

1541 3024 1611 3078 do
1638 3023 1707 3078 ad
1735 3026 1933 3078 calcem
1958 3025 2117 3097 hujus
2137 3025 2401 3077 carminis.

1614 3111 1699 3174 47.
1744 3107 1967 3156 Bibulum
2004 3107 2091 3172 qt'u'
2138 3106 2321 3171 ponin‘s
2378 3125 2568 3157 aurern.

1540 3183 1883 3254 Adloquitur,
1910 3183 2003 3254 qui
2038 3183 2095 3236 in
2135 3183 2295 3236 veteri
2338 3184 2569 3237 Ecclesia

1540 3262 1873 3328 dicebantur,
1912 3262 2187 3316 audientes
2226 3277 2279 3316 et
2316 3261 2571 3318 catechu-

1540 3360 1761 3405 menos;
1803 3341 2025 3414 phrasin
2072 3342 2221 3414 petiit
2269 3362 2299 3396 e
2344 3341 2532 3396 Persio
2552 3381 2569 3406 ,

1538 3421 1644 3476 Sat.
1668 3421 1769 3483 IV,
1796 3423 1863 3475 50
1880 3461 1895 3487 ,
1923 3446 1945 3468 ι
1965 3421 2339 3494 Nequidquam
2364 3424 2569 3494 populo

1538 3501 1747 3554 bibulas
1769 3499 2051 3555 donaveris
2078 3519 2233 3554 aures
2248 3527 2274 3547 ι·
2298 3513 2385 3564 ;et
2407 3502 2565 3554 ovid.

1535 3579 1694 3634 Trist.
1734 3580 1818 3632 111
1834 3617 1849 3643 ,
1886 3580 1915 3634 5
1934 3617 1949 3643 ,
1983 3589 2045 3645 14
2068 3621 2083 3646 ,
2115 3581 2313 3634 «verba
2344 3580 2566 3632 auribus

1536 3660 1750 3714 bibere·
1788 3657 1937 3712 dicit.
1976 3661 2113 3725 Quia
2146 3661 2391 3730 superius
2424 3659 2567 3711 affir-

1536 3751 1770 3794 maverat
1783 3781 1799 3806 ‚
1838 3759 1895 3792 se
1922 3739 1990 3792 ad
2016 3741 2287 3804 meliorem
2316 3741 2373 3792 in
2400 3741 2565 3794 rebus

1535 3818 1730 3873 divinis
1784 3820 2091 3892 sapientiam
2146 3820 2416 3893 adspirare
2438 3857 2455 3882 ‚
2512 3833 2564 3874 et

1534 3901 1919 3970 Augustinum,
1960 3913 2019 3954 ut
2066 3902 2119 3954 in
2172 3899 2420 3972 precibus
2462 3918 2563 3971 pro

1534 3979 1929 4033 catechumenis
1950 3981 2029 4034 sui
2052 3998 2255 4034 memor
2276 3991 2411 4032 esset
2436 4017 2451 4042 ,
2472 3997 2565 4030 ro-

1534 4071 1777 4129 gaverat,
1798 4076 1941 4112 nunc
1965 4061 2162 4114 affectu
2184 4057 2419 4130 quodam
2443 4077 2559 4130 per-

1534 4149 1709 4196 motus
1748 4138 1889 4208 ipsos
1927 4141 2337 4196 catechumenos
2374 4139 2427 4190 in
2470 4155 2560 4190 ec·
