2975 4684
1158 321 1296 388 AD
1359 317 1765 390 AENEAM.

2396 317 2533 390 363

493 440 838 535 Navifragi
873 455 1048 510 tacet
1081 441 1262 512 unda
1294 441 1448 527 sali,
1481 465 1607 510 nec
1640 455 2019 510 murmurat
2050 445 2317 526 Auster,

492 555 634 624 Nec
669 552 916 622 flexum
951 553 1168 646 quatit
1211 577 1375 624 aura
1418 575 1657 622 nemus
1688 576 1705 622 ε
1742 575 1881 622 sua
1923 550 2147 622 taedia
2180 550 2373 623 solus

494 662 780 734 Fallere
813 669 1042 734 nescit
1065 688 1313 734 amor:
1352 663 1557 734 ramis
1593 659 1765 732 male
1800 659 2069 758 garrula
2110 661 2404 755 pendens

493 777 640 842 lam
678 770 1046 842 Philomela
1085 788 1289 862 tacet,
1323 774 1573 844 damno
1608 770 1781 842 male
1815 773 1991 842 victa
2030 771 2341 867 pudoris3

397 974 486 1028 hic
516 985 700 1027 auctor
727 973 983 1027 imitatur.
1017 976 1261 1026 Micamia
1297 991 1422 1046 pro·

395 1055 516 1126 prie
564 1051 818 1106 dicuutur
867 1052 1056 1106 sidera.
1105 1051 1382 1107 Lucretius
1403 1090 1419 1116 ‚

401 1132 570 1200 mm,
589 1153 644 1186 v.
671 1138 838 1198 1204:
861 1157 884 1180 ι
899 1134 1038 1186 Nam
1060 1149 1231 1205 quum
1259 1133 1424 1204 suspi-

398 1213 569 1266 cimus
594 1211 774 1286 magni
797 1211 1022 1266 calestia
1045 1210 1238 1266 mundi
1259 1212 1419 1266 Tem·

395 1291 485 1364 pla
547 1310 730 1363 super,
785 1291 1049 1364 stellisque
1103 1291 1422 1344 micantibus

395 1369 588 1424 athera
611 1371 782 1424 fixum
794 1397 840 1425 n.
863 1373 1056 1426 Seneca
1073 1409 1089 1435 ,
1109 1371 1272 1443 Herc.
1293 1369 1420 1424 Fur.

396 1469 450 1503 v.
483 1451 580 1505 125
604 1468 619 1502 ε
643 1451 797 1504 «Jam
839 1467 964 1504 rara
1003 1451 1201 1504 micant
1243 1449 1422 1504 sidera

395 1547 570 1602 prono
587 1528 866 1602 Languida
889 1529 1092 1584 mundo
1115 1555 1156 1582 ι.
1177 1531 1364 1585 Βυιιιι.

470 1611 554 1674 46.
582 1611 844 1679 Navffragi
873 1623 1006 1661 tacet
1026 1613 1164 1660 unda
1191 1611 1307 1662 sali.
1332 1609 1420 1663 Sic

397 1685 716 1742 emendavi:
755 1706 878 1742 uam
913 1687 1052 1742 male
1092 1693 1213 1742 salis
1246 1689 1305 1741 in
1329 1689 1421 1740 Di-

394 1767 541 1821 vion.
565 1767 727 1822 Salm.
757 1767 904 1822 Leid.
939 1766 1057 1822 cod.
1093 1769 1421 1838 Nan’fiugum

396 1851 557 1900 saliem
575 1887 592 1912 ,
623 1860 684 1901 ut
719 1867 892 1918 oeqnor
926 1849 1240 1916 navifragum
1276 1847 1420 1921 apud

393 1929 686 1993 Nasonem,
709 1927 829 1984 loco
849 1947 978 1982 sane
997 1927 1418 2000 corruptissimo,

394 2008 557 2064 Trist.
571 2009 647 2072 V,
678 2009 710 2061 8
729 2049 746 2076 ,
765 2011 889 2062 ‘nt
925 2007 1089 2062 «Vidi
1137 2027 1238 2080 ego
1273 2007 1422 2062 navi-

397 2087 552 2160 frago
591 2089 791 2160 piratas
828 2105 1040 2160 oequore
1077 2089 1246 2159 mergi
1265 2106 1322 2151 n;
1360 2099 1420 2140 ut

396 2166 614 2239 quidem
651 2186 712 2220 ex
734 2167 962 2239 vestigiis
989 2165 1234 2220 codicum
1259 2177 1416 2238 mspt.

397 2247 634 2300 tentabat
650 2246 900 2300 Heinsius
913 2247 994 2300 vel
1008 2248 1320 2317 navifragum
1337 2250 1422 2314 qui

398 2329 607 2388 riser-ae,
634 2325 781 2398 quod
803 2325 906 2379 alio
925 2325 1044 2379 loco
1063 2344 1151 2379 me
1173 2327 1423 2398 probasse

394 2405 633 2460 memini.
650 2405 756 2460 Sed
767 2405 902 2460 bene
920 2405 978 2459 F.
995 2406 1062 2458 O.
1080 2405 1424 2459 Menckenius

398 2485 454 2538 in
475 2485 699 2539 Miscell.
717 2485 864 2557 Lips.
889 2485 996 2538 vol.
1013 2486 1091 2537 IV
1099 2523 1116 2548 ,
1141 2495 1290 2556 parte
1307 2485 1392 2538 111
1407 2528 1423 2554 ,

397 2584 449 2636 p.
478 2565 582 2619 538
616 2577 668 2618 et
701 2565 803 2633 539
822 2602 838 2628 ,
877 2565 1177 2618 observavit
1195 2603 1210 2628 ,
1255 2585 1427 2631 oequor

397 2645 711 2713 navifragum
750 2645 922 2698 activo
959 2662 1117 2697 seusu
1157 2643 1296 2711 dici,
1314 2663 1425 2698 non

397 2723 526 2776 item
563 2725 820 2776 hominem'
845 2725 1158 2793 raas-{fragam
1183 2724 1389 2794 passive
1406 2762 1423 2788 ,

398 2802 490 2856 sed
510 2804 832 2871 naufragum,
857 2820 918 2855 ac
945 2801 1172 2874 proinde
1189 2802 1426 2858 Heinsia—

398 2881 480 2935 nis
497 2881 726 2954 vestigiis
744 2883 987 2936 insistens
1005 2883 1259 2949 tentabat,
1272 2882 1424 2938 «Vidi

397 2979 520 3032 ego,
538 2961 874 3034 naufragium
888 2961 1127 3034 quirisit‚
1141 2961 1196 3014 in
1214 2980 1425 3038 equore

399 3040 595 3112 mergi,
626 3053 729 3095 etc.
758 3041 1098 3094 -Βυιιιι-
1129 3027 1294 3107 Quod
1318 3042 1423 3095 hoc

400 3119 518 3173 loco
550 3139 688 3172 mare
722 3132 775 3174 et
801 3127 985 3174 Auster
1007 3131 1178 3174 tacere
1204 3121 1422 3185 dicitur,

399 3197 456 3250 id
487 3201 724 3292 pertinet
761 3198 829 3254 ad
861 3200 1103 3254 solennes
1133 3201 1298 3272 poetis
1331 3199 1423 3254 de-

399 3277 716 3370 scriptiones
740 3279 911 3332 noctis
929 3291 982 3332 et
996 3280 1248 3333 nocturni
1266 3279 1424 3334 silen-

399 3356 494 3422 tii,
519 3359 732 3429 qualem
757 3359 918 3411 etiam
939 3359 1101 3412 habet
1129 3371 1313 3413 auctor
1335 3360 1420 3413 ci.
1444 3357 1454 3376 '

396 3435 502 3500 ris,
533 3456 587 3490 v·
614 3439 748 3491 232:
786 3437 1092 3512 «Tempore
1117 3458 1226 3513 quo
1261 3441 1422 3494 fessas

398 3517 640 3569 mortalia
671 3528 888 3590 pectora
913 3536 1096 3584 curas,
1135 3519 1260 3585 Quo
1285 3521 1423 3592 rapi·

399 3593 496 3648 dos
517 3595 678 3649 etiam
701 3596 1038 3668 requiescunt
1063 3597 1283 3652 flumina
1302 3618 1425 3653 cur-

397 3691 488 3728 sus
511 3697 556 3726 υ.
578 3675 685 3729 En.

471 3754 557 3817 48.
585 3757 754 3806 Hamis
794 3761 930 3807 male
949 3761 1158 3825 garrula
1180 3761 1426 3825 pendens-

400 3831 522 3886 Non
552 3833 702 3887 aliter
726 3835 978 3888 extricare
1001 3837 1152 3910 potui
1181 3837 1421 3890 vitiosam

400 3925 451 3963 et
463 3923 706 3966 truncam
718 3913 1032 3970 schedarum
1043 3917 1425 3989 manuscriptu-

401 4009 532 4044 ram.
560 3993 622 4044 Iu
645 3993 761 4046 cod.
781 3993 985 4048 Divion.
1007 3995 1276 4067 legebatur
1300 4015 1422 4048 cum

398 4071 647 4126 asterisco
653 4076 826 4139 pn'mr's
843 4074 866 4100 *
883 4079 1118 4141 gerulam
1141 4095 1287 4128 mane
1298 4097 1421 4145 pen·

1509 977 1654 1025 dens.
1692 973 1755 1025 In
1786 972 1945 1026 Salm.
1978 983 2030 1024 et
2060 970 2211 1024 Leid-
2224 975 2361 1042 pinis
2374 991 2537 1042 garu-

1508 1056 1609 1103 lam
1642 1072 1789 1104 mane
1807 1056 2053 1121 pendens.
2092 1049 2253 1116 Quod
2290 1051 2334 1104 si
2374 1070 2533 1123 quem

1505 1129 1747 1185 offendat
1766 1135 1897 1184 malo
1908 1134 2134 1200 garrula,
2145 1130 2273 1202 quia
2294 1131 2536 1202 sequitur

1507 1215 1638 1264 male
1658 1213 1797 1264 victa
1813 1211 1933 1283 (pro
1950 1228 2059 1282 quo
2074 1209 2261 1264 vitiose
2274 1210 2330 1264 in
2347 1209 2535 1262 iisdem

1508 1289 1715 1344 schedis
1736 1295 1912 1363 picta)
1928 1328 1945 1356 ‚
1982 1288 2121 1342 illud
2148 1310 2297 1342 mane
2320 1309 2353 1343 a
2378 1301 2536 1362 poeta

1508 1368 1763 1424 adversus
1788 1383 2017 1425 metrum
2042 1369 2173 1443 poni
2200 1381 2395 1424 statuat
2413 1407 2429 1434 ,
2454 1371 2536 1424 vel

1508 1467 1571 1503 ex
1598 1469 1749 1503 ruane
1772 1450 2001 1524 trajectis
2030 1450 2197 1504 literis
2231 1461 2285 1503 et
2311 1447 2483 1502 deleta
2508 1470 2537 1502 e

1508 1530 1728 1582 rescribi
1763 1543 1943 1602 posset
1982 1533 2136 1582 ramis
2171 1549 2290 1582 nam
2323 1534 2536 1598 garrula

1501 1611 1752 1676 pendens,
1790 1608 1937 1679 quod
1971 1609 2215 1681 prefero.
2243 1609 2312 1661 Et
2346 1608 2537 1662 confir·

1507 1700 1616 1741 mat
1634 1689 1989 1760 conjecturam
2012 1689 2535 1760 meamVirgGeorg.

1508 1768 1609 1831 lv,
1641 1769 1774 1831 514:
1820 1793 1845 1816 ι
1863 1768 1977 1821 Flet
2000 1781 2209 1822 noctem
2230 1807 2247 1834 ,
2282 1785 2539 1838 ramoque

1508 1845 1696 1900 sedens
1754 1847 2054 1900 miserabile
2117 1865 2328 1901 carmen
2395 1848 2537 1900 Inte-

1508 1937 1624 1997 grat
1650 1951 1671 1972 n
1694 1944 1709 1991 ;
1739 1937 1791 1979 et
1808 1926 2007 1979 Seneca
2028 1966 2043 1993 ,
2069 1926 2228 1982 Herc.
2260 1928 2369 1979 fur.
2395 1930 2497 1991 146
2519 1943 2533 1978 ε

1510 2030 1532 2052 ι
1574 2003 1775 2060 Pendet
1826 2023 2037 2058 summo
2088 2005 2313 2059 stridula
2352 2023 2535 2072 ramo,

1506 2085 1821 2158 Pennasque
1846 2105 1987 2140 novo
2012 2085 2223 2140 tradere
2244 2087 2343 2139 soli
2368 2085 2541 2140 Gestit

1507 2167 1758 2238 querulos
1798 2165 1935 2219 inter
1982 2164 2137 2220 nidos
2165 2165 2390 2219 Thracia
2428 2165 2537 2238 pel-

1507 2246 1591 2298 lex
1610 2270 1650 2298 -.
1668 2245 1849 2299 Euan.
1874 2244 2100 2298 Difficile
2121 2255 2219 2310 est,
2239 2263 2269 2297 e
2286 2255 2539 2317 corrupta
2596 2261 2604 2268 ·

1507 2323 1669 2395 hujus
1728 2324 1832 2377 loci
1896 2324 2157 2396 scriptura
2214 2342 2392 2378 veram
2416 2347 2421 2354 ·
2459 2323 2537 2377 di-

1510 2401 1736 2456 ctionem
1772 2421 1971 2457 eruere.
1992 2405 2163 2457 Voces
2184 2407 2359 2474 primis
2390 2415 2443 2457 et
2454 2409 2540 2474 pi-

1510 2484 1605 2543 nis,
1630 2500 1748 2554 quae
1775 2483 1831 2536 in
1854 2483 2007 2538 codd.
2026 2497 2151 2537 sunt
2166 2525 2181 2551 ,
2214 2483 2437 2538 suadere
2454 2483 2536 2538 vi·

1512 2562 1726 2628 dentur,
1745 2575 1806 2615 ut
1825 2564 2057 2634 legamus
2067 2568 2249 2632 pennis
2266 2569 2397 2616 male
2414 2584 2537 2634 gar·

1514 2647 1623 2694 mla
1650 2647 1907 2710 pendens,
1946 2653 2005 2694 ut
2048 2642 2115 2696 de
2161 2644 2450 2696 Philomela
2486 2657 2539 2698 et

1512 2739 1692 2775 sorore
1752 2722 1807 2774 in
1856 2741 1978 2774 aves
2038 2723 2253 2776 mutatis
2282 2723 2537 2796 ‘loquitur

1512 2799 1669 2854 ovid.
1689 2799 1897 2853 Met.V1
1916 2841 1931 2866 ,
1956 2803 2059 2872 667
2080 2819 2094 2853 :
2129 2829 2154 2848 α
2172 2803 2409 2874 Corpora
2433 2803 2534 2855 Ce-

1512 2881 1790 2953 cropidum
1820 2881 2009 2952 pennis
2036 2881 2266 2952 pendere
2291 2893 2505 2953 putares
2520 2920 2535 2944 ,

1510 2959 1823 3014 Pendebant
1840 2959 2029 3032 pennis
2054 2986 2095 3012 n.
2132 2963 2331 3013 Rursus
2356 2980 2533 3023 mane,

1514 3040 1660 3114 quod
1686 3041 1739 3092 in
1770 3041 2025 3112 scriptura
2044 3039 2286 3094 codicum
2306 3053 2404 3105 est,
2430 3060 2539 3094 non

1512 3118 1885 3191 negligendum
1904 3161 1919 3184 ,
1950 3120 2018 3171 ab
2046 3119 2263 3192 ipsoque
2288 3132 2503 3174 auctore
2520 3161 2537 3187 ,

1512 3199 1756 3271 quamvis
1789 3197 1975 3252 vitiose
1992 3236 2009 3262 ,
2046 3199 2279 3271 positum
2311 3199 2538 3253 videtur.

1512 3279 1671 3332 Mane
1698 3278 1839 3332 enim
1866 3297 1995 3332 aves
2027 3289 2238 3333 cantare
2264 3277 2538 3342 dicuntur,

1512 3370 1565 3410 et
1589 3371 1773 3412 auctor
1808 3357 1912 3411 hoc
1952 3359 2072 3412 loco
2101 3359 2245 3422 vult,
2282 3359 2539 3430 philome-

1512 3438 1619 3491 lam
1632 3476 1648 3502 ,
1661 3457 1779 3510 quae
1802 3457 1961 3490 mane
1978 3436 2192 3510 garrula
2210 3455 2321 3492 esse
2339 3439 2505 3490 soleat
2519 3476 2535 3503 ,

1514 3533 1681 3572 noctu
1716 3530 1906 3572 tacere.
1938 3517 2079 3570 Hinc
2117 3518 2252 3570 forte
2288 3516 2497 3588 scripsit
2528 3534 2541 3566 ε

1529 3598 1745 3668 «primo
1799 3617 1955 3651 mane
2001 3597 2213 3668 garrula
2241 3638 2257 3663 ,
2301 3595 2541 3668 pendens

1518 3679 1635 3729 Jam
1658 3676 1943 3749 philomela
1967 3687 2105 3729 tacet
2124 3701 2164 3727 n.
2190 3680 2405 3726 Gar-mla
2433 3679 2541 3726 luce

1522 3759 1744 3809 chelidon
1786 3769 1865 3809 est
1908 3757 1961 3808 in
2002 3755 2245 3808 Pentadii
2281 3755 2428 3826 Eleg.
2472 3754 2539 3808 de

1513 3837 1745 3890 adventu
1772 3837 1943 3898 veris,
1986 3855 2037 3887 v.
2081 3853 2157 3904 ¹7·
2198 3833 2385 3904 Virgil.
2418 3835 2537 3885 AEn.

1515 3917 1647 3970 VIII
1672 3957 1686 3981 ,
1730 3916 1864 3980 455:
1913 3917 2067 3967 -Lux
2109 3913 2325 3967 suscitat
2359 3912 2499 3965 alma
2520 3954 2534 3976 ‚

1512 3997 1577 4050 Et
1614 3996 1854 4062 matutini
1879 3995 2151 4047 volucrum
2182 3994 2279 4046 sub
2308 3992 2537 4045 culmine

1514 4089 1693 4128 cantus
1715 4102 1759 4126 a».
