2975 4684
745 386 1204 459 EPITOME
1263 385 1690 454 ILIADOS
1752 386 2239 456 HOMERI.-

2396 386 2533 462 525

494 511 654 579 Haec
691 511 786 579 ita
819 509 998 580 dona
1034 508 1242 580 refers
1277 507 1517 579 nobis?
1556 510 1651 577 sic
1690 504 1936 601 diligor
1972 534 2020 599 a¹
2046 510 2161 580 te?
2186 540 2220 574 >³

494 615 770 687 Talibus
807 619 1072 688 incusat
1107 618 1303 689 dictis
1344 619 1513 688 irata
1546 620 1963 706 Tonantem,

495 732 714 822 Inque
747 731 956 800 vicem
999 732 1242 799 summi
1281 730 1535 825 patitur
1567 728 1865 797 convicia
1900 729 2099 823 regis.

497 838 792 910 Tandem
837 842 1234 936 interposito
1269 840 1354 911 lis
1391 841 1822 935 Ignipotente
1862 839 2139 926 resedit,
2466 871 2539 907 105

498 949 1011 1046 Conciliumque
1043 949 1241 1021 simul
1280 952 1547 1046 genitor
1580 950 1976 1019 dimittirab
2008 950 2182 1020 aula.

497 1066 766 1132 Interea
797 1061 897 1132 sol
940 1064 1270 1133 immenso
1307 1061 1568 1131 decedit
1607 1058 1935 1156 Olymp0,

499 1176 588 1243 Et
622 1174 908 1267 dapibus
947 1172 1148 1268 largis
1184 1187 1426 1242 curant
1468 1196 1587 1242 sua
1628 1196 1911 1267 corpora
1956 1172 2158 1257 Divi,

500 1284 666 1353 Inde
706 1272 946 1379 petunt
984 1283 1313 1354 thalamos
1343 1281 1777 1377 jucundaque
1818 1282 1993 1351 dona
2037 1281 2300 1377 quietis.

597 1398 687 1465 II.
756 1397 908 1465 Nox
942 1410 1086 1464 erat
1121 1410 1190 1464 et
1228 1409 1372 1464 toto
1408 1391 1757 1488 fulgebant
1794 1392 2009 1462 sidera
2046 1391 2242 1481 cae10,

502 1505 1022 1600 Humanumque
1058 1530 1268 1601 genus
1306 1506 1571 1599 requies
1606 1504 1993 1598 Divumque
2026 1505 2327 1593 tenebat3

484 1775 598 1810 102.
633 1763 753 1810 Hoee
790 1762 864 1810 ita
900 1762 1036 1811 dona
1069 1761 1222 1829 refers
1253 1762 1389 1811 nobis
1404 1768 1432 1811 τ’

405 1840 478 1889 sic
512 1839 713 1906 diligor.
745 1838 1032 1891 Dussenius
1064 1839 1266 1893 mavult
1289 1844 1432 1891 Hoec·

407 1920 518 1968 cine
537 1920 672 1967 dona
695 1916 848 1985 refers
875 1920 1052 1969 nobis?
1085 1916 1139 1970 id
1174 1928 1278 1983 est,
1309 1917 1432 1971 talia

407 1993 570 2049 dona.
591 1995 706 2049 Hoc
743 2014 871 2049 sane
903 1997 1102 2050 clarius
1136 2009 1190 2049 et
1219 1997 1433 2069 elegan-

407 2074 551 2138 tius;
585 2075 796 2147 vngsta
831 2076 991 2129 lectio
1023 2076 1204 2148 paullo
1234 2076 1434 2129 durior.

408 2154 522 2225 Ego
546 2166 722 2208 tamen
755 2154 1072 2209 crediderim
1107 2156 1324 2227 propius
1355 2174 1438 2208 ac-

410 2232 530 2286 cedi
584 2232 655 2286 ad
717 2236 1032 2305 scripturam
1088 2235 1349 2306 vulgatae,
1391 2234 1436 2287 si

409 2312 652 2384 legamus
668 2320 792 2367 Hoee
818 2330 869 2367 tu
896 2320 1032 2368 dona
1064 2317 1219 2383 refers
1255 2317 1394 2367 nobis
1412 2322 1440 2365 τ’

411 2392 675 2446 Caeterutn
705 2394 878 2449 forma
913 2394 1074 2466 hujus
1117 2393 1248 2447 dicti
1283 2394 1442 2467 plane

411 2488 654 2541 expressa
685 2487 764 2527 est
800 2473 871 2528 ad
903 2476 1198 2527 orationem
1216 2472 1442 2529 Veneris

414 2550 482 2602 ad
503 2553 690 2605 Jovem
717 2553 862 2627 apud
882 2554 1030 2626 Virg.
1051 2556 1176 2605 AEn.
1196 2554 1223 2604 I
1241 2590 1258 2617 ,
1298 2554 1398 2606 253
1423 2570 1439 2605 :

415 2656 441 2676 α
459 2630 560 2685 fflc
607 2632 814 2703 pietatis
862 2632 1072 2687 honos?
1125 2632 1200 2686 sic
1245 2650 1344 2685 nos
1388 2631 1444 2683 in

413 2723 618 2782 sceptra
647 2712 897 2783 reponis?
923 2738 948 2759 ι·

493 2791 610 2844 103.
635 2796 832 2845 Talibus
861 2794 1059 2845 incusat
1077 2812 1096 2843 .·
1137 2810 1168 2843 e
1193 2789 1443 2863 Virgilio,

415 2870 534 2922 ΔΕΒ.
559 2871 586 2922 1
600 2911 616 2938 ‚
635 2877 755 2936 410.
935 2898 938 2901 ’

493 2949 612 3004 105.
657 2953 950 3021 Interposito
1003 2954 1064 3002 Iis
1115 2952 1446 3018 omnipotente

414 3027 611 3099 legitur
643 3030 702 3083 in
737 3031 984 3084 omnibus
1021 3047 1184 3082 manu
1221 3028 1447 3081 exaratis

418 3120 470 3160 et
495 3110 702 3163 excusis
722 3110 898 3177 libris,
923 3123 974 3162 et
998 3108 1275 3175 muthius,
1311 3107 1444 3161 Adv.

419 3186 602 3241 LVIII
623 3228 640 3253 ‚
685 3197 747 3254 14
765 3228 782 3255 ,
834 3188 1052 3243 adnotat
1075 3190 1447 3256 omnipotentem

418 3280 536 3325 κατ’
554 3273 721 3341 ἐξοχὴν
749 3268 974 3341 pulchre
993 3268 1178 3319 Jovem
1205 3265 1446 3337 designa-.-

419 3368 494 3402 re.
529 3348 635 3403 Sed
657 3347 948 3401 Dussenius
975 3347 1010 3399 l.
1039 3364 1086 3398 c.
1111 3364 1161 3416 p.
1191 3348 1252 3397 16
1275 3381 1292 3408 ‚
1329 3347 1448 3416 pul-

421 3428 550 3481 chre
569 3426 937 3481 animadvertit
954 3429 1256 3495 ignipotente
1271 3424 1449 3496 legen-

420 3506 550 3561 dum
594 3526 707 3561 esse
725 3545 743 3571 ,
785 3519 840 3559 et
864 3506 1168 3558 Vulcanum
1205 3505 1444 3577 intelligi.

419 3586 522 3639 Hic
544 3587 690 3640 enim
715 3584 996 3639 intervenit
1022 3583 1139 3635 Jovi
1169 3596 1220 3636 et
1249 3584 1450 3637 Junoni

421 3666 630 3732 rixanti,
653 3677 706 3718 et
732 3666 950 3717 hortatu
979 3662 1262 3735 multisque
1289 3682 1450 3735 poem·

423 3746 490 3798 lis
531 3746 758 3798 invitans
805 3756 1048 3818 parentes
1095 3743 1357 3833 placavit,
1380 3742 1450 3797 ad

423 3825 853 3895 hilaritatemque
879 3822 1158 3877 convertit.
1186 3821 1274 3874 Sic
1291 3822 1448 3876 Hom.

423 3902 580 3957 Iliad.
616 3904 677 3969 1,
715 3903 812 3975 571
848 3921 862 3956 :
907 3907 1072 3957 Τοῖσιν
1113 3900 1167 3957 δ’
1202 3889 1454 3975 ᾖφαιστος

426 3943 746 4056 κλυτοτίχζοης
768 3981 880 4057 ’ἦρχ’
907 3985 1166 4057 ἀγοριύειν.
1182 3982 1456 4042 Vulcanus

429 4076 606 4117 autem
655 4084 682 4117 a
736 4076 921 4117 nostro
971 4073 1189 4116 auctore
1233 4062 1456 4137 aliisque

431 4144 596 4215 poetis
620 4157 839 4199 vocatur
858 4145 1153 4212 Ignipotens.
1175 4142 1346 4211 Infra,
1371 4164 1450 4199 vs.

1522 1760 1626 1828 867
1648 1776 1661 1808 :
1682 1783 1707 1803 α
1726 1757 1844 1811 Illic
1864 1756 2169 1829 Ignipotens
2190 1757 2376 1811 mtmdi
2397 1760 2549 1813 caela-

1523 1848 1672 1891 verat
1698 1854 1847 1889 axem
1864 1855 1925 1902 »ς
1966 1848 2019 1888 et
2040 1835 2231 1908 Virgil.
2249 1839 2367 1891 AEn.
2388 1840 2549 1904 VIII,

1522 1922 1657 1981 414,
1681 1940 1703 1962 ι
1730 1915 1887 1969 Haud
1915 1934 2065 1969 secus
2088 1916 2425 1988 Ignipotens,
2455 1938 2555 1973 nec

1522 2006 1759 2067 tempore
1795 1996 2004 2066 segnior
2037 1995 2131 2047 ino
2148 2020 2171 2043 ο
2199 2014 2213 2048 :
2249 1996 2554 2053 addendum

1522 2074 1656 2128 illud
1678 2077 1803 2127 AEn.
1832 2076 1912 2140 X,
1938 2076 2039 2137 243
2061 2092 2075 2125 :
2111 2099 2134 2121 ι
2155 2075 2403 2147 clypeum
2424 2096 2557 2151 cape

1524 2174 1684 2227 quem
1712 2153 1860 2208 dedit
1886 2154 1997 2226 ipse
2035 2154 2302 2208 Invictum
2329 2156 2553 2229 Ignipo-

1526 2246 1667 2300 tens,
1688 2246 1785 2286 etc.
1804 2259 1830 2278 a
1851 2234 1955 2286 En.

1605 2317 1721 2367 106.
1742 2316 1951 2364 Dimittit
1967 2316 2033 2363 ab
2054 2316 2195 2366 aula.
2225 2312 2333 2365 Pro
2357 2314 2463 2369 hoc
2490 2320 2555 2369 ab

1528 2396 1650 2445 aula
1688 2410 1967 2465 perperam
2020 2394 2201 2461 Olimpi
2244 2392 2369 2465 legit
2402 2394 2467 2449 G.
2506 2416 2549 2451 1.

1529 2472 1651 2524 Vox
1679 2490 1739 2524 ea
1766 2490 1944 2524 errore
1962 2470 2165 2524 librarii
2188 2472 2245 2523 in
2275 2470 2421 2528 bunc
2442 2496 2559 2529 ver-

1530 2570 1649 2604 sum
1670 2570 1703 2603 e
1726 2562 1978 2623 sequente
1998 2550 2264 2622 migravit.

1608 2648 1725 2700 107.
1750 2633 2020 2682 Descendit
2035 2635 2243 2699 Olympo
2265 2631 2357 2686 hic
2375 2633 2559 2705 legunt

1532 2710 1759 2783 vulgata
1775 2751 1791 2778 ‚
1810 2709 1903 2763 sed
1922 2711 2147 2782 scriptus
2165 2711 2236 2764 G.
2265 2732 2287 2765 1
2314 2724 2367 2765 et
2397 2733 2424 2766 2
2454 2734 2564 2768 me-

1532 2788 1635 2842 lius
1662 2792 1857 2842 decedit
1880 2794 2085 2858 Ob‘mpo
2108 2810 2127 2840 .-
2155 2808 2279 2843 nam
2314 2790 2419 2844 hoc
2440 2793 2563 2846 Vir-

1530 2868 1789 2940 gilianum
1810 2880 1888 2921 est
1906 2868 2107 2940 Georg.
2129 2871 2178 2933 1,
2201 2872 2333 2934 45οτ
2356 2890 2565 2925 «emen-

1531 2968 1593 3002 so
1610 2967 1776 3021 quum
1798 2950 1911 3021 jam
1939 2947 2163 3001 decedet
2186 2950 2418 3021 Olympo
2441 2978 2486 3004 a.

1612 3029 1727 3082 108.
1754 3028 1819 3081 G.
1848 3047 1873 3081 1
1899 3041 1952 3081 et
1976 3048 2004 3080 2
2033 3034 2097 3080 Et
2122 3032 2489 3101 dapibus-Phi.
2507 3072 2519 3085 .
2538 3072 2549 3085 .

1531 3112 1710 3177 largis.
1738 3108 1925 3180 virgil.
1948 3112 2071 3161 AEn.
2092 3109 2209 3173 III,
2233 3110 2335 3163 510
2352 3130 2367 3161 ε
2395 3136 2418 3159 ι
2446 3130 2566 3185 pag.

1534 3188 1741 3259 simque
1770 3189 1825 3241 in
1851 3188 2006 3242 litore
2036 3188 2177 3241 sicco
2200 3189 2439 3263 Corpora
2467 3212 2563 3246 cu·

1530 3287 1711 3322 ramus
1729 3294 1771 3321 ν.

1611 3365 1725 3417 109.
1753 3352 1901 3400 Dona
1924 3350 2114 3417 quietis.
2137 3350 2288 3421 Virg.
2317 3354 2441 3406 AEn.
2479 3354 2531 3405 11
2551 3395 2568 3421 ,

1537 3428 1640 3497 369
1663 3444 1677 3480 ε
1703 3455 1728 3474 ιι
1750 3427 2101 3500 quies...dono
2128 3428 2323 3481 Divum
2341 3431 2571 3501 gratissi-

1534 3526 1623 3559 ma
1652 3508 1813 3579 serpit
1837 3534 1881 3560 ιο.
1906 3506 2063 3560 Ovid.
2086 3509 2209 3561 Am.
2233 3510 2287 3561 11
2303 3549 2319 3576 ‚
2355 3526 2388 3579 9
2408 3548 2425 3574 ,
2459 3516 2562 3574 4οτ

1539 3610 1563 3633 «ι
1585 3597 1636 3639 et
1654 3606 1873 3641 somnos
1892 3588 2114 3657 praemia
2134 3606 2324 3660 magna
2347 3601 2503 3643 vocat
2524 3616 2566 3645 a.

1536 3667 1665 3721 Stat.
1684 3667 1892 3731 silv.V,
1914 3673 1975 3733 4,
2014 3686 2042 3718 2
2066 3684 2080 3719 :
2123 3691 2145 3713 ι
2162 3665 2313 3720 donis
2341 3679 2402 3720 ut
2422 3668 2567 3723 solus

1537 3766 1746 3819 egerem
1766 3783 1782 3809 ,
1804 3748 2023 3811 Somne,
2047 3745 2153 3797 tuis
2172 3769 2213 3798 ι.

1616 3846 1640 3879 1
1654 3846 1735 3880 10.
1775 3832 1899 3879 Nox
1935 3840 2054 3878 erat.
2092 3824 2397 3878 Breviorem
2429 3824 2571 3880 hanc

1546 3904 1953 3978 descriptionem
1982 3903 2151 3957 noctis
2168 3904 2383 3959 haurire
2398 3907 2573 3976 potuit

1545 3984 1739 4038 Noster
1759 4004 1789 4037 e
1808 3983 2101 4047 latioribus,
2124 4000 2257 4055 quas
2280 3982 2572 4037 habetVir-

1544 4064 1634 4135 gil.
1652 4066 1775 4116 AEn.
1799 4062 1901 4125 IV,
1941 4060 2041 4115 522
2070 4080 2216 4134 seqq.
2240 4061 2433 4114 etvln
2456 4100 2473 4126 ,
2506 4067 2571 4117 26

1542 4162 1653 4216 seq.
1676 4176 1745 4185 —
1765 4146 1935 4194 Sidera
1956 4145 2139 4195 mundo
2157 4142 2283 4213 legit
2306 4138 2373 4194 G.
2398 4160 2446 4194 1.
