2975 4684
491 307 580 378 32
952 307 1084 374 DE
1134 307 1673 377 CORNELIO
1723 305 2154 376 SEVERO.

487 436 713 501 Potuit
746 435 919 520 enim
952 435 1225 500 Severus
1257 435 1325 498 in
1360 434 1579 500 Siculo
1612 434 1788 498 bello
1821 432 2167 499 scribendo
2201 453 2454 499 caussas
2485 434 2623 514 ejus

488 565 529 606 a
578 541 795 632 primis
849 540 1047 604 initiis
1098 556 1391 629 repetere
1410 587 1431 622 ,
1455 557 1536 605 ut
1577 541 1986 605 occasionem
2032 539 2300 606 haberet
2343 541 2624 629 proscri-

484 647 730 738 ptionis
762 646 1201 712 Triumviralis
1256 662 1322 711 et
1372 645 1551 710 necis
1605 643 1941 711 Ciceronis
1993 645 2430 710 memorandae
2449 692 2468 727 ,
2503 647 2626 712 nisi

488 755 621 819 hoc
656 754 723 817 in
758 752 883 816 alio
916 767 983 816 et
1019 751 1327 840 singulari
1364 753 1653 820 carmine
1689 752 1862 817 fecit.
1897 751 2168 817 Ovidius
2204 751 2442 818 Severo
2483 774 2630 816 car-

492 884 633 924 men
669 857 881 946 regale
896 905 918 938 ,
958 873 1291 946 tamquam
1330 859 1604 924 unicum
1635 859 1738 922 vel
1785 857 2186 948 praecipuum
2229 858 2366 939 ejus
2421 879 2589 946 opus
2609 906 2627 940 ,

494 965 719 1032 tribuit
738 1012 756 1046 ,
786 980 852 1029 et
882 979 1223 1053 propterea
1252 964 1378 1028 alio
1411 966 1560 1029 loco
1591 987 1968 1051 magnorum
1997 963 2246 1052 Regum
2271 979 2484 1028 vatem
2519 987 2632 1053 ap-

492 1072 705 1160 pellat.
728 1068 875 1134 Vid.
897 1069 1313 1133 Testimonia.
1336 1069 1638 1158 Plerique
1665 1070 1741 1134 iis
1762 1070 1977 1134 verbis
2003 1067 2460 1160 tragoediarum
2483 1071 2634 1134 scri·

494 1195 751 1266 ptorem
789 1175 1112 1264 designari
1143 1191 1412 1264 putant,
1453 1177 1776 1265 praecipue
1815 1177 1959 1242 Nic.
1988 1175 2294 1241 Heinsius
2324 1175 2409 1240 ad
2437 1175 2630 1240 ovid.

493 1284 687 1347 Pont.
706 1282 821 1362 IV,
858 1303 917 1364 2,
958 1303 1015 1362 1,
1052 1281 1166 1368 qui
1202 1301 1345 1344 eam
1380 1279 1984 1370 interpretationem
2014 1282 2140 1346 alio
2171 1303 2362 1346 versu
2393 1281 2630 1363 Ovidii,

497 1387 691 1451 Trist.
721 1388 783 1452 ΙΙ
804 1434 823 1468 ,
860 1384 986 1450 553
1008 1433 1027 1468 ,
1058 1386 1329 1474 probat,
1360 1387 1455 1451 Et
1478 1386 1762 1452 dedimus
1795 1389 2054 1476 tragicis
2083 1387 2382 1476 seriptum
2425 1385 2635 1476 regale

497 1493 855 1573 cothurm's;
879 1492 1037 1556 item
1070 1492 1196 1556 alio
1232 1492 1379 1556 loco
1410 1492 1702 1575 Horatii,
1727 1493 1856 1558 Sat.
1889 1494 1923 1556 I
1943 1539 1962 1574 ,
2007 1515 2084 1557 10
2104 1541 2123 1576 ,
2151 1495 2259 1576 42,
2291 1491 2502 1556 Pollio
2532 1515 2634 1556 re-

494 1622 649 1686 gum
668 1597 875 1663 Facta
909 1600 1087 1664 canit
1106 1593 1396 1686 pede‘ter
1412 1620 1731 1687 percusse.
1759 1599 1904 1688 Ego
1927 1620 2083 1663 vero
2111 1599 2231 1664 etsi
2263 1599 2632 1688 tragoediam

500 1727 759 1769 carmen
787 1705 999 1795 regale
1026 1703 1153 1770 dici
1180 1726 1371 1793 posse
1404 1703 1696 1770 concedo
1712 1753 1731 1788 ,
1753 1704 1972 1770 Severi
2003 1721 2218 1770 tamen
2251 1729 2386 1795 quo
2417 1706 2635 1770 minus

500 1812 623 1876 tale
663 1811 861 1876 fuisse
898 1808 1188 1892 credam,
1216 1810 1412 1876 verba
1442 1809 1663 1876 Ovidii
1695 1811 1876 1876 dedit
1905 1811 2091 1874 Latio
2127 1833 2382 1876 carmen
2417 1809 2638 1898 regale

500 1917 815 2006 impedire
849 1915 1177 2000 videntur,
1214 1939 1360 2005 quae
1394 1939 1646 1982 novum
1685 1939 1890 2008 genus
1925 1917 2262 2000 carminis,
2296 1917 2477 2006 quod
2510 1919 2636 1982 La·

503 2027 669 2090 tium
718 2040 867 2090 ante
918 2048 1053 2091 non
1104 2025 1445 2108 habuerit,
1483 2025 1869 2116 significant.
1920 2025 2408 2116 Tragoediarum
2459 2025 2637 2090 enim

498 2133 843 2220 scriptores
877 2132 1117 2196 multos
1144 2131 1620 2216 anteOvidium
1647 2149 1716 2198 et
1741 2133 2050 2198 Severum
2081 2131 2418 2213 exstitisse,
2441 2153 2638 2196 nemo

502 2238 781 2328 ignorat.
806 2235 1094 2318 Quando
1120 2253 1425 2326 praeterea
1448 2261 1828 2326 magnorum
1856 2239 2096 2325 Regum
2123 2251 2341 2300 vatem
2366 2237 2642 2326 appellat

506 2343 679 2407 Naso
697 2389 716 2423 ,
740 2363 877 2405 non
913 2341 1095 2406 aliter
1126 2342 1254 2407 hoc
1273 2342 1531 2408 videtur
1556 2365 1746 2433 posse
1778 2343 2082 2430 intelligi,
2107 2363 2302 2429 quam
2331 2343 2639 2422 Severum

506 2469 895 2537 magnorum
920 2470 1149 2538 regum
1174 2471 1275 2514 res
1303 2465 1512 2539 gestas
1536 2471 1730 2514 versu
1757 2448 2152 2527 celebrasse3
2179 2447 2392 2536 magni
2421 2463 2639 2513 autem

508 2576 689 2643 reges
726 2555 771 2617 ii
804 2554 937 2618 fere
965 2554 1271 2620 videntur
1306 2579 1445 2621 esse
1462 2605 1479 2638 ,
1506 2577 1673 2644 quos
1704 2553 2048 2619 Cornelius
2081 2553 2300 2641 Nepos
2335 2555 2644 2643 singulari

507 2659 726 2724 libello
746 2707 764 2741 ,
784 2675 861 2724 ut
880 2661 1413 2726 celebratissimos
1430 2709 1449 2743 ,
1474 2659 1892 2742 memoravit,
1915 2659 2122 2748 Cyrus
2143 2704 2162 2741 ,
2185 2653 2458 2740 Darius,
2483 2661 2642 2724 Xer·-

506 2789 653 2850 xes,
681 2765 1038 2832 Alexander
1064 2769 1153 2832 M.
1174 2816 1191 2842 ‚
1219 2766 1509 2855 Pyrrhus
1526 2813 1546 2848 ,
1579 2763 1996 2830 alii.Accedit
2019 2811 2038 2846 ,
2071 2762 2254 2852 quod
2285 2764 2642 2852 fragmenta

510 2871 728 2936 omnia
750 2918 769 2953 ,
796 2895 939 2959 quae
973 2886 1327 2962 supersunt
1344 2921 1360 2950 ‚
1394 2871 1760 2936 carminum
1795 2871 2010 2936 Severi
2036 2890 2259 2934 versus
2290 2870 2644 2934 hexametri

512 2993 667 3041 sunt
686 3025 706 3058 ,
753 2978 973 3041 nullus
1020 2978 1091 3040 in
1140 2978 1218 3042 iis
1270 2976 1526 3040 iambus
1547 3023 1566 3058 ,
1604 2999 1738 3063 quo
1791 2974 2113 3066 tragoediae
2169 2975 2361 3039 scribi
2411 2976 2640 3041 solent.

510 3086 813 3166 Vossius,
849 3083 932 3148 de
967 3084 1135 3148 Hist.
1171 3084 1311 3148 Lat.
1344 3082 1456 3148 lib.
1492 3082 1524 3145 I
1546 3130 1565 3164 ,
1591 3105 1648 3146 c.
1687 3104 1791 3159 21,
1818 3081 2104 3164 dubitat,
2127 3103 2210 3144 an
2233 3081 2430 3146 Corn.
2451 3081 2645 3145 Seve-

510 3215 655 3272 ruS,
684 3191 797 3279 qui
818 3189 1379 3256 bellum'Siculum
1402 3188 1681 3276 scripsit,
1705 3187 1877 3254 idem
1901 3189 1986 3254 sit
2003 3188 2278 3254 Severus
2305 3185 2388 3251 ab
2408 3187 2644 3252 Ovidio

510 3311 941 3377 memoratus,
976 3295 1093 3382 qui
1126 3315 1383 3358 cannen
1426 3293 1639 3382 regale
1676 3293 1873 3360 dedit.
1907 3295 2141 3382 Neque
2183 3315 2308 3382 ego
2348 3293 2644 3358 existimo

510 3417 655 3466 tuto
702 3400 832 3465 hoc
878 3399 1185 3464 affirmari
1246 3421 1458 3488 posse.
1523 3399 1712 3464 Certe
1755 3399 1809 3464 si
1852 3399 2296 3483 Quintilianus
2342 3397 2647 3463 eumdem

510 3510 857 3598 utriusque
905 3507 1206 3572 carminis
1255 3523 1593 3572 auctorem
1643 3529 1782 3572 esse
1835 3505 2020 3570 scivit
2035 3553 2056 3586 ,
2092 3503 2460 3571 mirandum
2510 3520 2608 3570 est
2627 3551 2647 3586 ,

512 3613 895 3704 primarium
952 3633 1119 3700 opus
1136 3659 1155 3694 ,
1194 3633 1329 3701 quo
1384 3612 1658 3677 Severus
1717 3611 1800 3676 ab
1865 3609 2102 3676 Ovidio
2157 3609 2554 3699 designatur,
2609 3633 2649 3674 a

512 3718 921 3804 Quintiliano
944 3739 1079 3782 non
1115 3718 1483 3784 memorari.
1523 3717 1664 3784 Nisi
1691 3719 1860 3782 forte
1881 3717 2124 3795 hoe,ad
2147 3715 2419 3804 puerilia
2450 3737 2650 3805 opera

510 3823 929 3890 referendum
958 3839 1088 3907 est,
1109 3823 1350 3915 quibus
1388 3847 1542 3890 eum
1583 3823 1926 3889 maximam
1966 3823 2252 3890 indolem
2291 3822 2650 3889 ostendisse

514 3933 691 4002 dicit.

593 4035 1031 4105 Redeundum
1070 4055 1170 4105 est
1208 4039 1289 4105 ad
1312 4040 1528 4108 AEtnae
1565 4040 1998 4129 poematium,
2021 4060 2284 4127 unaque
2324 4039 2651 4126 fragmen-
