2975 4684
488 358 626 430 622
1031 360 1454 429 AUSONII
1514 358 2060 428 PERIOCHAE

489 488 822 578 navigavit.
839 488 1008 552 Tum
1035 488 1244 576 raptio
1271 488 1561 569 Helenae,
1592 510 1737 575 quae
1763 488 2073 575 opinione
2096 504 2391 553 veterum
2416 490 2633 579 biper-

461 590 598 659 ‘tita
641 610 740 659 est
769 616 784 657 ε
819 592 1000 682 quod
1036 594 1327 681 plerique
1363 594 1675 657 Helenam
1712 594 1893 673 juxta
1930 595 2349 659 Homericum
2378 598 2627 686 plasma

487 700 568 765 ad
587 702 852 781 Trojam
875 722 1028 763 vere
1055 698 1456 789 deportatam
1487 700 1687 763 fiiisse
1726 700 2289 783 existimaverunt3
2322 704 2629 768 nonnulli

489 824 706 871 autem
740 805 984 893 opinati
1021 820 1206 887 sunt,
1237 827 1444 892 quum
1479 803 1838 869 Alexander
1863 824 2059 870 cursu
2092 804 2477 889 deerrasset,
2512 808 2629 872 de-

491 916 784 999 latusque
825 910 906 976 ad
938 910 1298 1000 AEgyptum
1339 910 1567 975 fuisset
1590 959 1610 992 ,
1659 912 1913 1000 cognita
1970 911 2306 999 hospitalis
2364 912 2627 977 foederis

487 1019 752 1098 injuria,
793 1040 910 1104 per
935 1016 1310 1105 AEgyptium
1349 1038 1567 1105 regem
1604 1017 2155 1081 servantissimum
2182 1016 2339 1097 justi
2368 1020 2585 1083 virum
2606 1070 2623 1099 ,

489 1126 798 1191 Helenam
834 1146 984 1189 cum
1021 1124 1129 1205 iis,
1177 1146 1320 1211 quae
1372 1146 1507 1187 una
1552 1144 1705 1187 cum
1756 1122 1980 1187 eadem
2020 1124 2277 1188 fuerant
2319 1124 2583 1213 abrepta
2605 1174 2625 1205 ‚

486 1229 701 1295 Paridi
727 1230 1046 1295 sublatam
1063 1277 1081 1311 ,
1120 1245 1620 1318 expugnatoque
1654 1227 1921 1294 demum
1956 1230 2077 1295 Ilio
2100 1230 2397 1295 Menelao
2430 1232 2621 1295 resti-

487 1353 708 1401 tutam.
2395 1354 2403 1362 ”

793 1562 1266 1633 PERIOCHA
1313 1565 1563 1633 LIBRI
1612 1565 1873 1635 PRIMI
1926 1566 2314 1633 ILIADOS.

765 1782 935 1845 ham,
961 1782 1118 1843 Diva,
1143 1781 1284 1835 refer
1305 1781 1418 1835 nati
1437 1780 1623 1835 Peleos
1646 1780 1869 1835 Achillei

768 1868 1082 1923 Pestiferam
1097 1906 1115 1933 ,
1132 1886 1250 1939 quae
1272 1867 1416 1921 mille
1444 1868 1589 1923 dedit
1624 1867 1937 1923 discrimina
1962 1868 2195 1923 Achivis.

579 2067 858 2155 Chryses
876 2065 1193 2153 Apollinis
1227 2062 1526 2129 sacerdos
1544 2113 1564 2146 ,
1597 2064 1685 2129 ob
1708 2063 2155 2129 redimendam
2188 2064 2379 2129 filiam
2410 2088 2621 2153 quum

488 2172 963 2263 Agamemnoni
1003 2170 1452 2261 supplicasset,
1500 2171 1971 2235 contumeliose
2018 2172 2349 2259 repulsus,
2402 2171 2619 2235 Deum

488 2294 788 2365 preoetur
813 2278 1112 2342 ultorem.
1133 2279 1484 2364 Insequuta
1515 2276 1792 2341 subinde
1814 2277 1987 2367 gravi
2008 2272 2386 2365 pestilentia,
2408 2299 2619 2365 quum

487 2384 865 2471 Graecorum
910 2384 1225 2446 exercitus
1264 2382 1586 2464 interiret,
1622 2385 1798 2473 cogit
1822 2382 2099 2448 Achilles
2134 2383 2525 2465 concilium5
2556 2400 2627 2447 et

486 2489 568 2553 ab
602 2487 834 2553 eodem
869 2488 1108 2552 invitus
1141 2486 1408 2552 Calchas
1430 2488 1644 2553 morbi
1676 2510 1967 2553 caussam
2002 2487 2413 2577 compellitur
2442 2488 2621 2552 indi·

489 2618 651 2659 care.
679 2594 825 2677 Qua
853 2595 1104 2683 cognita
1123 2642 1140 2675 ,
1161 2596 1612 2683 Agamemnon
1638 2594 2001 2659 concitatur
2030 2595 2099 2657 in
2122 2594 2475 2677 Achillem3
2502 2596 2623 2683 qui

487 2701 768 2789 percitus
798 2697 1130 2765 iracundia
1145 2749 1164 2781 ,
1198 2700 1387 2765 etiam
1415 2698 1656 2765 caedem
1678 2700 1847 2790 regis
1864 2698 2286 2789 audebat(1),
2322 2700 2443 2764 nisi
2464 2722 2620 2764 eum

492 2808 560 2872 in
585 2807 892 2872 ultimum
925 2806 1212 2871 furorem
1244 2804 1551 2897 progredi
1577 2806 1867 2871 Minerva
1893 2806 2217 2871 vetuisset.
2245 2808 2299 2871 A
2326 2829 2460 2896 quo
2492 2807 2627 2871 Bri·

487 2912 611 2977 seis
642 2909 1008 2977 concubina
1039 2912 1109 2975 iu
1141 2914 1359 2977 locum
1393 2909 1765 3000 chryseidis
1782 2958 1802 2993 ‚
1839 2934 1983 2999 quae
2011 2912 2179 3000 patri
2204 2910 2621 2994 reddebatur,

487 3018 765 3083 deducta
795 3034 911 3083 est.
951 3018 1112 3083 Inde
1144 3018 1370 3084 Tbetis
1406 3034 1611 3083 mater
1642 3018 1727 3083 ad
1756 3018 2017 3099 caelum,
2043 3018 2353 3107 lacrymas
2376 3034 2445 3081 et
2469 3041 2625 3083 con·

485 3123 812 3188 tumeliam
853 3121 962 3186 filii
1007 3124 1336 3205 miserata,
1372 3122 1823 3211 proficiscitur.
1865 3123 2064 3206 Quae,
2097 3121 2328 3187 fiducia
2370 3121 2619 3189 defensi

485 3229 816 3320 quondam
845 3250 996 3293 cum
1017 3228 1328 3319 AEgaeone
1360 3228 1533 3295 Iovis
1548 3278 1569 3313 ,
1601 3230 1813 3293 ultum
1838 3229 1917 3293 iri
1938 3228 2263 3293 adfectans
2294 3228 2620 3311 injuriam,

487 3334 846 3399 obtestatur
895 3356 1227 3399 summum
1275 3336 1559 3399 Deorum
1577 3384 1595 3417 ,
1643 3350 1717 3399 ut
1746 3335 2061 3416 Troianos
2104 3335 2169 3399 in
2219 3335 2416 3400 rebus
2464 3336 2621 3400 belli

486 3440 848 3531 superiores
881 3462 1019 3505 esse
1051 3422 1353 3528 patiatur.
1392 3441 1651 3524 Quibus
1684 3442 1717 3505 J
1721 3463 1858 3505 uno
1892 3441 2265 3529 compertis,
2305 3440 2618 3507 iracunde

483 3545 822 3611 adversum
842 3544 1187 3635 conjugem
1219 3562 1692 3611 commovetur.
1722 3544 1849 3611 Sed
1872 3544 2145 3637 gliscens
2167 3544 2477 3635 jurgium,
2502 3570 2620 3635 per

489 3648 916 3716 deridiculum
932 3698 951 3733 ,
988 3649 1390 3715 ministrante
1411 3650 1735 3732 Vulcan0,
1770 3650 1962 3713 simul
1986 3651 2239 3716 consilii
2270 3652 2483 3740 specie
2514 3652 2617 3715 in-

491 3756 858 3821 tercedente
873 3804 890 3837 ‚
918 3754 1178 3819 lenitur.

563 3954 642 4017 (1)
678 3950 930 4009 Audebac‚
959 3922 1057 4019 pio
1073 3914 1232 4001 'ausus
1258 3964 1406 4009 essee,
1429 3960 1490 4003 ut
1514 3950 1769 4022 virginus
1785 3988 1801 4014 ,
1821 3948 2029 4003 AEneid.
2058 3950 2113 4001 11
2128 3986 2144 4013 ‚
2168 3948 2235 4011 54
2260 3966 2275 4002 ε
2308 3974 2333 3993 ‹-
2353 3948 2421 4001 Et
2441 3947 2485 4001 si
2509 3948 2611 4001 san

489 4036 662 4086 Deum
689 4072 704 4097 ,
751 4032 796 4083 si
839 4048 987 4085 mens
1033 4050 1138 4085 non
1179 4034 1310 4087 lava
1351 4032 1535 4087 fuisset
1552 4072 1567 4097 ,
1622 4035 1911 4105 Impulerat
1946 4032 2087 4087 ferro
2116 4032 2383 4105 Argolicas
2418 4042 2617 4085 tentare
2686 4034 2693 4039 ’

398 4159 407 4167 .
487 4116 775 4168 latebras».
811 4114 912 4166 En.

2498 4256 2513 4295 l
