2975 4684
499 316 637 386 280
1194 310 1733 380 EXCURSUS
1791 312 1915 381 111

423 505 436 521 ,
501 438 698 522 Quod
736 460 890 504 vero
933 452 998 505 et
1029 437 1097 499 in
1137 436 1504 499 narratione
1534 436 1820 501 Petronii
1852 434 2151 523 quaedam
2187 436 2441 515 insunt,
2469 456 2617 521 quae

497 541 842 606 convenire
897 539 1135 629 trigoni
1173 536 1511 619 videntur,
1544 560 1619 601 ea
1662 537 1937 602 similem
1985 552 2339 625 utrumque
2384 533 2619 600 ludum

497 664 636 707 esse
668 640 1043 706 ostendunt.
1071 638 1454 703 Communis
1476 640 1742 727 utrique
1768 638 1923 703 ludo
1948 660 2049 702 ars
2080 654 2149 703 et
2170 658 2423 702 summa
2448 653 2618 716 erat,

497 760 571 807 ut
604 744 732 832 pila
763 766 957 830 quam
999 740 1362 805 diutissime
1389 740 1691 804 manibus
1718 738 2083 804 ludentium
2112 738 2286 802 ultro
2322 738 2623 825 citroque

492 847 870 928 jactaretur,
903 866 1116 931 neque
1154 843 1220 905 in
1269 858 1509 905 terram
1542 839 1779 906 cadens
1824 841 2160 929 effugeret.
2198 840 2278 903 In
2318 837 2621 928 trigonali

495 947 622 1010 hoc
669 946 1082 1025 laboriosius,
1123 942 1335 1031 quod,
1367 940 1745 1007 ludentibus
1794 958 1975 1009 certo
2022 943 2169 1005 loco
2212 940 2622 1021 consumtis,

495 1046 624 1134 pila
673 1048 840 1113 intra
875 1045 1108 1109 limites
1144 1060 1210 1107 et
1233 1044 1404 1125 justa
1447 1044 1647 1133 spatia
1680 1044 1993 1108 continuo
2033 1043 2287 1125 jactari,
2320 1058 2386 1106 et
2416 1042 2626 1131 pulsi·

496 1144 620 1211 bus
653 1162 866 1211 certus
893 1145 1128 1211 modus
1163 1144 1456 1210 adhiberi
1498 1144 1779 1210 debebat
1796 1193 1815 1226 ,
1848 1161 1941 1227 et,
1992 1145 2109 1232 qui
2138 1144 2307 1208 ultra
2340 1142 2625 1232 spatium

492 1250 750 1330 jecerat,
767 1248 872 1312 vel
884 1246 1173 1336 effugere
1185 1247 1254 1309 in
1273 1263 1646 1334 terramque
1668 1244 1895 1312 cadere
1914 1246 2170 1328 siverat,
2197 1246 2253 1309 is
2277 1244 2626 1333 deliquisse

499 1354 903 1418 censebatur.
939 1352 1138 1435 Quod
1165 1352 1365 1443 igitur
1396 1367 1471 1415 ut
1498 1351 1919 1439 impedirent,
1954 1366 2229 1438 utraque
2252 1372 2456 1415 manu
2482 1364 2631 1412 ute-

496 1457 739 1519 bantur
770 1457 1016 1521 lusores
1032 1503 1050 1535 ‚
1093 1470 1159 1517 et
1186 1455 1288 1518 vel
1323 1452 1726 1540 expellebant
1742 1501 1763 1534 ‚
1800 1452 1903 1515 vel
1948 1450 2348 1539 excipiebant
2392 1470 2597 1513 manu
2610 1498 2630 1525 ‚

500 1579 583 1620 ne
616 1576 904 1643 unquam
933 1554 1203 1619 caderet.
1239 1553 1508 1619 Martial.
1544 1554 1674 1619 XII
1696 1602 1715 1635 ,
1749 1552 1871 1618 83:

780 1710 1028 1782 Captabit
1053 1708 1290 1780 tepidum
1312 1706 1494 1765 dextra
1516 1708 1749 1781 levaque
1774 1708 2036 1779 trigonem
2058 1744 2074 1771 ,

883 1794 1117 1867 Imputet
1142 1805 1382 1867 exceptas
1405 1802 1464 1845 ut
1494 1792 1593 1845 tibi
1618 1810 1753 1863 soepe
1776 1791 1931 1863 pilas.

501 1948 696 2013 Follis
713 1996 731 2029 ‚
765 1970 1184 2037 quocumque
1209 1947 1486 2025 volaret,
1517 1946 1585 2007 in
1613 1944 1857 2008 circulo
1884 1942 2091 2029 excipi
2110 1941 2193 2005 ab
2222 1941 2385 2021 alio,
2422 1938 2639 2026 pulsa-

500 2050 687 2137 rique
714 2050 915 2130 ultra,
952 2068 1018 2113 et
1047 2050 1142 2120 in
1155 2064 1392 2112 terram
1429 2044 1769 2128 decidens,
1800 2043 2082 2131 indeque
2130 2043 2484 2123 resultans,
2518 2054 2641 2104 aut

501 2152 666 2214 ultra
694 2150 944 2230 justum
979 2150 1272 2251 spatium
1290 2149 1545 2237 fugiens
1576 2146 1863 2215 revocari
1889 2143 2209 2233 reddique
2235 2157 2493 2232 poterat
2512 2141 2637 2229 (1).

502 2249 802 2314 Diversos
838 2271 1081 2336 eosque
1107 2250 1466 2339 praecipuos
1492 2249 1935 2336 pulsationum
1963 2246 2197 2313 modos
2222 2244 2469 2309 Saleius
2498 2264 2646 2305 ver·

511 2350 611 2413 bis
637 2354 996 2435 geminare,
1036 2372 1358 2429 revocare,
1391 2348 1649 2417 reddere
1676 2348 1977 2437 exprimit
1992 2396 2010 2429 ,
2046 2368 2192 2435 quoe
2216 2346 2444 2411 collata
2482 2366 2640 2407 cum

510 2452 588 2514 iis
605 2500 624 2531 ‚
662 2450 902 2538 quibus
929 2451 1032 2513 alii
1060 2452 1401 2538 scriptores
1435 2465 1715 2515 utuntur
1730 2498 1749 2532 ,
1782 2450 2099 2520 rationem
2137 2448 2275 2515 ludi
2307 2444 2485 2512 haud
2522 2466 2642 2533 pa-

481 2574 652 2645 urum
697 2549 1040 2616 declarant.
1088 2553 1340 2640 Nempe
1377 2552 1608 2615 emissa
1655 2553 1737 2616 ab
1774 2574 1913 2617 uno
1962 2552 2089 2640 pila
2126 2552 2195 2614 in
2232 2551 2643 2635 alterumque

507 2652 796 2731 conjecta
815 2700 834 2733 ,
867 2652 948 2717 ab
978 2654 1105 2717 hoc
1139 2653 1413 2741 repetito
1446 2654 1643 2741 pulsu
1668 2654 1769 2717 vel
1802 2653 1978 2732 rejici
2006 2670 2072 2716 et
2092 2651 2335 2716 remitti
2362 2648 2445 2713 ad
2464 2647 2646 2738 prio-

507 2776 644 2817 rem
695 2752 1006 2836 debebat,
1052 2752 1232 2843 quod
1275 2753 1613 2818 dicebatur
1661 2754 1950 2832 reddere,
1996 2754 2099 2817 vel
2141 2752 2525 2817 alioversum
2565 2750 2643 2813 in

509 2855 900 2943 obliquum
878 2856 1003 2936 jaci
1023 2904 1040 2938 ,
1077 2854 1254 2943 quod
1275 2856 1591 2944 expellere
1604 2904 1623 2937 ‚
1661 2857 2029 2945 expulsare,
2063 2853 2374 2943 expulsim
2399 2850 2639 2916 ludere.

510 2958 672 3040 Quae
703 2958 923 3021 omnia
948 2958 1190 3023 Saleius
1225 2958 1572 3044 complecti
1598 2956 1813 3021 verbis
1837 2955 2165 3021 volantem
2186 2956 2511 3040 geminare
2532 2952 2643 3039 pa·-

508 3057 640 3121 lam
671 3056 943 3122 videtur.
972 3057 1192 3122 Verbo
1218 3058 1478 3121 reddere
1504 3078 1584 3121 eo
1626 3078 1859 3136 sensu,
1887 3079 2022 3146 quo
2059 3055 2379 3136 diximus,
2415 3054 2513 3117 uti
2540 3054 2643 3117 vi-

511 3158 704 3224 detur
739 3160 1044 3225 Martialis
1058 3208 1077 3241 ,
1109 3158 1284 3240 XIV,
1311 3159 1434 3237 46,
1466 3158 1591 3223 sub
1619 3158 1918 3223 lemmate
1952 3156 2101 3220 Pila
2131 3152 2505 3243 trigonalis:

793 3308 844 3359 Si
875 3324 959 3359 me
983 3304 1268 3359 mobilibus
1296 3306 1397 3359 scis
1419 3304 1693 3377 expulsare
1714 3307 1921 3362 sinistris
1938 3344 1951 3365 ,

898 3390 1025 3441 Sum
1053 3400 1140 3441 tua
1167 3406 1182 3439 ε
1213 3389 1257 3441 si
1283 3388 1455 3442 nescis
1475 3428 1490 3455 ,
1528 3387 1722 3441 rustice
1745 3427 1761 3454 ,
1796 3386 1962 3442 redde
1984 3388 2163 3459 pilam.

512 3550 762 3637 Nempe
790 3548 1117 3613 remittere
1167 3562 1234 3611 et
1279 3545 1627 3611 retundere
1662 3547 1857 3635 pilam
1904 3548 1972 3610 in
2022 3562 2353 3610 auctorem
2388 3545 2643 3608 facilius

517 3668 687 3731 erat,
717 3671 914 3737 quam
948 3670 1088 3713 eam
1119 3648 1450 3735 expulsare
1467 3698 1484 3729 ,
1524 3648 1591 3712 et'
1611 3652 1787 3730 justo
1818 3648 2015 3713 modo
2042 3648 2351 3713 aliorsum
2384 3648 2643 3737 pellere.

590 3908 666 3973 (ι)
701 3902 838 3955 Hinc
863 3901 1126 3965 Isidorus,
1148 3904 1298 3975 Orig.
1326 3902 1425 3957 XV
1429 3902 1545 3967 111,
1572 3922 1689 3975 cap.
1712 3904 1805 3957 ult.
1834 3900 2127 3955 “Arenaria
2150 3914 2263 3963 est,
2286 3916 2393 3972 qua
2414 3897 2469 3951 in
2490 3915 2649 3969 grege

521 3990 725 4048 Iadimr,
749 3984 876 4039 dum
902 4004 966 4040 ex
989 3986 1190 4040 circulo
1209 3984 1533 4039 adstantium
1561 3984 2019 4057 spectantiumque
2037 3984 2257 4048 emissa,
2286 3980 2427 4035 ultra
2445 3984 2647 4055 justum

521 4072 745 4145 spatium
766 4071 930 4145 pilam
952 4070 1193 4143 excipere
1213 4055 1533 4144 lusumque'
1516 4070 1655 4125 mire
1674 4080 2107 4129 consueverunt·
