2975 4684
890 330 1317 403 CARMEN
1374 336 1508 402 AD
1565 330 2053 401 PISONEM.

2405 334 2540 423 247

515 460 803 549 Ipsaque
837 479 1137 550 possesso
1176 480 1365 526 mens
1403 470 1506 525 est
1539 453 1918 549 opulentior
1953 476 2138 521 auro.

517 566 687 655 Quis
726 581 837 635 tua
868 565 1201 635 cultorum
1225 616 1245 651 ,
1276 565 1544 659 juvenis
1580 562 1891 649 facunde,
1932 576 2202 631 tuorum

514 676 777 745 Limina
806 700 1064 770 pauper
1096 676 1273 761 adit,
1301 701 1502 770 quem
1536 699 1674 743 non
1703 674 2001 743 animosa
2035 672 2316 743 beatum·

511 787 813 881 Excipit,
846 801 916 857 et
950 788 1172 857 subito
1210 788 1405 880 juvat
1444 784 1864 881 indulgentia
1901 783 2150 853 censu?

514 898 851 992 Quodque
887 900 1097 993 magis
1134 897 1316 967 dono
1348 897 1550 967 fuerit
1591 896 1944 991 pretiosius
1977 894 2202 980 omni,

510 1007 753 1104 Diligis
790 1033 871 1078 ex
906 1032 1133 1103 aequ03
1168 1032 1293 1079 nec
1334 1024 1401 1079 te
1440 1007 1712 1077 fortuna
1750 1005 2066 1076 clientum
2087 1058 2107 1091 ,

414 1238 605 1289 vitium
638 1255 670 1290 a
702 1237 879 1291 colore
901 1238 1157 1311 subnigro
1187 1240 1433 1312 designa-

416 1329 559 1370 runt.
598 1318 676 1371 De
713 1318 889 1371 colore
924 1320 1227 1393 ferrugineo
1267 1320 1434 1375 multa

413 1396 723 1468 constipavit
739 1398 824 1452 Jo.
852 1398 1164 1451 Arntzenius
1184 1437 1201 1464 ,
1229 1398 1433 1453 dissert.

415 1475 489 1527 de
538 1476 713 1531 colore
755 1492 808 1531 et
852 1480 1079 1532 tinctura
1123 1497 1399 1533 comarum
1417 1518 1433 1543 ,

412 1557 641 1627 Traiect.
668 1557 739 1609 ad
774 1558 1050 1625 Rhenum,
1086 1560 1241 1629 1725,
1283 1560 1432 1625 itt-8,

412 1654 611 1708 pag.92
634 1659 674 1686 ιι.
699 1636 800 1689 En.

484 1720 573 1783 96.
600 1722 742 1769 Mens
778 1732 853 1768 est
887 1720 1159 1785 opulentior
1190 1736 1351 1779 aum‚·
1374 1717 1432 1771 h.

413 1817 461 1849 e.
490 1815 641 1849 mene
664 1796 934 1849 liberalior
960 1810 1015 1851 et
1042 1798 1148 1851 suis
1172 1798 1327 1869 bonis
1360 1796 1437 1849 di-

412 1876 515 1927 tior
528 1887 741 1947 superat
758 1873 969 1929 divitias
982 1897 998 1942 ;
1013 1889 1074 1929 ut
1083 1880 1240 1929 virtus
1260 1879 1435 1945 diosmis

414 1958 641 2007 anitnosa
680 1958 781 2007 suis
800 1992 815 2015 ,
838 1954 983 2026 quod
1026 1956 1099 2007 ait
1134 1956 1327 2009 Claud.
1367 1955 1436 2009 de

414 2042 569 2089 Cons.
591 2035 739 2087 Man.
772 2036 822 2087 5.
848 2034 936 2087 Sic
960 2034 1157 2089 Statius
1174 2073 1193 2099 ,
1222 2035 1349 2089 silv.
1376 2036 1401 2087 1
1416 2072 1433 2099 ,

418 2135 477 2177 π,
502 2114 833 2167 1212-Huic
858 2116 1101 2186 quamvis
1128 2134 1317 2169 census
1342 2115 1435 2169 de-

413 2191 587 2245 derim
618 2191 813 2263 largita
846 2193 1059 2257 beatos,
1091 2193 1271 2247 Vincit
1309 2196 1433 2265 opes'

412 2272 595 2327 auimo
610 2298 652 2325 κ.
676 2272 963 2343 Opulenti,
999 2285 1057 2325 ut
1093 2272 1340 2327 liberales
1384 2285 1435 2327 et

412 2350 683 2405 commodi
698 2389 713 2416 ,
728 2352 953 2405 subinde
966 2364 1309 2425 opponuntur
1322 2372 1437 2425 par·

414 2433 491 2486 cis
524 2445 577 2487 et
610 2432 780 2487 duris.
816 2433 1029 2485 Sallust.
1066 2433 1314 2504 Jugurth.
1338 2436 1435 2501 89:

416 2538 437 2559 a
462 2528 633 2583 neque
656 2512 777 2564 illos
802 2523 946 2565 arcte
968 2512 1143 2565 colam
1156 2548 1172 2573 ,
1198 2530 1283 2565 me
1305 2531 1437 2583 opu-

412 2592 649 2663 lenter»,
676 2590 733 2643 h.
774 2610 821 2644 e.
860 2611 965 2644 uon
1004 2610 1105 2661 ego
1139 2591 1261 2644 illos
1296 2604 1438 2645 arcte

412 2684 763 2743 contenteque
786 2670 1021 2735 habebo,
1046 2689 1133 2723 me
1160 2670 1331 2742 ipsum
1356 2671 1437 2723 in-

413 2750 691 2823 dulgenter
712 2763 763 2803 et
786 2750 1027 2804 delicate.

481 2830 569 2899 98.
588 2833 831 2883 Am'mosa
859 2833 1049 2881 beatum
1075 2832 1289 2897 Excipit.
1310 2830 1439 2882 Bea-

416 2923 495 2964 tos
516 2909 621 2965 dici
640 2910 928 2982 locupletes
951 2922 1005 2961 et
1028 2908 1205 2961 felices
1220 2950 1239 2975 ,
1256 2909 1443 2981 vulga-

416 3005 549 3044 tum.
568 2990 675 3045 Sed
689 2990 815 3062 quia
834 3004 1021 3042 auctor
1037 2989 1173 3053 vult,
1192 2989 1439 3042 Pisonem

414 3089 671 3143 pauperes
694 3069 911 3122 clientes
932 3068 1193 3139 excepisse
1212 3106 1229 3131 ,
1251 3079 1304 3119 et
1323 3069 1439 3139 opi-

414 3150 515 3202 bus
548 3150 656 3203 snis
686 3148 1014 3214 sublevasse,
1044 3148 1167 3200 hinc
1196 3148 1435 3217 Cuperus

414 3231 640 3284 observ.
661 3229 773 3294 111,
792 3246 841 3281 c.
870 3246 892 3279 1
916 3268 933 3294 ,
952 3237 1105 3301 putat
1120 3230 1308 3279 beatum
1326 3226 1435 3281 dici

414 3328 525 3361 non
563 3308 792 3380 potuisse
832 3316 1112 3379 exceptum
1128 3346 1145 3373 ,
1184 3306 1281 3378 qui
1324 3306 1435 3378 ipse

414 3388 561 3441 dives
597 3401 651 3443 et
683 3387 963 3461 opulentus
994 3386 1063 3439 sit
1080 3426 1099 3453 ,
1122 3397 1283 3458 atque
1312 3386 1437 3439 hinc

414 3468 560 3539 legit:
582 3488 727 3537 quem
749 3488 849 3520 non
872 3471 1099 3517 anainosa
1124 3481 1311 3521 reatum
1332 3472 1435 3519 Ex·

414 3552 555 3616 cipit,
577 3548 631 3601 h.
655 3568 701 3601 e.
723 3566 843 3601 eum
862 3586 877 3611 ‚
898 3547 990 3619 qui
1016 3548 1087 3599 ob
1113 3546 1435 3619 magnitudi-

413 3646 541 3681 nem
572 3630 690 3683 teris
728 3628 885 3681 alieni
915 3646 1039 3681 reus
1066 3639 1309 3699 peractus
1336 3639 1431 3681 est.

412 3707 519 3761 Sed
550 3723 739 3769 reatus,
763 3726 863 3778 pro
893 3726 959 3759 eo
996 3707 1089 3779 qui
1114 3726 1239 3761 reus
1264 3708 1435 3761 factus

414 3800 493 3840 est
508 3825 527 3851 ,
570 3790 795 3841 verbum
818 3788 1127 3841 inusitatum
1150 3799 1203 3840 et
1232 3787 1438 3840 inaudi-

412 3880 529 3919 tum
556 3879 657 3921 eet:
676 3867 757 3920 sin
784 3880 959 3921 autem
990 3867 1315 3920 substantive
1338 3885 1441 3938 pro

412 3946 721 4001 conditione
740 3959 793 4000 et
812 3959 951 4001 statu
974 3964 1188 3999 reorum
1214 3946 1443 4019 accipia-

414 4040 526 4091 tur,
548 4047 649 4081 nec
670 4028 773 4080 hoc
800 4026 1009 4081 admitti
1034 4044 1187 4098 posse
1208 4025 1444 4090 videtur,

416 4106 567 4180 quod
592 4108 867 4163 antecessit
890 4128 1095 4177 pauper.
1136 4108 1321 4177 Itaque
1350 4124 1445 4179 po-

1524 1240 1628 1295 tius
1666 1246 1856 1293 beatum
1883 1239 1952 1293 de
1981 1258 2046 1293 eo
2081 1240 2416 1311 interpretor,
2454 1239 2544 1309 qui

1523 1322 1696 1395 primo
1718 1318 1936 1394 quidem
1968 1330 2252 1392 antequam
2279 1318 2545 1391 excipere·

1523 1415 1610 1455 tur
1629 1420 1829 1473 pauper
1845 1413 1958 1453 erat
1973 1439 1988 1464 ,
2007 1419 2128 1453 mox
2148 1417 2211 1451 eo
2235 1398 2350 1469 ipso
2365 1440 2380 1463 ,
2403 1397 2548 1470 quod

1524 1482 1800 1552 excipitur,
1841 1482 2026 1533 beatus
2054 1478 2267 1532 videtur
2293 1476 2420 1541 sibi,
2458 1488 2550 1530 aut

1524 1562 1765 1633 proxime
1796 1558 2036 1613 beandus
2061 1570 2113 1612 et
2147 1556 2551 1627 locupletandus

1526 1653 1631 1707 est,
1657 1659 1812 1693 sensu
1841 1638 2008 1692 diviso
2024 1677 2040 1703 ,
2069 1636 2218 1709 quod
2238 1636 2416 1699 aiunt,
2439 1654 2547 1688 non

1522 1722 1828 1793 conjuncto.
1857 1719 1924 1771 Et
1951 1718 2055 1771 hoc
2087 1718 2318 1769 maxime
2352 1716 2550 1767 coufir-

1525 1810 1706 1853 matur
1744 1796 1930 1851 eadem
1969 1795 2226 1850 sententia
2268 1794 2549 1848 Claudiani

1522 1879 1594 1933 >de
1615 1879 1778 1933 Cous.
1803 1878 1956 1930 Proh.
1987 1878 2080 1941 46:
2109 1902 2132 1924 ιι
2157 1876 2386 1929 Cernere
2409 1892 2549 1927 sem·-

1521 1978 1619 2030 per
1645 1968 1753 2011 erat
1769 1992 1785 2019 ,
1824 1956 2035 2028 populis
2061 1954 2264 2007 undare
2287 1964 2502 2025 penates
2533 1971 2545 2005 :

1523 2036 1776 2091 Aseiduos
1819 2036 2018 2089 intrare
2063 2035 2246 2105 inopes
2261 2074 2276 2101 ‚
2311 2052 2548 2087 remeare

1521 2119 1702 2171 beatos
1725 2142 1770 2169 ι.

1596 2216 1664 2267 99
1673 2238 1686 2251 .
1700 2204 1848 2249 Juvat
1865 2198 2190 2265 indulgentia.
2211 2196 2520 2247 Liberalitas
2529 2237 2542 2260 ‚

1523 2276 1886 2329 beneficentia.
1905 2276 2104 2329 Bnnsn.
2125 2275 2283 2329 Corn.
2297 2275 2544 2327 Tacitus:

1525 2357 1834 2421 «Lenitati,
1871 2376 1934 2409 ac
1979 2354 2409 2426 magnificentioe‚
2452 2356 2548 2407 ali·
2657 2350 2662 2360 '

1525 2435 1742 2507 quando
1775 2436 1920 2488 luxui
1958 2434 2262 2505 indulgebat
2289 2458 2331 2485 ι.
2387 2436 2543 2488 Seu..

1525 2515 1652 2567 Hoec
1684 2515 1862 2586 potius
1897 2513 2175 2567 referenda
2195 2515 2368 2567 Taciti
2391 2514 2550 2565 verba

1526 2605 1704 2647 erant:
1733 2620 1756 2641 ιι
1779 2594 2096 2647 Facundiam
2121 2592 2330 2647 tuendis
2347 2594 2550 2645 civibus

1527 2673 1830 2736 exercebat,
1891 2673 2224 2744 largitionem
2299 2672 2553 2725 adversus

1525 2754 1747 2817 amicos,
1767 2767 1818 2805 et
1837 2753 2034 2824 ignotis
2052 2771 2268 2823 quoque
2287 2754 2426 2805 comi
2447 2771 2556 2803 ser-

1525 2852 1684 2887 mone
1721 2846 1772 2885 et
1813 2850 2096 2903 congressu
2129 2856 2174 2884 ·.
2221 2832 2366 2883 Tum
2402 2830 2552 2883 scho-

1527 2914 1703 2967 liastes
1730 2911 2028 2965 Juvenalis:
2055 2936 2082 2956 e·
2099 2910 2554 2982 Magnificentissi-

1527 3010 1616 3047 me
1641 2992 1768 3046 vixit
1787 3030 1804 3054 ‚
1833 2990 2032 3045 meritis
2061 2991 2338 3043 sublevare
2366 2990 2553 3061 inopes

1529 3092 1592 3125 ex
1615 3082 1844 3143 utroque
1869 3070 2056 3123 ordine
2075 3069 2288 3133 solitus,
2310 3068 2378 3121 de
2400 3070 2554 3141 plebe

1525 3162 1702 3205 autem
1749 3161 1921 3203 certos
1957 3150 2242 3221 quotannis
2279 3148 2346 3203 ad
2387 3168 2550 3223 eque-

1523 3242 1682 3285 strem
1721 3247 1938 3295 censum
1979 3228 2394 3301 dignitatemque
2431 3248 2552 3301 pro-

1522 3308 2152 3363 vehere».—-Simillimus
2174 3326 2302 3361 usus
2315 3308 2460 3361 vocis
2483 3313 2556 3360 in-

1523 3393 1782 3457 dulgentia
1817 3388 1963 3461 apud
1999 3387 2255 3459 Calpurn.
2293 3388 2404 3440 Ecl.
2447 3388 2546 3451 tv,

1523 3488 1604 3523 vs.
1628 3470 1724 3532 33,
1763 3480 1900 3521 «tua
1939 3486 2040 3523 nos
2079 3467 2170 3519 alit
2214 3465 2542 3538 indulgentia

1525 3552 1662 3603 farre
1691 3572 1738 3601 a»,
1770 3548 1875 3599 En.

1603 3648 1692 3681 101
1705 3668 1718 3680 .
1741 3630 1942 3695 Diligit,
1961 3626 2091 3677 Mic.
2111 3624 2224 3679 Col.
2245 3625 2314 3676 Hi
2339 3626 2554 3679 traxisse

1517 3706 1772 3761 'videntur
1823 3704 1890 3758 nd
1949 3704 2338 3757 nominativum
2387 3708 2551 3757 indul-

1523 3789 1726 3857 gemin,
1765 3804 1841 3839 vs.
1863 3802 1950 3853 99.
1985 3782 2088 3837 Sed
2117 3782 2263 3836 haud
2291 3781 2451 3837 dubie
2475 3786 2558 3837 Pi·

1529 3884 1712 3921 sonem
1732 3864 2038 3935 adloquitur
2061 3881 2076 3927 ;
2115 3863 2356 3933 sequitur
2377 3865 2520 3917 enim
2545 3886 2558 3916 :

1531 3968 1622 3999 nec
1640 3948 1914 4016 cej‘ortuna,
1940 3955 2042 3996 etc.
2057 3948 2272 3994 fortuna
2291 3948 2551 4007 colentum,

1533 4026 1664 4080 Mic.
1689 4026 1888 4079 Bersm.
1929 4024 2059 4095 (qui
2099 4036 2274 4075 tamen
2314 4025 2560 4095 pra-,ferre

1539 4105 1752 4159 videtur
1784 4107 2044 4165 clientum,
2099 4105 2274 4169 mete)
2309 4104 2424 4157 Col.
2474 4109 2566 4157 Cv-
