2975 4684
463 323 597 420 574

1317 325 1736 395 INCERTI

649 452 768 518 IX.
811 449 1095 518 Attoniti
1134 449 1444 516 Danaum
1487 473 1795 542 proceres
1832 448 2219 518 discrimine
2253 464 2443 520 tanto

552 562 692 629 Nec
721 559 1005 653 dapibus
1039 557 1332 628 relevant
1366 559 1626 629 animos
1648 611 1667 641 ‚
1706 583 1833 628 nec
1868 583 2155 654 corpora
2186 576 2459 644 curant,

552 671 685 740 Sed
721 671 943 740 miseri
988 693 1106 738 sua
1146 668 1280 738 fata
1317 683 1595 762 gemunt
1630 693 1646 736 :
1694 691 1853 736 mox
1884 668 2076 737 hoste
2110 669 2377 762 repulso

2524 697 2603 748 ⁶90

544 783 830 876 Legatos
865 781 1178 864 mittunt,
1219 777 1655 872 dextramque
1692 777 2053 847 hortantur
2088 778 2404 866 Achillis,

549 897 651 962 Ut
685 890 854 960 ferat
895 888 1218 960 auxilium
1265 889 1543 958 miseris.
1584 887 1978 958 Thetideius
2010 889 2213 958 heros

550 1006 690 1072 Nec
723 1006 1038 1071 Danaum
1075 1001 1252 1093 capit
1285 1023 1448 1068 aure
1494 1025 1761 1094 preceS,
1790 1025 1912 1070 nec
1950 1025 2233 1070 munera
2278 1003 2453 1095 regis

549 1111 706 1182 Ulla
747 1111 990 1181 referre
1035 1111 1218 1204 cupit
1257 1137 1272 1176 ε
1321 1133 1543 1203 neque
1585 1111 1767 1178 enim
1810 1107 2001 1180 illum
2040 1110 2341 1182 redditus
2376 1113 2549 1206 ignis

551 1229 689 1292 Aut
727 1223 971 1291 intacta
1008 1245 1128 1289 suo
1173 1221 1415 1290 Briseis
1449 1245 1731 1314 corpore
1764 1221 1997 1290 movit.

2518 1247 2597 1296 ⁶9⁵

547 1335 743 1402 Irrita
789 1333 986 1426 legati
1022 1329 1320 1400 referunt
1355 1354 1671 1423 responsa
1714 1328 2051 1426 Pelasgis:

545 1444 718 1510 Hinc
757 1442 1042 1534 dapibus
1080 1455 1320 1509 curant
1355 1441 1617 1510 animos
1652 1438 1920 1536 lenique
1956 1466 2218 1536 sopore.

645 1557 728 1622 X.
783 1551 1010 1622 Altera
1047 1552 1398 1621 transierat
1442 1549 1631 1620 tarde
1668 1549 2045 1621 labentibus
2080 1553 2314 1636 astris»,

520 1787 642 1854 690.
666 1789 788 1834 Moa-
801 1787 937 1833 hoste
952 1785 1166 1850 repulso.
1180 1779 1268 1832 Sic
1287 1776 1472 1850 scripti

447 1863 792 1934 impressique
835 1863 1038 1933 legunt,
1072 1859 1167 1913 sed
1208 1858 1471 1930 corrigen-

447 1942 576 1996 dum
596 1942 806 1994 videtur
827 1961 946 1994 mox
971 1943 1105 1992 hoste
1135 1941 1329 2007 repulsae‘.
1348 1934 1471 1988 Vid-

447 2023 710 2075 Excursus
743 2022 946 2094 primus
983 2019 1052 2074 ad
1087 2020 1286 2072 calcem
1313 2016 1472 2088 hujus

449 2121 717 2154 carimms,

513 2184 544 2234 6
551 2198 581 2246 9
591 2198 612 2232 1
623 2186 976 2248 ,Dextramque
993 2178 1450 2229 hortantur-Achillis
1459 2220 1470 2232 .

451 2262 695 2312 Dextram
730 2259 834 2312 hoc
870 2257 988 2309 loco
1012 2256 1174 2310 fidem
1197 2256 1474 2326 designare

450 2342 688 2392 observat
706 2337 974 2402 Barthius,
992 2355 1045 2407 p.
1067 2337 1322 2406 28o7‚qui
1343 2353 1473 2408 prae-

447 2431 588 2472 terea
613 2418 792 2470 multis
813 2417 942 2470 locis
959 2417 1212 2469 Veterum
1235 2413 1480 2469 adductis

451 2499 659 2568 probat,
674 2496 910 2550 dextram
927 2494 1152 2548 invicem
1169 2493 1346 2548 datam
1363 2515 1476 2549 esse

449 2578 505 2630 in
537 2576 778 2630 amicitiae
810 2575 1041 2646 signum,
1063 2574 1262 2628 favoris
1287 2585 1339 2627 et
1369 2576 1476 2628 cle-

445 2657 656 2710 mentiae
679 2674 696 2720 ς
733 2655 860 2708 item
911 2653 1219 2726 praebitione
1271 2653 1466 2708 dextrae

444 2737 814 2808 promissiones
833 2746 1042 2787 mutuas
1061 2734 1227 2787 factas
1241 2774 1257 2800 ,
1275 2751 1466 2806 pacem

445 2815 786 2887 compositam
833 2827 886 2866 et
929 2813 1126 2866 foedera
1163 2813 1290 2866 icta.
1333 2813 1464 2879 Quae

444 2897 620 2948 omnia
637 2933 652 2958 ,
671 2895 795 2948 satis
815 2907 940 2947 nota
955 2932 971 2957 ,
990 2894 1077 2946 hic
1097 2905 1332 2965 repetere
1351 2891 1468 2946 lon·

444 2995 568 3046 gum
603 2987 696 3028 est.
723 2975 905 3027 Unum
933 2986 987 3026 et
1016 2973 1238 3026 alterum
1272 2973 1458 3025 assero·

445 3055 623 3108 valer.
663 3055 835 3108 Flacc.
873 3054 962 3117 11,
989 3055 1111 3124 639,
1136 3052 1203 3106 de
1239 3053 1460 3125 Cyzico:

444 3135 558 3186 «Ut
585 3131 756 3194 videt,
785 3134 895 3202 ipse
927 3133 1067 3186 ultro
1103 3132 1304 3202 primus
1343 3151 1463 3203 pro-

444 3213 608 3265 currit
634 3211 700 3263 ad
731 3211 926 3278 undas,
945 3212 1275 3284 Miraturque
1293 3211 1462 3278 viros,

445 3291 732 3362 dextraque
763 3291 1032 3360 amplexus
1061 3302 1108 3342 et
1139 3290 1342 3344 hoerens
1374 3291 1466 3344 In·

446 3371 570 3442 cipit
587 3397 626 3422 ιι.
669 3368 816 3422 Idem
861 3369 996 3423 libro
1032 3371 1144 3436 III,
1179 3377 1238 3432 14
1265 3388 1278 3422 :
1310 3390 1466 3424 «ma-

446 3452 708 3522 nibusque
748 3449 878 3502 datis
911 3452 1134 3523 junxere
1172 3463 1425 3520 nepotes·
1447 3491 1464 3517 ‚

446 3531 500 3584 h.
533 3551 576 3584 e.
613 3542 927 3604 perpetuum
967 3528 1135 3582 foedus
1167 3529 1220 3580 in
1255 3547 1466 3582 omnem

445 3611 798 3682 posteritatem
827 3611 1060 3662 fecerunt
1101 3608 1221 3676 (sed
1242 3609 1316 3662 ibi
1335 3610 1466 3662 Gro—

445 3692 633 3744 novius
667 3690 778 3742 5·ult
810 3691 1058 3757 penates).
1089 3691 1314 3759 Prosper
1331 3689 1466 3742 libro

444 3769 511 3824 de
527 3772 729 3841 Ingrat.
752 3796 776 3814 κ
792 3769 872 3820 An
901 3767 1158 3830 dextram,
1182 3769 1326 3839 pacis
1354 3768 1470 3839 pal-

445 3870 584 3904 mam
606 3891 620 3915 ,
661 3848 785 3901 dare
821 3861 872 3900 te
912 3848 1074 3919 pudet
1110 3848 1248 3901 hosti
1268 3873 1316 3900 ι.
1355 3848 1469 3900 Hoc

443 3929 606 3982 nostri
633 3928 944 3988 Homciistae
961 3926 1080 3980 loco
1103 3947 1196 4000 per
1218 3931 1465 3988 dextram,

445 4025 503 4060 ut
540 4027 650 4060 mea
691 4005 906 4079 quidem
951 4006 1052 4058 sert
1102 4007 1314 4078 opinio,
1360 4025 1470 4058 non

443 4087 602 4138 modo
621 4085 750 4138 fides
779 4098 828 4136 et
855 4086 1082 4138 amicitia
1104 4086 1318 4139 Achiuis
1339 4127 1353 4150 ,
1376 4085 1469 4141 sed

1560 1790 1611 1831 et
1640 1777 1897 1832 fortitudo
1926 1791 1978 1830 et
2014 1779 2095 1832 vis
2130 1779 2319 1834 bellica
2360 1793 2592 1836 notatur.

1632 1863 1754 1928 692.
1770 1863 2028 1913 Auxilium
2050 1865 2247 1913 Danais
2264 1861 2333 1915 G.
2359 1881 2415 1915 2:
2441 1863 2592 1917 haud

1562 1937 1725 1992 dubie
1750 1959 1819 1993 ex
1855 1941 2045 2012 glossa.
2072 1945 2289 1994 Theoeius
2322 1947 2469 1995 heros
2504 1943 2591 1996 ed.

1560 2019 1689 2072 Tor.
1728 2021 1819 2074 alii
1859 2019 2039 2074 adhuc
2080 2022 2397 2092 corruptius.
2430 2023 2611 2075 Theti-²

1561 2104 1697 2152 deins
1709 2140 1723 2162 ,
1753 2119 1942 2172 nempe
1960 2100 2203 2154 Thetidis
2220 2100 2360 2154 filius
2380 2143 2395 2168 ‚
2416 2103 2594 2172 legen-

1564 2178 1692 2233 dum
1716 2199 1829 2234 esse
1848 2179 1980 2232 vidit
2001 2180 2317 2246 Bussenius,
2338 2199 2462 2252 pag.
2484 2181 2553 2234 36
2570 2219 2590 2244 ,

1567 2258 1735 2332 idque
1766 2261 1884 2314 aliis
1918 2261 2051 2313 loeis
2072 2259 2253 2312 Nostri
2275 2273 2418 2313 recte
2446 2261 2591 2331 poni-

1567 2351 1673 2406 tur,
1690 2352 1752 2394 ut
1768 2359 1847 2393 vs.
1870 2341 1989 2410 897,
2022 2339 2125 2408 943
2154 2350 2205 2392 et
2242 2342 2365 2406 962.
2391 2340 2461 2392 Et
2484 2341 2589 2394 hoc

1566 2421 1686 2474 loco
1707 2420 1771 2473 G.
1796 2439 1819 2474 1
1850 2423 2122 2473 Tkicideius.

1626 2503 1755 2568 694.
1778 2504 1891 2552 Ulla
1904 2501 2053 2567 senes
2084 2501 2213 2566 cepit
2226 2498 2293 2550 H.
2318 2505 2425 2552 Nec
2452 2503 2583 2550 enim

1562 2583 1697 2633 illum
1718 2580 1935 2630 redditus
1960 2597 1989 2630 e
2009 2577 2073 2630 G.
2104 2597 2133 2630 2
2160 2577 2401 2641 reddidi,
2419 2597 2587 2650 quum

1554 2658 1787 2729 vulgata
1810 2657 2047 2710 habeant
2066 2676 2165 2708 non
2196 2659 2328 2709 illum
2348 2661 2581 2712 reddimus.

1626 2737 1753 2808 695.
1791 2739 1971 2788 Briseis
1992 2740 2056 2788 de
2074 2755 2276 2804 corpore
2298 2740 2443 2790 movit
2462 2739 2521 2790 L.

1624 2823 1749 2888 697.
1790 2819 1919 2868 Hinc
1950 2817 2154 2883 dapibus
2191 2813 2317 2870 dedi
2344 2818 2489 2870 exG.
2512 2837 2543 2869 2
2566 2835 2583 2869 :

1554 2898 1643 2952 alii
1674 2898 1856 2968 legunt
1890 2900 1953 2946 Ec
1988 2896 2191 2962 dapibus
2224 2911 2417 2948 curant.
2448 2895 2587 2950 Huic

1551 2976 1725 3032 versui
1755 2975 1915 3028 alium
1954 2973 2226 3045 subjungit
2247 2973 2313 3028 G.
2336 2993 2399 3030 a:
2436 3001 2459 3022 a
2484 2981 2584 3029 Per

1552 3074 1810 3111 conversa
1834 3053 1945 3126 poli
1971 3071 2137 3125 quum
2161 3053 2317 3107 tertia
2344 3073 2465 3126 pars
2496 3075 2587 3108 su-

1551 3146 1781 3208 peresset
1801 3159 1822 3179 ι
1852 3151 1866 3185 :
1908 3131 2053 3203 quod
2076 3130 2499 3188 additamentum
2524 3147 2583 3187 et

1553 3217 1813 3288 glossema
1841 3212 1979 3264 male
2002 3223 2183 3264 natum
2208 3232 2351 3280 esse,
2366 3233 2397 3266 e
2422 3233 2581 3267 versu

1554 3299 1657 3364 699
1678 3293 1977 3365 perspicere
1994 3301 2089 3344 est.

1624 3375 1745 3442 698.
1772 3369 1943 3423 Valde
1978 3371 2217 3442 corrupti
2260 3371 2350 3424 hic
2400 3382 2451 3424 et
2496 3391 2581 3426 se·

1554 3472 1723 3525 quens
1750 3469 1929 3504 versus
1957 3461 2157 3502 exstant
2192 3451 2245 3502 in
2278 3451 2583 3504 librisNul-

1554 3544 1683 3604 gatae
1702 3531 1883 3604 legunt
1910 3532 2125 3584 Alterius
2146 3533 2303 3582 noctis
2336 3535 2480 3582 tarde
2502 3535 2581 3583 la-

1556 3614 1771 3664 bentibus
1808 3615 1973 3663 ascris.
2016 3609 2193 3664 Guelf.
2236 3629 2259 3662 1
2300 3629 2315 3662 :
2374 3615 2581 3662 Ulmum

1559 3695 1767 3742 tenebra
1796 3695 1952 3743 tarde.
1974 3689 2191 3744 Helmst.
2213 3702 2263 3742 et
2285 3689 2351 3742 G.
2378 3710 2407 3741 2
2431 3709 2444 3742 :
2486 3696 2579 3742 Al-

1559 3775 1704 3822 terius
1728 3775 1937 3822 tenebret
1957 3790 1975 3820 .·
2013 3768 2153 3825 idem
2172 3770 2241 3822 G.
2270 3790 2299 3821 2
2319 3782 2371 3822 et
2389 3771 2447 3822 L.
2480 3791 2579 3826 aar·

1559 3854 1633 3902 dis
1652 3851 1935 3910 labentibus,
1960 3863 2011 3902 et
2034 3853 2099 3903 A.
2120 3853 2269 3902 armis
2290 3868 2388 3920 pro
2414 3854 2579 3903 astris.

1559 3929 1825 3992 Quoniam
1872 3929 1959 3982 hic
2000 3947 2149 3982 nova
2192 3929 2297 3993 rei,
2356 3949 2463 3982 non
2504 3931 2579 3982 al—

1560 4019 1669 4060 tera
1704 4007 1949 4078 quidem,
1974 4006 2066 4062 sed
2098 4007 2283 4062 eadem
2314 4021 2467 4062 nocte
2488 4028 2579 4080 ge-

1559 4098 1681 4146 stat,
1720 4099 1775 4140 ut
1816 4106 1876 4140 ex
1918 4087 2151 4142 Homero
2188 4101 2433 4158 apparet,
2462 4109 2581 4142 uar-
