2975 4684
448 319 592 391 286
967 345 972 356 ·
1153 320 1695 389 EXCURSUS
1750 322 1859 387 IV

437 446 608 510 bulte
648 441 1148 529 descriptionem
1181 456 1414 505 nostrae
1432 488 1451 523 ,
1481 464 1609 529 qna
1648 440 1847 507 hodie
1876 440 1947 505 in
1982 440 2141 505 ludo
2176 441 2569 507 calculorum

369 554 380 567 “
443 547 710 625 utimur,
753 539 1038 607 ostendit
1083 542 1314 606 Pollux
1333 591 1349 618 ,
1383 544 1718 607 Onomast.
1764 543 1876 607 lib.
1928 542 2061 625 lx,
2098 564 2235 631 (ηρ.
2272 564 2337 631 7,
2366 545 2481 609 ubi
2512 559 2571 609 τὸ

435 659 646 711 πλινθίον
665 644 824 709 dicit
843 653 1008 725 χώρας
1031 654 1080 705 ἐν
1107 656 1364 723 γραμμαῖς
1384 648 1705 724 &twega-ivae
1730 655 1841 723 ἔχον
1856 692 1875 717 ,
1911 674 1937 699 ⁸
1951 644 2091 708 loen
2111 645 2299 709 lineis
2320 646 2571 709 inclusa

437 750 541 813 vel
569 746 866 813 distincta
899 744 1144 809 habens
1165 775 1218 809 ».
1244 744 1488 808 Probat
1518 745 1713 807 etiam
1737 744 1976 826 Varro,
2006 746 2122 833 qui
2158 744 2325 808 libro
2359 747 2455 811 IX
2487 746 2571 809 de

443 850 512 915 L.
540 850 614 913 L.
640 872 706 938 p.
743 847 864 912 130
880 896 899 929 ,
921 876 948 902 α
967 847 1036 911 in
1068 845 1286 909 tabula
1303 894 1320 927 ,
1343 846 1412 909 in
1447 868 1577 933 qua
1606 846 1985 911 latrunculis
2011 846 2283 930 ludunt,
2308 847 2569 912 ordines

440 952 632 1017 binos
661 950 850 1041 dirigi
874 949 996 1029 ait,
1015 970 1184 1012 unos
1211 964 1643 1028 transversos,
1666 949 1899 1013 alteros
1926 947 2266 1013 directos».
2290 948 2569 1013 Ordines

442 1054 682 1119 scilicet
717 1049 872 1116 dicit
915 1051 1111 1114 series
1158 1049 1501 1139 regionum
1532 1050 1635 1113 vel
1668 1051 1961 1114 locorum
1980 1098 1999 1131 ,
2026 1050 2243 1114 colore
2278 1050 2568 1114 diverso-

441 1178 625 1235 rum,
665 1169 732 1218 et
775 1152 1137 1217 alternatim
1179 1152 1594 1233 junctorum,
1648 1174 1793 1239 quae
1848 1168 1979 1216 tam
2036 1151 2283 1217 directe
2308 1198 2327 1233 ,
2370 1174 2567 1240 quam

441 1271 800 1319 transverse
829 1251 1219 1342 diriguntur.
1248 1252 1563 1316 Praeterea
1586 1274 1623 1316 e
1661 1252 1924 1318 Polluce
1952 1254 2367 1343 intellig-imus
2382 1302 2400 1335 ‚
2428 1265 2569 1317 πόλιν

447 1357 640 1420 etiam
683 1370 986 1419 vocatum
1037 1376 1175 1419 esse
1221 1370 1365 1431 tum
1411 1354 1627 1442 ipsum
1663 1365 1870 1419 πλινθίον
1888 1402 1901 1423 ,
1932 1370 2075 1419 tum
2111 1355 2392 1445 singulas
2430 1355 2569 1435 ejus

441 1458 756 1546 regiones.
795 1453 984 1519 Unde
1018 1454 1100 1519 de
1131 1456 1275 1543 ipso
1299 1454 1458 1521 ludo
1481 1455 1817 1521 dicebatur
1839 1466 2003 1527 πᾶλιις
2028 1466 2247 1533 παίζειν,
2272 1457 2449 1521 urbes
2476 1459 2569 1522 lu-

439 1560 600 1623 dere.
647 1557 846 1640 Quod
879 1558 1150 1647 explicat
1183 1556 1542 1645 Hesychius
1574 1581 1589 1621 ἰ
1634 1569 1795 1629 πόλεις
1824 1567 2043 1630 παίζιιν,
2076 1564 2429 1639 παροιμιῶδες·
2480 1570 2567 1623 καὶ

436 1666 576 1723 &aaut
600 1670 944 1739 μετενηνέχθαι
971 1669 1071 1721 ἀπὸ
1101 1675 1197 1721 τῶν
1224 1669 1335 1729 ταῖς
1362 1668 1530 1738 ψήφοις
1558 1670 1829 1729 παιζόντων
1851 1705 1865 1725 ,
1903 1672 2014 1730 ταῖς
2043 1670 2327 1741 λεγομέναις
2362 1676 2441 1723 νῦν
2476 1670 2565 1741 μὲν

438 1770 644 1840 χώραις,
662 1767 776 1820 τοτὲ
796 1760 857 1819 δὲ
883 1767 1074 1819 πόλεσι.
1347 1766 1354 1773 ’

531 1854 816 1935 Calculi,
843 1852 1081 1943 quibus
1109 1869 1388 1918 utuntur
1422 1854 1551 1918 hoc
1586 1854 1654 1918 in
1689 1854 1847 1919 ludo
1864 1903 1881 1937 ,
1904 1856 2222 1945 sigillatim
2250 1872 2565 1921 vocantur

439 1954 699 2037 milites,
746 1954 1103 2035 bellatores,
1134 1956 1235 2020 vel
1280 1954 1586 2035 latrones,
1632 1954 1866 2020 Graecis
1906 1966 2067 2031 κύνες,
2095 1956 2244 2044 quia
2287 1957 2562 2021 formam

437 2060 719 2148 aliquam
764 2059 964 2146 praelii
1010 2058 1111 2122 vel
1162 2072 1549 2147 oppugnatae
1596 2057 1777 2121 urbis
1822 2058 2045 2142 habet,
2090 2059 2439 2147 omniaque
2485 2083 2563 2123 ex

438 2160 686 2225 insidiis
716 2174 1019 2249 aguntur.
1051 2160 1139 2221 Ut
1169 2158 1413 2223 Saleius
1438 2156 1667 2223 milites
1692 2174 1907 2240 vocat,
1935 2160 2020 2223 ita
2056 2160 2324 2226 Ovidius
2358 2160 2561 2225 latro-

438 2292 576 2345 nes,
604 2270 743 2331 Art.
779 2268 922 2330 Am.
955 2264 1068 2328 lib.
1100 2265 1234 2346 III,
1261 2264 1385 2351 357
1411 2290 1426 2330 τ

711 2423 986 2493 Cautaque
1005 2441 1112 2485 non
1130 2423 1288 2477 stulte
1303 2424 1573 2477 latronum
1590 2426 1769 2498 prolia
1785 2427 1933 2481 ludat
1946 2466 1963 2492 ,

785 2506 938 2559 Unus
962 2524 1128 2578 quum
1152 2507 1364 2579 gemino
1391 2506 1624 2561 calculus
1653 2510 1803 2564 hoste
1827 2511 1960 2581 perit
1978 2553 1993 2577 ,

715 2588 1052 2661 Bellatorque
1073 2608 1172 2645 suo
1195 2608 1419 2663 prensus
1439 2592 1555 2646 sine
1574 2610 1822 2665 compare
1846 2594 2019 2647 bellat.

436 2749 840 2815 Lacr-uacuus
859 2749 1072 2820 ludere
1097 2750 1338 2815 Seneca
1357 2800 1376 2833 ,
1391 2753 1577 2839 epist.
1604 2776 1731 2836 cvr,
1755 2771 1822 2818 et
1844 2753 1927 2819 de
1945 2756 2300 2844 Tranquill.
2326 2757 2555 2835 animi,

435 2876 571 2942 cap.
615 2856 728 2933 14,
761 2868 826 2916 et
866 2852 1146 2933 Plinius,
1178 2852 1344 2917 Hist.
1384 2853 1532 2919 Nat.
1571 2854 1767 2938 VIII,
1798 2879 1854 2921 c.
1892 2857 2010 2939 54,
2044 2856 2218 2921 dicit.
2246 2858 2557 2922 Latrones

432 2971 648 3019 autem
681 2953 1036 3041 antiquitus
1073 2953 1452 3019 dicebantur
1489 2955 1720 3021 milites
1752 2958 2071 3046 stipendia
2104 2976 2451 3041 merentes,
2482 2976 2557 3024 ut

433 3056 802 3138 Souterius,
841 3054 922 3119 de
972 3055 1175 3121 Aleat.
1221 3058 1288 3138 Ι,
1320 3080 1458 3145 cap.
1495 3056 1567 3138 5,
1606 3081 1643 3123 e
1692 3058 1899 3123 Plauti
1942 3061 2347 3150 aliorumque
2397 3061 2555 3125 locis

432 3157 748 3247 probavit.
789 3160 843 3222 A
880 3158 1184 3245 prosaicis
1215 3158 1637 3247 scriptoribus
1674 3160 1897 3225 calculi
1930 3164 2129 3252 magis
2171 3162 2552 3243 latrunculi,

431 3282 628 3347 quam
657 3257 890 3322 milites
914 3276 1251 3342 vocantur,
1278 3260 1428 3348 quia
1463 3261 1789 3325 latronum
1818 3262 2203 3327 vocabulum
2222 3312 2241 3345 ,
2267 3262 2349 3327 ad
2380 3285 2553 3352 gras—

431 3377 671 3427 satores
690 3410 709 3441 ,
745 3358 1084 3447 praedones
1123 3378 1190 3425 et
1233 3362 1493 3427 sicarios
1531 3362 1896 3427 traductum
1913 3412 1932 3445 ,
1974 3366 2173 3454 magis
2206 3364 2551 3431 convenire

431 3464 586 3527 huic
621 3459 780 3526 ludo
819 3460 1028 3525 visum
1069 3476 1204 3542 est,
1243 3463 1312 3525 in
1351 3485 1484 3549 quo
1536 3464 1751 3527 omnia
1809 3464 2057 3529 insidiis
2100 3482 2167 3530 et
2211 3465 2551 3541 calliditate

432 3582 748 3655 aguntur3
776 3561 1096 3649 siquidem
1125 3562 1329 3626 Varro
1363 3563 1443 3627 de
1475 3566 1549 3629 L.
1586 3566 1657 3629 L.
1691 3564 1801 3629 lib.
1831 3565 1960 3648 VI,
1988 3589 2053 3654 p.
2088 3590 2175 3630 m.
2208 3567 2289 3654 75
2310 3614 2331 3647 ,
2354 3566 2551 3631 latro-

432 3690 546 3732 nes
581 3666 663 3729 ab
695 3687 773 3729 eo
810 3662 1018 3727 dictos
1049 3663 1242 3729 tradit
1259 3712 1277 3746 ,
1303 3665 1483 3753 quod
1512 3667 1757 3731 lateant
1787 3668 1879 3731 ad
1906 3668 2161 3732 insidias
2171 3666 2544 3756 faciendas.

427 3768 618 3834 Unde
633 3766 966 3847 Martialis,
1003 3768 1178 3847 xlv,
1215 3791 1316 3849 20,
1345 3765 1577 3833 ludum
1611 3791 1763 3832 eum
1794 3770 2221 3833 insidiosorum
2250 3769 2419 3833 bella
2448 3770 2549 3833 la-

429 3888 676 3936 tronum
706 3885 911 3933 vocat.
937 3868 1206 3934 Materia
1235 3870 1628 3935 calculorum
1663 3872 1853 3936 varia.
1895 3872 1949 3935 E
1981 3872 2149 3935 vitro
2188 3886 2253 3935 et
2294 3892 2545 3960 gemma

429 3972 826 4038 latrunculos
856 3970 1058 4034 factos
1087 3970 1346 4059 plurimi
1365 3972 1673 4035 Veterum
1699 3973 1825 4037 loci
1854 3971 2121 4053 docent,
2146 3970 2260 4036 sed
2286 3988 2355 4035 et
2376 3994 2455 4035 ex
2479 3972 2549 4034 li-

429 4096 558 4163 gno
583 4088 648 4136 et
677 4071 875 4136 ebore
897 4071 1174 4135 subinde
1203 4089 1410 4159 sectos
1442 4074 1773 4161 probabile
1806 4090 1919 4139 est.
1957 4074 2332 4137 Mucianum
2367 4068 2543 4136 fictas
