2975 4684
755 366 1203 434 EPITOME
1265 362 1682 430 ILIADOS
1744 359 2173 429 HOMERI.

475 487 1096 579 Archelochumque
1135 482 1595 553 Antenoriden
1624 480 2049 551 Telamonius
2076 480 2279 573 Ajax‚

2366 352 2502 427 583

2430 514 2505 553 79⁰

469 606 905 691 Boeotumque
929 601 1208 667 Acamas
1227 594 1703 677 Promwhnm,
1720 617 1921 685 quem
1950 593 2185 663 sternit
2208 606 2501 661 atrocem

471 708 726 778 Penelei
769 707 1034 791 dextra,
1067 704 1220 773 inde
1255 703 1436 773 cadit
1474 704 1801 772 Priameia
1838 702 2065 797 pubes.

561 820 708 887 XV.
755 818 992 887 Acrius
1025 817 1384 908 insurgunt
1402 816 1611 883 Troes
1644 812 1731 881 ad
1762 813 2049 883 Achaica
2088 810 2294 896 bella,

463 934 976 1020 Instaurantque
1015 948 1292 1009 manus3
1331 924 1509 993 cedit
1538 922 1847 1018 Pelopeia
1884 924 2094 991 virtus

470 1040 662 1108 Pulsa
699 1053 916 1123 metu,
955 1036 1334 1129 vallumque
1365 1048 1434 1102 et
1466 1058 1695 1101 muros
1735 1056 1975 1127 aggere
2010 1047 2231 1127 septos
2424 1051 2500 1103 7⁹⁵

464 1149 904 1233 Transiliunt;
941 1145 1050 1217 alii
1089 1146 1294 1215 fossas
1331 1142 1691 1213 volvuntur
1727 1146 1797 1213 in
1836 1144 2031 1237 ipsas.

469 1259 755 1329 Advolat
790 1260 1038 1327 interea
1080 1260 1394 1327 Danaum
1433 1270 1681 1338 metus,
1718 1254 2001 1347 impiger
2030 1258 2279 1323 Hector
2309 1278 2325 1319 ε

432 1354 886 1462 Ὀοιιῖυςίιιηῑ
925 1370 1166 1436 iterum
1205 1365 1290 1434 ad
1327 1364 1567 1433 classes
1608 1363 2127 1457 Agamemnonis
2160 1360 2307 1447 alae,

467 1486 685 1572 Atque
715 1476 868 1547 inde
907 1477 1198 1545 adversis
1233 1472 1619 1569 propellunt
1654 1473 1907 1543 viribus
1940 1472 2217 1541 hostem.

372 1663 469 1721 462
494 1686 518 1699 ο
540 1658 670 1721 488,
715 1654 1018 1708 emendatos
1066 1653 1276 1725 accepi,
1321 1670 1390 1705 ne

369 1736 588 1811 singulis
633 1734 1047 1787 aber-rationibus
1095 1732 1388 1785 scribarum

364 1831 416 1871 et
456 1818 698 1870 monstris
735 1816 1116 1871 vocabulorum
1157 1812 1266 1867 huc
1306 1831 1392 1865 re-

365 1895 594 1950 ferendis
643 1909 694 1948 et
747 1892 1068 1966 corrigendis
1120 1892 1386 1943 immorari

363 1996 574 2030 necesse
603 1978 837 2029 habeam.
867 1982 1129 2025 Protenora
1159 1972 1242 2024 vel
1269 1978 1388 2023 Pm-

361 2062 592 2117 ehenora,
621 2054 764 2128 qnod
803 2054 858 2107 in
889 2053 1114 2124 vulgatis
1154 2062 1230 2104 est
1250 2089 1265 2113 ‚
1296 2050 1386 2103 ille

361 2137 432 2189 ab
458 2138 572 2207 ipso
597 2148 811 2189 auctore
855 2134 1108 2205 scriptum
1147 2150 1260 2185 esse
1283 2150 1382 2202 pu-

363 2227 438 2266 tat
454 2256 468 2280 ,
488 2215 609 2269 licet
639 2213 928 2268 secundum
949 2214 1238 2265 Homerum
1260 2218 1378 2262 Pm-

362 2298 596 2346 tlzoonora
635 2292 969 2347 scribendum
1007 2293 1100 2357 sit,
1141 2309 1205 2345 eo
1235 2289 1378 2363 quod

363 2372 502 2425 idem
533 2392 726 2427 nomen
753 2382 940 2425 auctor
967 2390 1122 2442 supra
1143 2406 1157 2431 ,
1187 2388 1238 2421 v.
1264 2372 1380 2438 167,

359 2451 596 2506 similiter
607 2452 874 2506 extulerit:
895 2456 1086 2504 Clom'm
1106 2454 1212 2501 dux
1231 2461 1381 2515 aeque

359 2538 604 2596 Proeenor.
627 2532 732 2585 Sed
755 2532 998 2585 vitiosum
1037 2550 1101 2581 eo
1137 2528 1256 2581 loco
1281 2545 1376 2579 no-

359 2613 558 2665 minum
581 2612 812 2683 positum
831 2628 944 2663 esse
958 2652 972 2675 ,
992 2608 1190 2661 ibidem
1210 2618 1380 2660 osten·

361 2690 416 2742 (li
447 2710 476 2745 e
503 2692 731 2763 scriptis.
755 2690 1012 2757 Quamvis
1031 2688 1378 2750 Munckerus,

359 2790 386 2821 a
441 2770 736 2824 Bondsmio
778 2768 1066 2833 adductus,
1109 2766 1176 2818 ad
1225 2767 1368 2837 Hyg.

359 2850 460 2901 sab.
498 2850 566 2903 86
609 2862 663 2903 et
706 2866 774 2919 97
812 2848 1080 2914 adfirmet,
1107 2865 1140 2899 a
1175 2846 1373 2898 Latinis

357 2928 696 3000 scriptoribus
747 2930 1048 2999 frequenter
1089 2926 1374 2998 synaeresin

358 3008 410 3058 in
430 3008 626 3061 Graecis
651 3008 954 3060 nominibus
971 3004 1264 3059 scribendis
1283 3002 1376 3055 ad—

355 3086 488 3138 mitti
513 3108 528 3151 ;
563 3106 622 3139 ea
651 3098 823 3138 tamen
848 3082 1122 3157 quomodo
1154 3082 1375 3153 intelligi

356 3186 384 3216 a
417 3166 594 3231 nobis,
615 3166 773 3218 literis
799 3184 931 3235 saepe
953 3162 1134 3217 iisdem
1162 3178 1376 3214 maneu-

353 3244 491 3296 tibus
506 3286 520 3309 ,
536 3245 702 3316 possit
713 3284 728 3309 ,
748 3244 856 3315 ipse
875 3242 1096 3295 difficile
1116 3239 1369 3311 intelligo.

353 3322 730 3394 Agnoscendus
753 3314 930 3395 potius
946 3334 1022 3375 est
1045 3336 1156 3373 mos
1179 3321 1374 3373 scriba-

349 3419 468 3454 rum
488 3444 502 3467 ,
531 3415 736 3455 veteres
757 3403 918 3454 libros
940 3400 1346 3453 describentium
1359 3437 1376 3461 ,

349 3482 442 3551 qui
473 3480 832 3552 diphthongos
869 3480 978 3533 fere
1019 3479 1244 3531 aversari
1287 3496 1370 3529 so—

349 3560 458 3612 lent
471 3602 484 3625 ,
502 3573 554 3613 et
574 3578 800 3631 quorum
822 3558 954 3613 adeo
971 3560 1224 3628 scriptura
1242 3598 1258 3622 ,
1281 3559 1374 3609 ubi

349 3640 638 3691 contractio
673 3640 808 3691 facts
843 3637 1078 3703 videtur,
1111 3636 1178 3689 ad
1207 3637 1368 3689 ratio—

347 3734 468 3769 nem
496 3734 716 3787 grecam
749 3715 1034 3789 redigenda
1062 3728 1153 3768 est.

418 3814 538 3865 790·
565 3801 870 3849 Telamonius
891 3800 1054 3865 Ajax.
1084 3796 1203 3847 Post
1225 3794 1367 3847 hunc

347 3892 558 3928 versum
589 3876 646 3926 in
673 3876 740 3928 G.
764 3896 792 3927 2
821 3886 1014 3929 temere
1037 3875 1263 3927 insertus
1289 3886 1368 3925 est

347 3974 396 4005 v.
426 3961 528 4023 794
553 3960 946 4021 Iustam-araeque.

419 4048 539 4101 791.
579 4035 760 4083 Sternit
792 4046 1021 4087 atrocem.
1059 4032 1242 4083 Malim
1279 4030 1366 4084 hic

348 4132 490 4179 quem
519 4114 690 4162 sternit
727 4114 888 4163 atroci
909 4116 1138 4165 Peneleus
1167 4114 1362 4163 dcxv-a.

1552 1677 1669 1729 79²·
1701 1662 1883 1711 Cecidit
1918 1660 2160 1711 Priameia
2203 1656 2268 1711 H.
2314 1662 2496 1711 dextm

1476 1741 1575 1789 mit
1586 1742 1703 1789 1ιίηο
1720 1740 1961 1789 Priameia
1978 1738 2042 1790 G.
2062 1756 2110 1790 2.

1548 1819 1669 1887 793.
1684 1821 1861 1869 Acrius
1877 1821 2151 1886 {nsua-gum.
2170 1816 2276 1869 Pro
2294 1834 2359 1869 eo
2374 1815 2441 1867 G.
2468 1834 2489 1867 1

1476 1910 1747 1965 assurgunt
1775 1897 1935 1949 habet
1966 1915 1979 1951 :
2011 1901 2085 1948 ad
2130 1898 2311 1949 Dorica
2366 1899 2496 1948 bella

1474 1974 1539 2029 G.
1572 1995 1617 2027 2.
1649 1976 1751 2027 Per
1776 1975 1996 2028 nimiam
2025 1974 2332 2029 brevitatem
2362 1976 2494 2029 scri·

1473 2055 1999 2127 ptorisjejunamqne
2021 2055 2075 2107 in
2098 2053 2363 2107 narrando
2388 2054 2495 2107 exi·

1473 2134 1671 2190 litatem
1713 2134 1807 2197 fit,
1850 2146 1907 2189 ut
1948 2134 2052 2189 boc
2100 2134 2221 2189 loeo
2265 2134 2497 2206 perspici

1469 2223 1717 2286 nequent,
1742 2211 1885 2265 unde
1921 2225 2029 2267 tam
2060 2214 2332 2285 repentina
2365 2232 2493 2266 cou-

1469 2294 1643 2345 versio
1677 2310 1852 2345 rerum
1899 2293 2037 2345 facta
2066 2292 2158 2355 sit,
2188 2304 2246 2345 ut
2269 2292 2493 2364 Trojani

1468 2372 1648 2443 paullo
1688 2383 1809 2424 ante
1849 2372 1966 2425 ooesi
2013 2373 2281 2444 fugatique
2299 2413 2315 2437 ,
2346 2390 2491 2425 nunc

1465 2452 1639 2503 scrius
1678 2451 1952 2521 insurgant
1972 2488 1987 2516 ,
2029 2464 2083 2504 et
2112 2450 2323 2505 Groeoos
2356 2450 2493 2504 adeo

1467 2528 1538 2583 ad
1568 2548 1725 2585 naves
1756 2548 1915 2594 suas,
1938 2531 2105 2584 multa
2136 2531 2279 2583 cocle
2314 2531 2453 2584 facta
2476 2569 2493 2593 ,

1465 2610 1800 2679 compellant.
1838 2612 2103 2663 Nimirum
2142 2610 2355 2663 brevius
2390 2610 2494 2664 sal·

1467 2696 1575 2741 tem
1600 2688 1785 2761 attingi
1813 2690 2076 2743 debebant
2100 2705 2297 2745 caussae
2316 2730 2330 2756 ,
2356 2708 2491 2761 quas

1461 2769 1727 2823 {Homerus
1756 2770 1933 2843 fingit,
1958 2772 2142 2823 Jovem
2182 2770 2486 2842 expergefa-

1462 2859 1608 2901 ctum
1623 2850 1868 2923 Troianis
1894 2851 2141 2903 virtutem
2165 2848 2488 2911 reddidisse,

1463 2928 1881 2999 Neptunumque
1892 2926 2227 2980 dehortatum
2238 2964 2253 2989 ,
2268 2946 2337 2979 ne
2346 2928 2491 2981 Gra-

1463 3024 1555 3059 oos
1581 3007 1807 3078 amplius
1827 3009 2041 3078 juvaret
2060 3047 2075 3071 ,
2098 3007 2488 3077 Rectoremque

1463 3088 1531 3137 ab
1549 3086 1789 3157 Apolline
1811 3086 2091 3139 excitatum
2117 3098 2169 3139 et
2189 3088 2343 3139 novis
2364 3086 2487 3139 viri-

1461 3166 1562 3217 bus
1600 3166 1942 3231 instructum,
1980 3176 2039 3217 ut
2076 3184 2309 3237 pugnam
2350 3166 2486 3218 inte-

1465 3257 1653 3316 graret.
1694 3244 1820 3297 Hac
1858 3256 2155 3299 commenta
2190 3246 2407 3298 Homeri
2442 3244 2487 3299 si

1464 3322 1763 3397 diligentins
1790 3324 2051 3377 retulisset
2088 3334 2294 3386 auctor,
2320 3340 2486 3395 quan

1464 3420 1667 3473 pugnas
1688 3415 1737 3455 et
1762 3402 1931 3456 codes
1946 3444 1961 3469 ,
1980 3404 2209 3473 impetus
2231 3416 2279 3454 et
2304 3404 2455 3474 fugas
2470 3446 2489 3470 ,

1465 3483 1631 3553 magis
1666 3495 1921 3537 servasset
1961 3484 2311 3536 amonitatem
2352 3502 2483 3555 poe-

1465 3560 1652 3625 matis,
1680 3580 1776 3615 nec
1812 3580 2013 3616 meram
2049 3562 2321 3616 historiam
2358 3580 2481 3615 nar-

1462 3654 1640 3693 resset.

1529 3725 1647 3787 794.
1706 3726 2104 3787 instantemque.
2156 3718 2259 3771 Hic
2298 3738 2480 3773 versus

1458 3797 1604 3850 deest
1642 3799 1697 3849 iu
1737 3799 1802 3852 G.
1838 3818 1881 3852 1.
1911 3802 2133 3867 Pelopeia
2156 3802 2389 3867 juventus
2418 3802 2477 3852 A.

1455 3876 1601 3947 quod
1630 3878 1739 3929 fere
1766 3877 2100 3947 pretulerim.

1529 3961 1649 4023 796.
1673 3960 1825 4005 Fossa
1849 3960 2108 4006 ‘volvamur
2129 3959 2179 4005 in
2205 3959 2313 4023 e'pm
2338 3957 2402 4009 G.
2436 3974 2481 4013 1.

1529 4050 1651 4102 799.
1695 4040 1857 4100 Atque
1882 4036 2027 4084 etiam
2061 4036 2278 4087 adversis
2314 4035 2385 4087 G.
2412 4056 2476 4090 2:

1430 4115 1613 4165 -lnosies
1638 4112 1705 4164 G.
1724 4130 1743 4164 ι
1756 4127 1785 4161 α’
