2975 4684
873 352 1415 425 EPITAPHIA
1479 353 1938 422 HEROUM.

2320 350 2463 437 643

595 602 840 671 XVII.
879 598 1202 668 NASTI
1261 598 1386 666 ET
1455 597 2212 670 AMPHIMACHO.

351 816 362 821 ’
441 806 714 891 Nastes‚
751 801 1440 897 Amphimachusque,
1474 800 1829 873 Nomionis
1869 798 2113 895 inclyta
2148 800 2366 897 proles
2383 854 2403 889 ‚

537 918 868 984 Ductores
907 912 1248 1008 quondam
1269 965 1290 999 ,
1332 910 1555 1009 pulvis
1590 926 1659 982 et
1697 911 1935 981 umbra
1974 935 2223 983 sumus.

417 1120 441 1155 ι
453 1139 469 1154 .
485 1106 682 1155 Nartes.
700 1100 784 1154 Ad
798 1100 1020 1154 verbum
1038 1137 1056 1164 ,
1073 1100 1370 1174 eodemque

345 1181 628 1265 verborum
647 1180 856 1245 ordine,
871 1179 1100 1235 cst-illud
1113 1178 1331 1233 Homeri
1349 1200 1362 1233 :

347 1262 554 1325 Νάστης
584 1264 882 1333 Δμφιμαχός
924 1282 981 1316 τι
1028 1263 1266 1333 Νομίονος
1306 1263 1366 1315 ἀ·

347 1341 482 1412 γλοιὰ
519 1343 690 1396 τέκνα.
734 1340 942 1393 Fratres
986 1338 1046 1392 hi
1089 1348 1263 1407 erant,
1310 1352 1366 1393 et

1456 1102 1616 1155 Cures
1646 1099 1715 1154 ud
1740 1100 1959 1172 'Pi-ojani
1982 1120 2083 1173 pro
2108 1100 2349 1173 'Pr-ojanis
2370 1098 2469 1154 du·
2520 1138 2527 1145 ·

1455 1191 1679 1246 xerunt3
1700 1198 1933 1251 quorum
1964 1181 2193 1235 alterum
2206 1217 2223 1245 ,
2247 1180 2469 1252 Amphi·

1453 1258 1735 1327 machum,
1772 1260 1959 1315 scribit
1986 1273 2145 1333 poeta
2171 1260 2241 1315 ab
2264 1258 2469 1314 Achille
2512 1298 2523 1322 ,

1449 1339 1615 1393 fuisse
1638 1339 1892 1394 occisum.

995 1572 1289 1643 XVIII.
1352 1571 1744 1644 TROILO
1790 1574 1842 1642 ⁴².

445 1770 735 1836 Hectore
779 1777 1118 1858 prostrato
1139 1816 1160 1850 ‚
1202 1789 1328 1835 nec
1361 1765 1523 1852 Dis,
1566 1790 1689 1836 nec
1729 1767 1983 1837 viribus
2022 1768 2223 1863 aequis

541 1877 956 1969 Congressus
998 1892 1172 1943 soevo
1201 1872 1472 1944 Troilus
1508 1876 1793 1946 AEacidae
1812 1931 1832 1965 ‚

442 1985 768 2081 Raptatus
805 1984 977 2081 bigis
1011 1983 1234 2059 fratris
1268 1986 1645 2082 conjungor
1679 1987 1959 2074 honori3

541 2095 756 2191 Cujus
790 2096 880 2166 ob
917 2094 1296 2192 exemplum
1333 2120 1456 2165 nec
1492 2096 1658 2165 mihi
1696 2120 1891 2192 poena
1933 2097 2169 2192 gravis.

415 2286 442 2315 *
483 2290 660 2339 mlo.
699 2284 950 2359 Virgilius
966 2327 983 2354 ,
1021 2285 1272 2339 AEneidos
1310 2286 1367 2353 1,

349 2372 450 2437 674
489 2385 601 2439 sqq.
637 2364 706 2419 de
741 2365 946 2437 pictura
979 2382 1160 2419 rerum
1177 2364 1364 2441 Troja-

345 2461 564 2500 uarum:
586 2444 780 2499 «Parte
807 2444 909 2498 alia
935 2444 1142 2517 fugiens
1166 2446 1368 2501 amissis

271 2555 276 2561 -
347 2523 563 2577 Troilus
588 2524 746 2578 armis
761 2564 777 2590 ,
798 2524 990 2578 Infelix
1030 2542 1179 2596 puer,
1211 2538 1368 2599 atque

345 2603 528 2676 impar
565 2622 876 2677 congressus
923 2604 1143 2670 Achilli,
1177 2604 1371 2661 Fertur

347 2684 498 2755 equis
512 2725 528 2751 ,
565 2700 836 2755 curruque
877 2682 1042 2739 haret
1085 2684 1368 2757 resupinus

346 2764 527 2827 inani,
571 2765 709 2817 Lora
757 2775 944 2817 tenens
991 2775 1166 2817 tumen
1187 2782 1200 2816 :
1241 2763 1366 2817 huic

347 2842 632 2914 cervixque
657 2858 930 2914 comaque
949 2840 1235 2895 trahuntur
1260 2841 1367 2896 Per

349 2934 546 2975 terram
564 2958 581 2985 ,
605 2933 660 2973 et
685 2938 838 2974 versa
863 2920 1042 2992 pulvis
1061 2920 1368 2975 inscribitur

347 3000 498 3056 hasta
512 3026 554 3052 n.

299 3102 308 3110 ·
423 3100 476 3135 2.
489 3083 781 3147 &ingressus
801 3096 948 3130 soevo.
964 3078 1046 3129 Itu
1067 3078 1250 3148 procul
1269 3075 1368 3130 du·

350 3160 440 3214 hio
455 3156 738 3231 legendum
757 3196 773 3221 ‚
789 3174 956 3228 quum
982 3175 1011 3209 a
1039 3154 1368 3227 praecedente

350 3254 584 3313 sequens
610 3259 633 3290 s
665 3237 972 3309 absorptum
992 3235 1091 3301 εἰη
1117 3236 1178 3289 in
1201 3238 1366 3291 veteri

354 3329 536 3374 autem
565 3316 701 3370 lihro
727 3316 914 3369 ultima
943 3314 1236 3368 etiamnum
1257 3315 1370 3371 lite·

351 3414 413 3450 ra
435 3414 466 3446 ο
498 3395 916 3468 conspiciebatur
940 3414 954 3446 ε
981 3392 1070 3447 sed
1097 3404 1148 3449 et
1171 3395 1246 3448 ita
1261 3394 1368 3448 'Ve-

352 3486 526 3529 netus.
547 3507 617 3517 -—
643 3474 748 3527 Pro
773 3492 902 3527 εει-νο
929 3472 1157 3546 margini
1178 3472 1369 3527 adscri-

353 3554 510 3608 bebat
525 3552 653 3607 Ads.
679 3554 1014 3607 Burmannus
1027 3556 1172 3621 perii.
1192 3554 1296 3607 En.

425 3634 478 3688 3.
499 3638 734 3703 Raptatus
751 3636 890 3701 bigis.
908 3634 987 3686 De
1007 3632 1230 3688 Hectore
1243 3632 1370 3685 Vir·

355 3712 542 3786 gilius,
565 3714 684 3766 AEn.
703 3712 759 3764 11
781 3751 797 3778 ,
820 3730 873 3766 v.
899 3730 996 3783 ²7²
1017 3728 1032 3765 :
1075 3737 1098 3759 ι
1115 3713 1372 3785 Raptatus

355 3792 510 3864 bigis,
525 3803 586 3845 ut
600 3790 893 3863 quondam,
916 3804 1132 3865 aterque
1149 3802 1369 3845 cruento

356 3872 604 3938 Pulvere,
645 3890 849 3945 perque
902 3868 1068 3943 pedes
1116 3873 1369 3943 trajectus

355 3952 470 4005 lora
507 3962 769 4005 tumentes
789 3976 832 4001 a.
871 3949 1061 4003 Cicero
1089 3949 1144 4003 in
1173 3948 1374 4003 Tuscu·

355 4033 464 4085 lan.
489 4031 684 4096 Quoest.
706 4027 1038 4101 Propertius,
1073 4029 1221 4099 Ele'g.
1261 4028 1370 4091 111,

1461 2304 1485 2339 1
1498 2327 1512 2352 ,
1548 2298 1657 2340 etc.
1698 2286 1890 2341 Noster
1921 2288 1979 2339 in
2015 2280 2271 2341 Periocha
2304 2286 2467 2341 xxn

1455 2364 1607 2420 Iliad.
1641 2366 1876 2420 «Hector
1900 2365 2211 2425 interfectus
2228 2404 2245 2430 ,
2283 2378 2334 2420 et
2350 2368 2475 2421 reli·

1453 2458 1608 2519 gatus
1625 2445 1694 2500 ad
1714 2465 1960 2513 currum,
1985 2458 2065 2499 ter
2074 2444 2269 2499 circum
2284 2448 2477 2502 moenia

1456 2524 1686 2598 Trojana
1710 2536 1947 2599 raptatur
1964 2549 2005 2576 ι.
2034 2524 2208 2578 Patrio
2230 2523 2285 2578 id
2303 2526 2476 2581 Achil-

1456 2602 1563 2667 lem
1584 2622 1736 2659 more
1754 2603 1941 2658 fecisse
1968 2605 2131 2657 refert
2156 2604 2474 2660 scholiastes

1457 2682 1527 2737 ad
1556 2684 1773 2737 Homeri
1806 2682 1961 2737 Iliad.
1989 2684 2179 2751 xvn,
2214 2702 2279 2737 ex
2313 2684 2472 2739 Calli-

1453 2764 1677 2817 macho:
1705 2762 1978 2817 Simonem
2010 2780 2276 2833 namque‚
2304 2762 2472 2816 Thes-

1453 2842 1629 2896 salum
1650 2859 1839 2913 genere
1852 2878 1868 2904 ,
1890 2840 2285 2913 Eurydamanta
2297 2840 2473 2895 Midian

1451 2920 1625 2974 filium
1651 2919 1719 2971 ita
1740 2931 1993 2991 reptasse,
2009 2920 2101 2991 qui
2127 2918 2357 2973 Simonis
2373 2922 2475 2974 sra-

1449 2998 1934 3053 tremT'hrasunum
1952 2998 2299 3051 interfecerat.
2318 3000 2477 3055 Hunc

1452 3090 1633 3132 autem
1669 3075 1903 3149 primum
1941 3078 2053 3148 ejus
2090 3076 2257 3153 motis
2294 3091 2479 3133 aucto.

1452 3174 1567 3210 rem
1604 3154 1789 3221 fuisse,
1829 3166 1882 3208 et
1922 3154 2205 3227 religatum
2248 3154 2319 3210 ad
2357 3177 2482 3211 cur·

1450 3254 1574 3289 rum
1608 3233 2007 3301 interfectorem
2042 3234 2247 3289 circum
2298 3236 2474 3291 fian-is

1455 3312 1613 3368 occisi
1638 3312 1904 3366 tumulum
1936 3313 2169 3367 traxisse.
2209 3314 2333 3369 Haec
2357 3316 2469 3370 ille.

1454 3392 1755 3449 AEmulatns
1814 3402 1891 3445 est
1943 3393 2201 3447 Achillem
2244 3394 2473 3469 Mag-nus

1457 3470 1773 3539 Alexander,
1802 3470 1993 3525 eodem
2006 3474 2194 3527 Baetim
2216 3476 2474 3547 supplicio

1457 3552 1725 3607 adficiens.
1767 3552 2011 3619 Curtius,
2048 3554 2142 3606 lih.
2168 3553 2268 3619 IV,
2295 3573 2417 3629 cap.
2438 3560 2471 3612 6

1457 3645 1597 3687 extr.
1618 3659 1643 3678 κ
1658 3630 1760 3685 Per
1777 3631 1909 3685 talos
1928 3632 2074 3684 enim
2096 3632 2339 3703 spirantis
2361 3634 2476 3689 lora

1454 3716 1674 3787 trajecta
1691 3722 1839 3779 sunt,
1860 3708 2249 3783 religatumque
2268 3710 2338 3765 ad
2356 3730 2473 3767 cur-

1457 3809 1579 3845 rum
1606 3800 1809 3844 traxere
1826 3789 1962 3842 circa
1983 3789 2169 3842 urbem
2190 3789 2342 3861 equi:
2366 3794 2479 3864 glo-

1453 3870 1627 3925 riante
1639 3888 1788 3942 rege,
1807 3868 2069 3923 Achillem
2084 3906 2100 3931 ‚
2128 3888 2159 3921 a
2182 3887 2289 3941 quo
2307 3890 2477 3944 genus

1457 3951 1571 4023 ipse
1607 3949 1893 4004 deduceret
1916 3986 1932 4011 ,
1978 3948 2243 4007 imitatum
2276 3970 2331 4004 se
2362 3971 2475 4006 esse

1457 4046 1606 4101 poena
1634 4028 1687 4081 in
1724 4028 1927 4083 hostem
1956 4028 2249 4101 capienda·
2266 4070 2279 4083 .

2067 4203 2182 4285 [μ.
