2975 4684
518 370 647 465 198
1206 366 1753 471 Excunsus
1809 370 1920 437 v1

504 510 711 555 seram
732 504 983 555 oetatem
1005 488 1301 580 religiose
1322 504 1764 571 conservatas,
1791 490 1998 576 liquet
2019 510 2097 551 ex
2119 488 2428 602 singulari
2455 458 2634 577 Idyi-

504 590 593 655 lio
626 588 963 655 Claudiani
996 590 1130 655 de'
1112 592 1191 655 iis
1221 592 1502 679 scripto,
1527 592 1712 671 cujus
1745 590 2145 681 epigraphe‘
2128 611 2198 653 m
2229 588 2494 677 optimis
2527 612 2638 653 co·

504 692 757 758 dicibus
786 693 923 759 haec
951 708 1081 759 est:
1106 694 1207 757 De
1222 688 1708 783 piikftatribus,
1729 704 2022 757 eteorum
2041 692 2288 769 statuis,
2313 712 2462 778 quoe
2489 706 2640 755 sunt

500 794 687 884 apud
714 794 1033 863 Catinam.
1070 796 1211 861 Nisi
1256 798 1425 861 forte
1464 794 1860 861 Claudianus
1905 796 2036 859 hoc
2069 814 2330 859 carmen
2359 816 2441 857 ex
2469 794 2639 858 anti·

501 898 733 985 quiere
761 898 991 965 Graeco
1006 946 1029 979 ,
1052 915 1131 962 ut
1158 899 1279 963 alia
1309 899 1498 987 plura
1511 946 1530 976 ,
1561 897 1844 964 traduxit
1867 896 1968 985 (et
1991 896 2274 961 affirmat
2295 895 2434 983 ipse
2457 896 2642 959 Luci·

502 996 631 1063 lius
655 1020 719 1061 v.
746 998 898 1087 637,
928 999 1173 1065 factum
1214 1000 1533 1082 juvenum
1569 1000 1832 1088 piorum
1869 998 2088 1063 multis
2120 1012 2460 1087 poetarum
2499 1020 2640 1061 αι·-

501 1098 789 1163 minibus
822 1100 1219 1165 celebratum
1250 1122 1389 1165 esse
1407 1100 1431 1188 )
1452 1148 1469 1183 ,
1503 1100 1942 1191 colligendum
1988 1122 2068 1165 ex
2107 1122 2186 1165 eo
2233 1116 2364 1179 est,
2399 1114 2641 1163 stamas

503 1222 734 1265 eorum
778 1200 1097 1280 juvenum
1146 1202 1229 1267 ad
1273 1218 1526 1268 aetatem
1575 1224 1788 1291 usque
1831 1201 2172 1268 Claudiani
2219 1200 2638 1317 superfuisse,

504 1301 955 1389 Quamquam,
984 1326 1125 1385 eas,
1145 1328 1182 1369 a
1204 1320 1396 1393 poeta
1420 1302 1805 1393 descriptas,
1830 1304 2110 1369 diversas
2139 1303 2338 1369 fuisse
2365 1302 2448 1367 ab
2479 1301 2642 1382 istis,

504 1424 663 1490 quas
700 1404 1091 1471 Catanenses
1126 1406 1423 1495 primitus
1470 1423 1878 1494 posuerunt,
1932 1405 2202 1471 fortasse
2239 1404 2472 1473 exinde
2507 1404 2642 1469 col·

502 1503 656 1592 ligas
674 1550 693 1584 ,
728 1504 909 1593 quod
944 1528 1075 1573 non
1116 1507 1429 1597 lapideas,
1462 1506 1578 1572 sed
1609 1508 1924 1589 ahenea-1»,
1965 1506 2330 1572 describere
2359 1504 2641 1569 videtur.

504 1603 991 1671 conferendum
1041 1623 1257 1673 autem
1300 1608 1371 1673 id
1410 1630 1670 1673 carmen
1713 1608 2040 1697 praecipue
2083 1620 2182 1671 est
2223 1628 2376 1670 cum
2411 1602 2642 1669 Lucilii

504 1705 871 1771 narratione
890 1754 910 1790 ,
942 1708 1093 1797 quia
1130 1708 1333 1773 multa
1381 1709 1520 1789 ejus
1563 1708 1856 1796 supplet,
1886 1724 2080 1797 atque
2121 1707 2415 1796 inprimis
2459 1705 2644 1785 juve·

504 1824 665 1867 num
680 1852 701 1887 ‚
724 1824 1017 1895 parentes
1050 1832 1207 1875 suos
1236 1810 1638 1898 portantium
1655 1856 1676 1891 ‚
1699 1825 1766 1873 et
1793 1825 2137 1899 parentum
2163 1831 2394 1873 eorum
2417 1808 2647 1871 hume-

504 1901 592 1967 ris
619 1905 1042 1989 insidentium
1064 1956 1083 1992 ,
1118 1912 1375 1975 vultum
1392 1958 1415 1992 ,
1452 1926 1708 2001 gestum
1725 1958 1746 1993 ‚
1781 1927 1850 1975 et
1881 1911 2178 1977 habitum
2209 1911 2542 1975 luculente
2581 1922 2648 1973 et

506 2004 842 2095 ingeniose
860 2058 879 2087 ‚
912 2026 1247 2099 tamquam
1272 2013 1504 2100 pictor,
1525 2012 1852 2077 describit.
1874 2012 1978 2077 Ne
2001 2012 2070 2075 in
2099 2034 2176 2075 ea
2209 2009 2645 2099 descriptione

506 2106 628 2199 ipsi
668 2109 859 2175 nimis
894 2113 1141 2201 copiosi
1172 2113 1530 2197 videamur,
1565 2113 1964 2178 luculentam
1993 2114 2309 2193 juvenum
2347 2108 2647 2199 gradien-

505 2208 671 2273 tium
696 2212 1017 2301 picturam
1040 2238 1119 2279 ex
1139 2215 1281 2303 ipso
1303 2216 1592 2281 carmine
1614 2215 1748 2279 huc
1767 2214 2274 2279 transcribemus
2291 2258 2311 2293 ‚
2331 2236 2370 2275 a
2395 2232 2590 2276 versu
2607 2230 2644 2295 7

506 2311 590 2375 ad
627 2312 743 2377 18:

786 2504 1070 2559 Grandoevi
1096 2506 1301 2579 gemina
1330 2507 1582 2561 sublimes
1606 2506 1754 2579 prole
1781 2508 2041 2571 feruntur,

862 2590 930 2646 Et
952 2608 1076 2645 cara
1098 2600 1251 2643 natos
1277 2590 1588 2663 implicuere
1615 2610 1787 2645 mora.

790 2672 981 2727 Nonne
1006 2673 1181 2743 vides,
1206 2681 1263 2727 ut
1289 2690 1427 2729 sava
1450 2692 1608 2729 senex
1641 2674 1882 2730 incendia
1911 2674 2208 2729 monstret?

860 2753 935 2811 Ut
960 2758 1165 2831 trepido
1190 2758 1411 2831 genitrix
1437 2760 1646 2813 invocet
1663 2770 1760 2813 ore
1781 2760 1918 2813 Deos
1931 2759 1956 2811 Ρ

790 2842 969 2896 Erexit
994 2843 1225 2899 formido
1250 2860 1487 2910 comam,
1510 2860 1714 2916 perque
1735 2862 1895 2897 omne
1921 2841 2199 2897 metallum

861 2926 1033 2981 Fusus
1050 2927 1107 2981 in
1129 2928 1352 2981 attonito
1378 2928 1569 3000 palluit
1591 2946 1696 2980 aere
1723 2940 1942 2979 tremor.
1989 2942 1996 2951 ⁶

726 3051 731 3062 ,
790 3010 857 3063 Ιιι
872 3011 1133 3087 juvenum
1164 3011 1416 3064 membris
1443 3011 1716 3063 animosus
1738 3009 1973 3065 cernitur
1997 3007 2211 3072 horror,

860 3096 1035 3167 Atque
1054 3096 1202 3148 oneri
1228 3104 1465 3147 metuens
1479 3134 1496 3159 ,
1523 3092 1926 3165 impavidusque
1948 3092 2046 3146 sui.

792 3176 1010 3249 aeject-
1032 3189 1190 3230 vento
1213 3176 1560 3249 chlamydes:
1589 3174 1826 3230 dextram
1856 3174 2048 3229 exserit.
2068 3174 2160 3227 ille
2174 3214 2192 3238 ‚

866 3260 1157 3317 Contentus
1182 3260 1313 3313 lova
1340 3260 1652 3315 sustinuisse
1675 3272 1912 3332 pntrcm3

795 3342 891 3395 Ast
914 3344 991 3397 illi
1020 3344 1259 3416 duplices
1284 3343 1341 3399 in
1366 3344 1572 3399 nodum
1597 3344 1804 3415 colligit
1823 3344 1980 3399 ulna

865 3425 1081 3481 Cautior
1104 3428 1161 3480 in
1189 3446 1314 3481 sexu
1341 3428 1600 3481 debiliore
1627 3428 1790 3481 labor.

514 3616 763 3681 Clarius
810 3611 977 3681 hanc
1025 3618 1341 3705 picturam
1365 3663 1383 3696 ,
1418 3614 1786 3705 figurasque
1823 3638 1862 3678 a
1897 3630 2090 3703 poeta
2119 3612 2472 3700 descriptas
2490 3657 2511 3691 ‚
2543 3632 2649 3672 ex-

514 3717 739 3805 plicuit
769 3717 981 3781 verbis
1002 3765 1021 3799 ,
1055 3717 1444 3805 easdemque
1494 3715 1578 3781 ad
1630 3716 1758 3782 hoc
1807 3715 2176 3803 exemplum
2227 3712 2298 3777 in
2351 3710 2647 3801 plurimis

516 3820 973 3885 Catanensium
1001 3820 1287 3895 nummis
1314 3818 1596 3907 antiquis
1610 3865 1629 3898 ‚
1663 3818 1812 3881 licet
1840 3840 1975 3881 non
2007 3814 2336 3897 omnihus,
2355 3828 2648 3878 accurate

520 3941 845 4011 expressas
876 3921 1145 4011 ‘reperiri
1176 3920 1578 3985 demonstrat
1607 3920 1779 3984 Petr.
1811 3922 2220 3983 Burmannus
2241 3966 2259 3999 ,
2297 3918 2648 3981 Commen-

518 4038 637 4087 tar.
668 4015 750 4087 a‘d
772 4024 1094 4088 Numistn.
1125 4022 1249 4089 Sic.
1274 4045 1339 4110 p.
1360 4020 1483 4086 315
1508 4036 1604 4112 sq.
1628 4022 1882 4087 Etenim
1912 4022 1981 4085 in
2010 4021 2333 4110 plerisque
2362 4015 2646 4081 nummis

520 4122 736 4186 videre
768 4122 949 4204 licet,
979 4127 1223 4212 patrem
1242 4172 1262 4204 ‚
1294 4140 1503 4188 erecta
1535 4146 1734 4188 manu
1766 4124 1944 4211 ignes
1979 4135 2447 4187 monstrantem
2469 4168 2486 4199 ‚
2519 4118 2645 4182 hu-
