2975 4684
527 363 658 450 154

1115 367 1513 437 LUCILII
1572 367 2053 436 JUNIORIS

607 489 678 558 Si
717 489 937 583 parvis
975 504 1228 558 torrere
1265 487 1457 573 velis,
1508 489 1805 586 caeloque
1840 491 2117 586 patenti.
2574 519 2649 571 με

611 600 1030 670 Gaudentem
1065 625 1504 696 pressumque
1542 599 1829 697 agedum
1860 599 2133 670 fornace
2166 623 2430 690 coerce3

609 712 751 780 Nec
795 709 1076 781 sufferre
1119 725 1375 806 potest,
1417 735 1545 781 nec
1584 735 1827 781 saevum
1874 711 2074 781 durat
2110 711 2181 780 in
2216 712 2521 784 hostem:

615 821 934 891 Vincitur
977 837 1046 892 et
1089 821 1290 892 solvit
1323 824 1536 909 vires,
1566 837 1937 918 captusque
1980 821 2300 917 liquescit.

615 931 787 1020 Quae
823 932 1079 1026 majora
1117 947 1314 1026 putas
1349 947 1576 1002 autem
1610 945 1945 1002 tormenta
1987 933 2237 1002 moveri

615 1045 816 1111 Posse
857 1042 1111 1112 manu?
1143 1069 1293 1138 quae
1328 1057 1518 1113 tanta
1559 1057 1755 1138 putas
1798 1043 2109 1113 incendia
2148 1046 2393 1113 nostris

2532 1037 2662 1108 ‘⁵50

575 1185 588 1198 ·
615 1157 992 1225 Sustentari
1023 1156 1298 1251 opibus,
1326 1157 1598 1251 quantis
1626 1143 2011 1226 fornacibus
2039 1157 2235 1224 AEtna

613 1265 888 1366 Uriffm
927 1289 964 1333 a
996 1290 1186 1335 sacro
1219 1290 1573 1362 nunquam
1604 1290 1745 1334 non
1780 1265 2015 1336 fertilis
2046 1266 2249 1362 igne?

619 1373 928 1446 Sed‘non
972 1376 1090 1470 qui
1139 1390 1370 1446 nostro
1407 1376 1619 1445 fervet
1661 1375 2068 1445 moderatior
2107 1399 2233 1444 usu
2254 1429 2272 1460 ‚

618 1485 749 1555 sed
786 1484 947 1555 caelo
985 1487 1297 1580 propior,
1335 1484 1441 1556 vel
1479 1484 1662 1580 quali
1698 1487 1966 1581 Jupiter
2008 1486 2147 1579 ipse

617 1599 938 1665 Armatus
965 1595 1233 1665 flamma
1265 1611 1406 1684 est;
1445 1595 1553 1664 his
1586 1597 1840 1666 viribus
1868 1595 2135 1665 additus
2164 1594 2398 1689 ingens

2588 1613 2669 1653 555

617 1705 938 1800 Spiritus,
975 1705 1308 1776 adstrictis
1335 1705 1537 1776 elisus
1564 1706 1913 1794 faucibus3
1959 1722 2039 1776 ut
2064 1731 2273 1801 quum

619 1814 919 1885 Fabriles
955 1841 1174 1911 operae
1209 1817 1482 1887 tudibus
1518 1817 1937 1888 contundere
1974 1839 2221 1886 massas

469 2068 474 2074 '
522 2063 712 2122 culsm,
743 2061 936 2114 malleo
965 2059 1090 2114 duci
1119 2062 1329 2133 nequit,
1358 2061 1402 2114 si
1429 2073 1551 2114 tun·

522 2138 716 2204 datur,
755 2138 847 2192 sed
871 2139 1006 2211 riget
1029 2151 1082 2192 et
1117 2141 1312 2193 resistit
1339 2138 1551 2194 ictibus.

525 2218 735 2272 Rectius
753 2219 958 2292 legatur
973 2239 1264 2290 percussus,
1287 2219 1434 2291 quod
1457 2239 1553 2272 vo-

526 2297 670 2350 lebat
686 2298 942 2353 Wolfius.

599 2377 724 2440 546.
744 2384 1092 2445 pressumque,
1113 2379 1339 2431 arctiore
1357 2391 1410 2432 et
1427 2379 1557 2434 den-

526 2456 668 2509 siore
704 2457 827 2528 igne
865 2456 1175 2510 conclusum
1203 2457 1258 2510 in
1299 2458 1557 2511 fornace=

527 2535 818 2606 opponitur
853 2539 1204 2604 caelopaeenei,
1241 2535 1387 2608 quod
1423 2555 1561 2610 Ρη·

529 2613 767 2668 cedebat.

603 2695 722 2763 547.
745 2697 850 2744 Nee
888 2698 1038 2745 durat
1079 2696 1129 2745 e’n
1183 2698 1368 2746 hostem
1383 2734 1401 2756 ,
1451 2695 1558 2748 vim

531 2773 667 2846 ignis
702 2773 938 2846 perferre
965 2774 1194 2846 amplius
1231 2793 1340 2827 non
1366 2787 1559 2848 potest.

533 2852 656 2906 vid.
675 2871 816 2908 vers.
836 2857 958 2924 467.

605 2933 726 3003 549.
764 2939 1026 2985 Tomenta
1053 2936 1265 2998 moveri,
1285 2931 1563 2989 machina-

532 3012 704 3066 tiones
728 3013 864 3085 ignis
889 3013 1120 3086 augendi
1139 3015 1290 3068 fieri:
1320 3033 1444 3068 nam
1463 3029 1565 3066 ων·-

533 3107 746 3145 mentum
775 3111 970 3146 nomen
996 3109 1076 3146 est
1101 3094 1344 3148 omnium
1370 3095 1569 3148 machi-

533 3191 728 3226 narum
752 3211 768 3236 ,
792 3191 908 3244 quse
936 3174 1149 3245 proprie
1173 3174 1390 3228 funibus
1413 3175 1563 3228 tortis

536 3263 588 3306 et
613 3251 825 3304 intentis
851 3258 1350 3323 aguntum—Manu
1371 3271 1424 3307 et
1449 3265 1565 3306 arte

535 3331 790 3386 humana.
814 3331 892 3384 Ex
917 3351 976 3384 ea
1011 3331 1354 3386 similitudine
1374 3334 1567 3387 Noster

537 3427 698 3482 supra
733 3428 782 3463 v.
813 3409 908 3479 ¹9⁵
947 3411 1186 3464 aestuanti
1211 3415 1380 3465 AEtnae
1409 3427 1567 3464 artem

538 3491 799 3562 aliquam,
827 3507 880 3544 et
903 3494 1108 3563 fabrum
1125 3533 1140 3554 ,
1175 3493 1269 3565 qui
1315 3513 1429 3547 eam
1471 3507 1570 3546 ton-

539 3585 721 3638 queae,
765 3572 968 3625 tribuit.
1013 3573 1264 3626 Similiter
1303 3573 1371 3626 de
1411 3576 1570 3627 AEtna

539 3649 732 3706 Claud.
759 3651 1172 3724 Rapt..l‘roserp.
1193 3652 1222 3704 1
1245 3691 1260 3718 ‚
1287 3655 1420 3722 169:
1447 3659 1573 3721 Qua·

539 3735 764 3800 scopulos
791 3745 1034 3784 tomenta
1064 3745 1246 3784 rotant.

613 3809 734 3864 551.
753 3815 944 3864 Nostris
966 3813 1234 3864 sustentari
1252 3813 1442 3879 opibus,
1467 3810 1503 3862 i.
1523 3831 1569 3864 e.

541 3888 806 3944 alimentis
818 3892 1052 3944 humana
1072 3909 1172 3962 ope
1191 3891 1503 3962 comparatis
1521 3905 1573 3944 et

542 3971 804 4042 congestis
825 3991 840 4024 ε
864 3970 945 4024 hae
975 3991 1089 4040 opes
1113 3984 1456 4043 opponuntur
1482 3991 1570 4022 sa-

543 4069 628 4100 em
641 4087 658 4110 ‚
680 4051 774 4121 qui
791 4067 968 4122 postea
986 4050 1178 4104 dicitur
1197 4089 1213 4116 ,
1237 4053 1364 4118 igni.
1386 4050 1573 4103 Plera-

543 4145 650 4203 que
667 4129 894 4203 antique
907 4131 1105 4188 habeut
1120 4143 1414 4184 sustentem.
1433 4130 1573 4186 Male

1642 2062 1799 2114 etiam
1817 2061 2057 2114 scribunt
2069 2060 2207 2112 Ven.
2222 2055 2393 2129 Lugd.
2408 2057 2544 2128 Hag.
2560 2071 2675 2108 tan-

1640 2145 1701 2194 eis
1708 2143 2019 2211 fornacibus.

1716 2219 1836 2274 552.
1876 2219 2122 2290 Plerique
2160 2227 2363 2269 veteres
2404 2231 2453 2267 et
2501 2235 2673 2276 sacro,

1644 2299 1803 2353 male.
1844 2300 2066 2352 Helmst.
2106 2308 2159 2350 et
2194 2295 2385 2367 Scalig.
2421 2315 2457 2346 a
2502 2313 2671 2346 sacro.

1646 2379 1787 2433 Dicit
1816 2389 1991 2432 antem
2018 2396 2215 2430 sacr-enm
2239 2378 2404 2444 ignem
2422 2414 2438 2437 ,
2472 2376 2567 2446 qui
2596 2387 2675 2428 est

1644 2459 1879 2512 humana
1904 2469 2016 2511 arte
2038 2470 2089 2510 et
2115 2467 2366 2529 potestate
2392 2455 2635 2526 superior
2656 2493 2674 2518 ,

1648 2537 1898 2591 divinitus
1917 2537 2201 2600 excitatus3
2220 2535 2327 2588 vid.
2346 2555 2401 2588 v.
2423 2538 2545 2599 461.
2564 2541 2679 2587 Fen-

1648 2621 1781 2670 u'lem
1812 2620 1923 2686 igni
1950 2619 2223 2670 materiam
2250 2613 2460 2668 dicebat
2480 2633 2529 2664 v.
2555 2615 2679 2679 415.

1722 2696 1839 2750 553.
1867 2701 1969 2749 Sed
1982 2717 2081 2749 non
2097 2736 2113 2760 ‚
2138 2695 2337 2750 scilicet
2358 2695 2404 2748 is
2427 2693 2561 2764 ignis
2578 2709 2684 2752 est,

1649 2780 1737 2845 qm‘
1768 2792 1934 2829 nostro
1968 2797 2056 2828 usu
2084 2777 2240 2830 nobis
2266 2773 2539 2828 utentibus
2554 2811 2569 2836 ,
2594 2772 2682 2825 vel

1646 2873 1747 2928 per
1766 2856 2029 2909 rationem
2058 2873 2185 2908 usus
2217 2855 2384 2908 nostri
2400 2892 2416 2916 ,
2454 2857 2682 2905 modera-

1648 2938 1767 2998 cior,
1800 2934 1967 2988 lenior
1992 2947 2045 2988 et
2072 2934 2301 2989 debilior
2316 2973 2331 2999 ,
2342 2935 2527 3002 fervet.
2554 2933 2681 2985 Non

1651 3033 1785 3089 opus
1814 3033 1927 3068 esse
1954 3015 2184 3068 arbitror
2204 3034 2295 3066 usu
2326 3014 2558 3086 positum
2582 3031 2684 3083 pro

1653 3098 1764 3147 usui
1782 3093 2077 3148 existimare
2099 3131 2114 3158 ,
2133 3105 2193 3146 ut
2210 3093 2459 3147 Gorallus
2482 3096 2682 3145 statuit.

1728 3173 1847 3229 555.
1879 3177 2346 3245 Armatusflamma
2366 3211 2381 3236 ‚
2409 3183 2469 3224 ut
2498 3191 2553 3224 v.
2582 3171 2685 3233 54:

1656 3257 1853 3306 addicas
1890 3253 2073 3325 legunt
2117 3271 2320 3306 omnes.
2352 3251 2578 3322 Scaliger
2602 3263 2683 3302 ta-

1654 3352 1777 3386 men
1824 3347 1876 3385 et
1920 3336 2117 3384 abditus
2154 3333 2300 3384 velit.
2342 3331 2583 3385 Wolfius
2628 3331 2687 3382 in

1654 3413 1893 3484 margine
1932 3411 2219 3464 Pithoeauae
2238 3411 2505 3464 scribebat
2533 3412 2685 3462 addi-

1654 3508 1758 3554 tur,
1780 3491 1927 3564 qnod
1948 3493 2138 3564 probo.

1730 3572 1794 3626 55
1802 3589 1847 3641 7.
1866 3574 2080 3623 Fabriles
2099 3589 2282 3640 operer.
2300 3609 2312 3622 .
2328 3609 2341 3621 .
2370 3587 2579 3622 mmsas.
2599 3569 2693 3623 sic

1656 3653 1795 3705 bene
1818 3651 2047 3705 correxit
2074 3649 2265 3721 scalig.
2290 3667 2456 3720 quum
2486 3661 2691 3702 veteres

1658 3751 1843 3785 omnes
1870 3731 2010 3784 male
2028 3730 2230 3802 legi-t:
2259 3755 2281 3776 ι
2308 3728 2545 3782 Fabriles
2564 3745 2695 3800 ope·

1658 3828 1746 3864 ras
1782 3809 2004 3863 rudibus
2050 3807 2373 3862 contendere
2422 3808 2691 3874 massilia,

1659 3891 1898 3963 quamvis
1930 3891 2071 3943 hanc
2108 3888 2385 3941 lectionem
2422 3905 2533 3959 prm
2560 3889 2689 3941 Sca-

1658 3971 1805 4042 ligeri
1834 3970 2159 4022 correctione
2188 3967 2337 4021 malit
2377 3967 2559 4020 Barth.
2586 3965 2697 4019 Ad-

1658 4069 1795 4105 vers.
1827 4051 2003 4102 XLIX
2025 4087 2041 4114 ,
2070 4052 2102 4102 6
2123 4086 2138 4112 ,
2170 4062 2223 4101 et
2252 4046 2473 4118 explicet
2498 4085 2513 4108 ‚
2540 4045 2698 4101 velut

1662 4131 1717 4186 in
1748 4141 2017 4186 certamen
2062 4148 2187 4186 cum
2216 4129 2433 4186 metallo
2472 4125 2697 4182 descen-
