2975 4684
901 372 1324 443 CARMEN
1384 370 1520 439 AD
1585 370 2058 437 PISONEM.

2405 368 2542 453 245

511 496 779 586 QualiS‚
814 498 881 565 io
917 492 1192 591 Superi!
1238 491 1455 589 qualis
1493 492 1674 561 nitor
1713 492 1846 559 oris
1882 491 2158 562 amoenis

509 602 839 677 Vocibus!
890 607 1049 675 hinc
1086 603 1299 674 solido
1336 601 1596 697 fulgore
1636 602 1952 670 micantia
1995 601 2193 671 verba

510 716 878 814 implevere
916 716 1097 787 locos
1134 741 1151 785 ε
1196 716 1356 786 hinc
1391 730 1713 785 exornata
1755 716 1987 811 figuris
2099 734 2108 743 ·

510 826 833 914 Advolat,
876 852 1151 897 excusso
1193 824 1384 896 velox
1419 828 1749 895 sententia
1787 842 2007 896 torno.

489 930 756 1033 ‘Magna
792 936 1065 1032 quidem
1108 938 1319 1006 virtus
1354 951 1536 1024 erat,
1569 951 1636 1007 et
1669 938 1722 1007 si
1763 936 1900 1007 sola
1921 936 2202 1026 fuisset,
2495 960 2544 999 ss

510 1046 793 1143 Eloquio
830 1064 1137 1119 sanctum
1174 1046 1377 1119 modo
1414 1047 1830 1142 permulcere
1865 1063 2162 1118 senatum
2183 1101 2200 1131 ‚

484 1279 568 1331 81.
591 1278 773 1332 Malim
796 1283 996 1333 amoeni.
1024 1282 1227 1339 Linos.
1251 1280 1315 1333 In
1333 1279 1429 1332 MS

411 1356 586 1411 chart.
617 1364 779 1427 qualis
809 1361 869 1411 ie.
898 1361 979 1413 An
1006 1361 1143 1414 fuit:
1188 1384 1214 1404 ο·
1240 1357 1429 1423 Qualis

412 1440 547 1491 inest
569 1437 777 1509 Superis
796 1476 811 1502 ,
846 1439 965 1492 talis
984 1440 1129 1492 nitor
1150 1439 1257 1491 oris
1277 1454 1431 1492 amos-

410 1517 469 1569 ni
497 1515 731 1571 Vocibus
765 1542 788 1565 a
807 1555 824 1581 ‚
866 1529 925 1569 ut
963 1517 1033 1571 ad
1062 1517 1386 1571 Mercurium
1412 1553 1428 1578 ,

412 1596 645 1659 Deorum
686 1596 1025 1668 interpretem
1050 1634 1067 1659 ‚
1114 1594 1431 1669 eloquentius

406 1686 691 1745 patronum
708 1674 1053 1747 respiciatur?
1082 1678 1183 1729 En.

478 1752 566 1806 83.
592 1759 855 1826 Implevere
888 1761 1042 1811 locos.
1081 1753 1290 1809 Laudat
1318 1755 1427 1808 vim

408 1836 703 1905 argumenti
722 1836 779 1889 in
801 1836 1037 1890 oratione
1058 1836 1287 1902 Pisonis,
1309 1854 1429 1907 quo

406 1934 436 1966 a
462 1911 597 1966 thesi
612 1952 630 1975 .
655 1914 767 1969 sive
790 1914 907 1970 loco
928 1915 1226 1977 communi,
1250 1913 1425 1967 verbis

406 1991 694 2065 splendidis
727 2007 781 2048 et
802 1996 1131 2053 vibrantibus
1159 1993 1427 2061 sententiis

406 2072 713 2133 exornando
732 2115 749 2140 ‚
777 2074 1017 2146 procedit
1053 2073 1124 2129 ad
1154 2075 1425 2147 hypothe-

407 2152 487 2211 sin
503 2190 521 2215 ,
558 2152 668 2207 sive
692 2172 777 2209 res
804 2155 1095 2227 singulares
1127 2152 1252 2208 inde
1280 2153 1429 2219 colli-

405 2228 615 2302 gendas.
642 2238 905 2302 Implevere
925 2233 1079 2299 dicit,
1114 2234 1235 2307 quia
1264 2233 1319 2288 in
1336 2233 1427 2305 ‘his

408 2310 537 2369 locis
566 2310 701 2365 inest
731 2312 1073 2385 amplificatio
1108 2326 1159 2367 et
1185 2312 1428 2370 dilatatio

406 2392 721 2461 argumenti.
741 2392 1211 2458 Quemadmodum
1232 2392 1428 2465 signifi·

405 2480 493 2522 cat
517 2468 704 2550 Cicero
728 2471 783 2524 in
814 2472 1009 2536 Bruto,
1044 2492 1163 2545 cap.
1184 2474 1254 2541 93
1281 2510 1298 2535 ,
1335 2471 1427 2525 ubi

405 2558 639 2602 oratores
684 2550 849 2603 etatis
890 2570 997 2604 suas
1034 2550 1381 2623 reprehendit
1410 2568 1425 2603 ε

404 2654 429 2671 ·=
447 2627 617 2683 Nemo
639 2632 757 2683 ‘erat
774 2672 789 2696 ,
829 2630 923 2703 qui
958 2629 1183 2693 dilatare
1211 2642 1387 2701 posset
1410 2670 1426 2695 ,

406 2717 563 2779 atque
588 2728 619 2761 a
645 2710 862 2781 propria
895 2728 959 2765 ac
998 2708 1213 2773 definita
1243 2709 1426 2783 dispu-

404 2787 599 2841 tatione
645 2788 875 2843 hominis
922 2808 985 2851 ac
1020 2792 1305 2863 temporis,
1359 2789 1429 2843 ad

405 2884 741 2929 communem
796 2868 1137 2943 quaestionem
1196 2869 1427 2923 universi

403 2947 607 3016 generis
627 2946 921 3002 orationem
944 2946 1241 3001 traduceret
1258 2976 1300 3002 a.
1320 2948 1427 3001 Alii

403 3026 474 3077 ab
494 3024 577 3079 his
601 3038 723 3078 sunt
750 3026 851 3079 loci
874 3063 891 3090 ,
930 3027 1025 3099 qui
1048 3025 1316 3091 dicuntur,
1340 3046 1425 3081 se·

404 3102 499 3156 des
529 3118 961 3175 argumentorum
991 3108 1247 3178 cujusque
1274 3125 1425 3160 caus·

402 3200 494 3245 sae,
512 3202 647 3257 quos
668 3184 936 3238 Juvenalis
953 3183 1235 3248 innuit,VI
1249 3224 1264 3250 ,
1290 3192 1422 3249 244:

405 3289 429 3309 α
454 3262 777 3335 Principium
804 3276 963 3337 atque
994 3264 1137 3317 locos
1160 3262 1316 3318 Celso
1346 3263 1425 3325 di-

404 3354 549 3401 ctare
570 3356 761 3415 parata
780 3370 823 3398 υ..

477 3424 565 3487 84,
589 3428 816 3479 Excusso
828 3428 983 3479 velox
1002 3427 1247 3475 sententia
1269 3438 1425 3485 tomo,

410 3502 467 3555 h.
493 3520 539 3556 e.
562 3502 951 3574 argumentatio
976 3502 1057 3558 vel
1093 3504 1346 3557 sententia
1360 3544 1376 3570 ,
1401 3522 1449 3575 e·

403 3580 765 3653 superioribus
800 3583 1019 3637 collecta
1032 3622 1048 3649 ,
1076 3582 1223 3639 brevi
1262 3597 1314 3637 et
1350 3604 1432 3637 ro-

405 3660 572 3715 tunda
598 3663 880 3715 verborum
904 3663 1243 3716 conclusione
1260 3704 1277 3729 ‚
1299 3674 1431 3716 tam-

405 3760 571 3812 quam
594 3752 751 3795 torno
766 3783 781 3809 ,
820 3742 1062 3795 absoluta
1084 3741 1322 3797 celeriter
1340 3762 1428 3796 ac·

1517 1279 1750 1342 Gellius,
1770 1281 1847 1333 lx
1866 1320 1882 1345 ‚
1909 1282 1940 1333 8
1968 1302 1979 1334 ε
2007 1306 2033 1327 ιι
2050 1280 2202 1332 Hanc
2229 1281 2544 1335 sementiam

1518 1360 1735 1412 memini
1763 1380 1790 1411 a
1824 1360 2087 1413 Favorino
2125 1360 2264 1417 inter
2308 1362 2547 1431 ingentes

1519 1439 1756 1493 omnium
1783 1438 2042 1492 clamores
2064 1439 2398 1493 detornatam
2417 1477 2432 1503 ,
2463 1440 2547 1492 in-

1521 1520 1828 1592 clusamque
1889 1519 2064 1572 verbis
2128 1519 2458 1591 paucissimis
2503 1546 2544 1570 ι.

1517 1600 1822 1671 Propertius
1853 1599 1922 1653 de
1955 1600 2125 1670 Elegis
2153 1611 2373 1671 usurpat
2392 1639 2408 1661 ‚
2449 1600 2540 1652 ubi

1518 1681 1786 1733 sententiae
1817 1678 2039 1757 singulis
2068 1678 2305 1733 distichis
2328 1678 2540 1733 inclusae

1517 1772 1668 1827 sunt,
1691 1760 1784 1813 lih-
1808 1760 1866 1817 Π
1881 1800 1897 1825 ,
1924 1762 1990 1827 34
2007 1800 2022 1823 ,
2045 1760 2112 1821 43
2137 1776 2151 1811 :
2176 1785 2200 1805 u
2229 1759 2418 1828 Incipe
2429 1762 2544 1831 jam

1517 1850 1739 1910 angusto
1765 1856 1946 1891 versus
2001 1836 2277 1892 includere
2317 1848 2474 1891 torno
2493 1865 2536 1889 n.

1515 1921 1594 1971 De
1613 1936 1714 1970 usu
1735 1920 1848 1989 ejus
1869 1918 2017 1971 vocis
2043 1916 2260 1987 copiose
2276 1916 2542 1971 Bentleius

1515 1996 1586 2051 ad
1629 2000 1760 2049 male
1800 2010 2018 2047 tornatos
2069 2015 2246 2047 versus
2293 1994 2494 2047 Horatii
2518 2035 2533 2059 ‚

1514 2078 1640 2130 Arte
1667 2076 1816 2128 Poet.
1857 2082 1955 2141 441
1981 2116 1997 2139 ,
2046 2072 2317 2135 disseruit,
2362 2094 2538 2146 neque

1513 2168 1691 2209 tamen
1722 2157 1868 2214 hunc
1898 2155 2082 2210 locum
2103 2154 2292 2225 attigit.
2316 2185 2386 2195 —-
2406 2154 2536 2208 Ideo

1513 2236 1694 2289 forsan
1725 2239 1856 2287 male
1889 2248 2108 2285 sot-natos
2131 2252 2313 2286 versus
2350 2253 2538 2307 perpe-

1513 2334 1628 2367 ram
1673 2314 1727 2366 in
1776 2318 1906 2365 male
1934 2314 2188 2380 formatos
2227 2313 2536 2385 refingehat.

1513 2394 1670 2465 Fugit
1712 2405 1764 2445 et
1803 2394 1892 2445 hic
1933 2393 2084 2446 locus
2109 2393 2284 2445 virum
2317 2390 2536 2447 doctum

1515 2475 1570 2525 in
1597 2473 1823 2537 Miscell.
1861 2473 2157 2526 Observatt.
2192 2472 2321 2525 crit.
2365 2474 2498 2543 1743
2529 2511 2544 2535 ,

1516 2554 1632 2617 t.V,
1661 2572 1780 2625 pag.
1823 2556 1952 2618 416,
1996 2551 2233 2605 Bentleio
2263 2565 2541 2625 propterea

1515 2633 1869 2685 insultantem.
1887 2632 2092 2685 Lsaou.
2113 2662 2184 2672 -
2202 2632 2390 2683 Noster
2412 2650 2538 2702 prae-

1516 2712 1670 2783 cipue
1694 2722 1896 2783 spectat
1915 2710 2258 2783 periodorum
2283 2722 2334 2763 et
2356 2711 2542 2783 enthy-

1516 2802 1804 2847 mematum
1864 2808 2059 2862 genera
2077 2828 2092 2854 ,
2131 2790 2326 2861 quibus
2365 2790 2538 2843 brevis

1515 2872 1810 2944 argumenti
1858 2870 2136 2933 conclusio
2185 2869 2320 2923 inest
2346 2909 2360 2934 ,
2423 2887 2540 2941 quoe

1512 2971 1623 3024 quo
1649 2950 1817 3021 magis
1851 2944 2023 3003 ac⁸cisa
2053 2960 2103 3001 et
2131 2946 2359 3001 rotunda
2385 2960 2506 3000 sunt
2523 2986 2538 3010 ,

1511 3031 1616 3085 hoc
1635 3031 1823 3084 fortius
1844 3028 2057 3082 feriunt.
2072 3026 2231 3079 Unde
2245 3026 2539 3093 Iuvenalis,

1515 3110 1623 3176 vl,
1651 3112 1756 3182 448
1773 3150 1790 3175 ,
1819 3134 1841 3155 α
1863 3126 2087 3162 curvum
2112 3124 2353 3159 sermone
2370 3118 2542 3160 rotato

1514 3189 1854 3261 enthymema
1878 3186 2150 3258 torqueri»
2179 3184 2336 3255 dicit..
2358 3214 2427 3226 -
2467 3186 2543 3239 De

1509 3284 1652 3323 torno
1667 3281 1720 3322 et
1744 3266 1812 3321 de
1827 3267 1999 3321 verbis
2017 3274 2202 3339 τορνοῦν
2218 3277 2271 3317 et
2289 3270 2540 3339 ropvst'mv,

1511 3366 1801 3421 eorumque
1817 3346 2197 3420 significatione
2219 3344 2540 3399 luculentius

1519 3426 1624 3497 egit
1647 3426 1883 3499 Heynius
1913 3426 1999 3478 vir
2025 3427 2090 3479 cl.
2113 3426 2168 3479 in
2183 3430 2278 3477 den
2311 3430 2544 3493 antiqua-

1520 3508 1708 3558 n‘seken
1733 3509 2036 3576 Aufidum,
2057 3507 2215 3567 Parte
2232 3506 2286 3557 11
2303 3546 2319 3571 ,
2339 3525 2396 3577 p.
2427 3513 2546 3571 141,

1519 3596 1572 3639 et
1599 3604 1748 3659 seqq.
1775 3586 1884 3639 En.

1595 3666 1680 3719 85.
1709 3670 1774 3715 Ec
1793 3669 1838 3717 si
1861 3670 1992 3723 sola.
2015 3664 2148 3721 Alii:
2175 3666 2268 3717 etsi
2291 3668 2416 3715 sola.
2445 3663 2505 3715 C.

1593 3744 1683 3797 86.
1701 3750 1998 3797 Pennulcere
2020 3758 2262 3796 senatum.
2284 3742 2417 3795 Alii:
2439 3763 2552 3811 per·

405 3818 534 3873 cidit
554 3822 764 3875 animis.
782 3827 967 3873 Tor-nus
987 3821 1396 3881 instrumentum
1411 3862 1427 3889 ,
1501 3826 1692 3892 fulcire
1709 3840 1949 3885 senatum.
1975 3825 2038 3879 C.
2073 3823 2160 3876 Sic
2193 3823 2396 3875 Bersm.
2418 3822 2544 3875 Mic.

403 3918 515 3971 quo
570 3900 893 3955 circumacto
952 3901 1180 3954 materia
1194 3938 1209 3963 ‚
1251 3900 1391 3973 ligna
1408 3941 1426 3968 ,

405 3996 531 4033 vasa
574 3976 929 4035 retundantur
948 4020 965 4048 ,
998 3978 1123 4033 inde
1170 3978 1239 4041 ad
1282 3978 1423 4035 desi-

404 4058 675 4129 gnandam
717 4059 1096 4115 sententiarum
1136 4058 1425 4113 rotundam

406 4137 719 4195 brevitatem
747 4140 1074 4199 transfertur.
1098 4138 1163 4192 Et
1191 4141 1427 4217 apposite

1517 3913 1568 3955 et
1589 3902 1702 3965 Col,
1732 3902 2029 3957 ediderunt.
2067 3932 2139 3943 --
2174 3904 2383 3969 Eloqm‘o
2421 3920 2540 3953 san-

1517 3996 1668 4047 etum,
1695 3983 1779 4047 Sic
1805 3982 1874 4035 de
1902 3985 2121 4037 Lucano
2149 3980 2346 4035 Statius
2362 4019 2378 4041 ,
2411 3979 2539 4035 silv.

1523 4062 1578 4113 11
1599 4102 1614 4129 ‚
1644 4081 1699 4133 7,
1723 4064 1790 4125 46
1813 4079 1826 4113 :
1865 4086 1886 4106 ι
1905 4062 2186 4132 eloquente
2213 4059 2387 4113 Cantu
2417 4078 2552 4133 pur-

1517 4159 1748 4217 pureum,
1776 4138 1949 4193 trahes
1977 4150 2216 4201 senatum
2238 4166 2282 4189 a.
