2975 4684
721 360 1174 427 EPITOME
1236 361 1649 429 lLIADOS
1716 364 1776 428 H
1794 364 1857 429 O
1875 364 2149 432 MERI.

2354 365 2485 437 58}

469 486 812 551 Restant&
849 494 1154 551 sternunt
1189 481 1468 565 Graios,
1505 480 1809 574 valloque
1846 497 2141 553 catervas

467 590 882 675 Deturbant‚
921 588 1033 658 alii
1073 588 1276 659 scalas
1315 590 1382 658 in
1417 592 1659 661 moenia
1698 607 1995 684 ponunt,

469 706 554 771 Et
583 701 844 793 jaciunt
887 701 1074 795 ignes
1107 728 1122 769 ε
1162 701 1408 793 praebet
1449 702 1725 771 victoria
1770 703 1961 771 vires.

558 815 666 880 De
711 812 918 880 muris
953 825 1255 904 pugnant
1281 812 1533 895 Danai,
1569 826 1917 905 turresque
1956 838 2075 906 per
2108 814 2274 883 altas

469 921 642 987 Saxa
685 918 940 1007 volant3
981 920 1268 993 subeunt
1305 935 1450 991 acta
1483 922 1813 993 testudine
1846 926 2079 1009 Troes,

469 1029 981 1122 Ascenduntque
1021 1029 1280 1112 aditus,
1321 1044 1386 1099 et
1417 1032 1571 1099 totis
1610 1032 1860 1101 viribus
1900 1033 2168 1103 instant.

471 1140 748 1209 Turbati
792 1139 1058 1233 fugiunt
1093 1138 1468 1234 linquentes
1512 1158 1727 1212 castra
1762 1142 2055 1237 Pelasgi,

471 1253 561 1317 Et
597 1250 922 1321 scandunt
960 1276 1256 1345 puppes3
1299 1266 1493 1345 urget
1520 1253 1809 1345 Trojana
1834 1253 2189 1345 juventus,

467 1359 758 1454 Telaque
796 1361 1027 1429 crebra
1059 1362 1250 1453 jacit:
1293 1376 1559 1431 resonat
1591 1361 1997 1432 clamoribus
2029 1364 2253 1433 aether.

569 1473 758 1541 XIII,
785 1473 1138 1565 Neptunus
1171 1473 1340 1541 vires
1369 1474 1621 1543 Danais
1646 1476 2074 1568 animumque
2100 1476 2465 1545 ministrat:

471 1584 702 1675 Pugna
733 1581 968 1675 ingens
993 1583 1242 1667 oritur-3
1274 1581 1438 1651 furit
1472 1583 1667 1653 istinc
1700 1583 1909 1653 hostis
1936 1599 2003 1653 et
2034 1583 2235 1659 illinc.

2418 1608 2511 1659 776μ

473 1690 807 1761 Idomenei
845 1692 1074 1760 dextra
1116 1691 1293 1760 cadit
1331 1694 1562 1781 Asius;
1607 1698 1854 1767 Hector
1890 1710 2181 1765 atrocem

447 1893 564 1963 766.
593 1896 866 1942 Pet-stantes
886 1907 1112 1943 sternunt
1132 1890 1200 1944 G.
1228 1910 1277 1942 2.

446 1972 564 2039 767.
594 1973 888 2024 Discat-bane.
900 1969 1022 2022 edd.
1046 1974 1308 2023 deturbant
1327 1970 1392 2022 H.

373 2058 425 2097 et
453 2046 520 2098 G.
549 2066 570 2100 1
587 2052 906 2115 :proturbant
932 2048 1000 2103 G.
1027 2070 1074 2101 2.

444 2129 564 2195 768.
589 2132 816 2181 Geminas
835 2132 1046 2181 victoria
1063 2132 1196 2181 vires
1211 2166 1226 2188 ,
1247 2128 1394 2198 quod

373 2204 496 2259 edd.
517 2205 740 2272 habent,
771 2207 942 2261 adfuit
971 2226 1130 2277 supra
1167 2226 1220 2259 v.
1253 2212 1354 2275 494
1376 2226 1390 2255 =

373 2284 460 2336 hic
504 2286 665 2338 malui
701 2306 821 2339 cum
861 2286 929 2340 H.
964 2298 1014 2337 et
1053 2284 1119 2338 G.
1161 2285 1390 2339 scribere

363 2366 552 2431 proebet
580 2366 790 2417 victoria
813 2368 962 2417 vires.

443 2446 565 2511 769.
589 2443 690 2495 Pro
707 2459 860 2497 turres
877 2442 1097 2495 Helmst.
1110 2462 1392 2521 puppesque

371 2538 661 2593 perperam.

443 2618 565 2669 770.
613 2606 763 2653 Facta
812 2604 1053 2654 testudine
1095 2599 1217 2652 edd.
1264 2618 1384 2653 cum

369 2677 464 2732 MS
491 2678 555 2731 H.
575 2693 627 2734 et
637 2683 816 2750 fracta
843 2684 1084 2733 testudine
1103 2680 1174 2732 G.
1198 2700 1258 2741 23
1294 2678 1388 2733 sed

371 2772 484 2807 acta
501 2763 736 2811 testudine
753 2760 943 2815 rectius
958 2802 975 2825 ,
995 2758 1140 2829 quod
1155 2758 1224 2811 G.
1255 2776 1274 2810 1
1298 2778 1386 2811 ex·

371 2834 515 2890 hibet
528 2878 544 2902 ‚
579 2850 630 2891 et
651 2858 748 2911 per
765 2843 1116 2913 conjecturam
1139 2836 1272 2891 vidit
1291 2838 1387 2891 oel.

370 2917 628 2987 Dorpius,
649 2939 703 2992 p.
734 2922 850 2973 126.
881 2920 1082 2987 Nempe
1100 2916 1205 2969 hoc
1232 2917 1385 2970 etiam

371 2994 658 3065 virgiliana
702 2996 924 3051 imitatio
968 2996 1180 3069 subjicit
1199 3038 1214 3063 ,
1262 3000 1384 3050 AEn.

367 3073 422 3123 ΙΙ
440 3110 454 3133 ,
480 3081 610 3137 441:
647 3102 668 3121 .
688 3076 1061 3146 obsessumque
1091 3087 1204 3128 acta
1232 3086 1388 3129 testu-

369 3150 488 3205 dine
509 3153 665 3207 limen
679 3174 734 3218 »3
758 3166 808 3207 et
827 3156 906 3207 lx
923 3192 940 3217 ,
967 3153 1068 3207 505
1085 3190 1101 3217 ,
1129 3180 1154 3199 α
1171 3156 1386 3208 Accele-

369 3246 481 3285 rant
501 3246 617 3285 acta
637 3235 836 3305 pariter
855 3232 1112 3289 testudine
1129 3234 1312 3287 Volsci
1331 3259 1352 3280 ι
1371 3274 1384 3285 .

440 3332 558 3383 771.
603 3312 704 3366 Pro
740 3316 1030 3365 Ascendunt
1072 3314 1137 3365 A.
1175 3312 1387 3367 exhibet

369 3395 786 3460 Absconduntque
821 3394 1012 3453 aditus,
1057 3411 1166 3444 non
1204 3392 1339 3445 male
1366 3412 1380 3445 :

366 3484 414 3520 et
421 3488 593 3538 ponas
612 3476 795 3525 viribus
817 3475 1032 3533 instant,
1073 3471 1143 3527 Η.
1171 3477 1382 3539 etportis

368 3552 552 3602 viribus
573 3555 758 3605 iustam
781 3554 848 3605 G.
881 3551 902 3605 i
926 3562 977 3605 et
1006 3572 1033 3603 2
1059 3588 1074 3615 ,
1120 3570 1238 3621 quo
1271 3551 1380 3603 for-

367 3640 506 3683 tasse
551 3630 725 3685 verior
763 3630 918 3685 lectio
937 3669 953 3692 ‚
1012 3630 1157 3701 quod
1201 3643 1383 3683 auctor

367 3712 552 3759 viribus
592 3729 788 3782 ponere
829 3709 1136 3781 simpliciter
1177 3720 1227 3761 et
1272 3709 1383 3761 sine

368 3784 630 3856 adjectivo
655 3788 802 3841 solet.
825 3787 952 3840 Vid.
977 3806 1054 3839 vs.
1079 3786 1200 3839 512.

437 3884 557 3936 772.
578 3870 791 3935 Fugitant
812 3868 1083 3934 linquentes
1115 3880 1280 3915 castra
1314 3868 1380 3917 A.

368 3976 440 3985 -—
476 3946 602 4001 Haec
635 3947 789 3999 lectio
815 3946 991 4001 verior
1017 3964 1127 3998 esse
1155 3943 1382 4008 videtur,

319 4083 334 4099 Ι
367 4026 743 4096 quamfitgt'tmt
756 4046 922 4077 omnes
943 4030 993 4076 in
1017 4038 1203 4084 castra,
1237 4022 1383 4093 qubd

366 4102 529 4159 habet
538 4103 882 4159 Wernsdors.
903 4116 954 4157 et
977 4102 1323 4158 confirmatur
1351 4120 1382 4155 a

1483 1892 1819 1963 sequentibus
1836 1912 1853 1957 ;
1895 1892 2016 1945 ideo
2054 1892 2192 1945 hanc
2221 1892 2274 1943 iu
2302 1901 2502 1943 textum

1481 1971 1673 2041 recepi.
1692 1970 1797 2023 En.

1556 2051 1673 2119 773.
1715 2054 1864 2117 Urget
1888 2050 2129 2117 Troiana,
2169 2048 2314 2120 quod
2350 2049 2414 2100 H.
2447 2062 2501 2101 et

1481 2128 1547 2180 G.
1572 2146 1595 2179 1
1626 2139 1827 2193 tenent,
1852 2127 2058 2198 praetuli
2085 2128 2297 2201 vulgato
2322 2130 2495 2189 instat,

1481 2206 1627 2279 quod
1653 2206 1813 2261 modo
1839 2206 2027 2260 adfuit.

1553 2289 1671 2356 776.
1695 2290 1811 2337 Istic
1833 2288 1983 2339 hostis
2001 2301 2049 2340 et
2063 2289 2164 2339 illic
2181 2286 2250 2340 G.
2272 2306 2318 2341 1.

1550 2384 1668 2435 777.
1696 2368 1950 2417 Idomenei
1982 2369 2165 2417 dea-em
2185 2386 2203 2415 .·
2244 2365 2317 2419 sic
2346 2366 2500 2437 posui

1478 2463 1510 2495 e
1534 2443 1600 2498 G.
1625 2463 1648 2497 1
1681 2459 1733 2499 et
1758 2466 1821 2512 2,
1860 2464 1955 2515 pro
1991 2465 2055 2499 eo
2092 2444 2237 2517 quod
2276 2444 2500 2517 vulgate

1477 2523 1675 2576 hahent
1694 2564 1709 2586 ‚
1749 2530 2037 2593 Dexo-aque
2080 2528 2349 2577 Idomenei.
2396 2525 2501 2577 Pro

1471 2606 1611 2659 cadit
1627 2606 1774 2655 Asius
1796 2604 1861 2655 G.
1889 2623 1909 2657 ι
1938 2602 2121 2657 scribit
2150 2606 2283 2655 eadit
2300 2605 2491 2674 (ffirus,

1475 2682 1531 2733 in
1571 2700 1679 2752 quo
1720 2678 1967 2735 monstro'
1997 2682 2243 2736 vocabuli
2290 2683 2501 2749 nescio,

1475 2780 1545 2833 an
1584 2762 1719 2813 forte
1753 2766 1958 2813 [mbr-ius
1994 2762 2182 2825 lateat,
2204 2780 2363 2833 quem
2399 2762 2501 2834 pri-

1475 2857 1622 2891 mum
1650 2840 1702 2891 in
1734 2840 1839 2893 hoc
1864 2840 2111 2894 conflictu
2139 2841 2397 2893 aTeucro
2418 2858 2501 2893 oc·

1474 2917 1643 2971 cisum
1664 2930 1841 2971 narrat
1859 2918 2121 2973 Homerus
2135 2958 2151 2983 ,
2172 2916 2323 2971 Iliad.
2340 2918 2471 2969 xm
2484 2958 2501 2983 ,

1482 3015 1598 3066 171,
1621 3009 1781 3067 atque
1814 2995 1949 3049 adeo
1976 3015 2075 3066 pro
2110 2995 2384 3067 Idomenei
2406 3016 2499 3049 no-

1475 3076 1619 3128 mine
1659 3080 1843 3125 Teucer
1878 3074 2132 3137 exstiterit
2172 3074 2229 3126 in
2267 3075 2501 3145 antiquis

1475 3154 1855 3225 exemplaribus
1888 3154 1993 3207 hoc
2019 3154 2206 3207 modo:
2236 3160 2350 3205 Iam
2372 3159 2495 3205 Teu-

1475 3236 1551 3283 cri
1576 3237 1757 3285 dea-tm
1786 3238 1922 3286 cada
1936 3236 2158 3285 Imbrius.
2180 3234 2368 3299 Certe,
2406 3235 2505 3305 qui.

1475 3311 1567 3365 hic
1593 3312 1735 3382 prior
1758 3312 1941 3378 Asius,
1977 3324 2029 3364 et
2050 3323 2171 3365 ante
2192 3312 2498 3384 Amphima-

1470 3391 1633 3443 chum
1661 3390 1731 3443 ab
1766 3390 1994 3445 Hectore
2028 3392 2296 3453 occisum,
2322 3390 2495 3443 nomi-

1469 3482 1655 3535 natur,
1690 3488 1813 3521 eum
1857 3470 2121 3523 Homerus
2166 3470 2333 3523 multo
2377 3483 2498 3542 post

1472 3548 1915 3619 Amphimachum
1957 3548 2087 3603 dicit
2125 3549 2457 3603 intersectum
2478 3586 2495 3609 ,

1469 3627 1629 3679 Iliad.
1656 3626 1821 3690 xm,
1850 3628 1969 3691 384.
2007 3630 2193 3699 Neque
2216 3645 2341 3679 vero
2370 3624 2495 3679 Ido-

1471 3706 1645 3760 menei
1684 3705 1889 3759 facinus
1929 3706 1986 3758 in
2023 3705 2122 3758 hac
2166 3704 2279 3758 acie
2313 3704 2497 3757 reticet

1471 3784 1683 3847 Noster,
1704 3796 1757 3837 et
1775 3783 2009 3855 proxime
2028 3784 2343 3837 Alcathoum
2357 3823 2371 3849 ,
2390 3785 2495 3835 An-

1471 3863 1628 3917 chisae
1645 3878 1899 3933 generum
1914 3902 1929 3929 ,
1950 3863 2021 3916 ab
2044 3880 2108 3915 eo
2132 3861 2369 3914 occisum
2389 3881 2494 3917 me·

1473 3954 1676 4007 morat,
1731 3959 1847 4013 qua·
1891 3938 2058 3993 caedes
2100 3939 2491 3994 memorabilior

1470 4022 1602 4086 fuit,
1620 4040 1779 4092 quam
1815 4021 1909 4072 ista
1946 4018 2069 4071 Asii.
2090 4018 2247 4072 Unde
2278 4018 2367 4071 vix
2392 4018 2489 4073 du-

1471 4100 1616 4164 bito,
1658 4117 1871 4154 versum
1912 4098 2087 4165 bunc,
2138 4098 2214 4153 uti
2255 4098 2487 4175 conjeci,
