2975 4684
917 368 1449 436 EPITAPHIA
1514 368 1970 437 HEROUM.

2364 368 2501 467 637

475 488 738 559 Clau-ior
773 490 940 557 urbe
977 513 1178 572 nova,
1215 488 1446 581 patriae
1481 513 1683 581 quam
1727 490 1879 558 sede
1916 506 2195 561 vetusta.

378 689 432 740 in
463 686 695 741 secunda
725 686 928 759 syllaba
945 708 973 741 u
991 684 1172 757 potius
1195 702 1358 757 quam
1385 706 1398 736 ι

378 767 682 840 scripserint
695 803 712 829 ,
732 784 839 818 non
855 765 1013 818 video
1033 782 1048 817 t
1068 765 1171 817 nisi
1193 765 1326 815 forte
1345 761 1396 814 id

377 846 446 900 ab
481 846 593 899 aliis
625 845 829 899 factum
857 844 924 899 sit
942 882 958 905 ,
998 843 1093 915 qui
1115 840 1260 895 aliud
1286 845 1398 915 ejus

379 925 523 979 urbis
572 944 770 978 nomen
788 962 804 986 ,
853 921 1106 994 aliudque
1153 934 1398 994 etymon,

377 1006 526 1075 prius
576 1004 734 1057 fuisse
784 1004 1166 1057 existimarunt.
1213 1000 1399 1055 Strabo

377 1102 610 1154 namque
631 1081 809 1136 scribit
839 1082 975 1133 libro
1002 1094 1175 1147 sexto,
1200 1081 1246 1133 si
1268 1080 1400 1151 quid

377 1178 488 1215 non
515 1162 872 1215 mendosum
856 1179 910 1213 m
943 1163 1060 1248 ejus
1091 1158 1399 1230 exemplari-

379 1241 476 1292 bus
502 1237 852 1299 offendimus,
883 1257 990 1292 non
1012 1250 1162 1314 Αργος
1192 1243 1397 1306 ἵππιον,

379 1318 472 1372 sed
500 1302 808 1392 ’Λργυροΐπιον
824 1354 842 1383 ,
872 1318 1072 1372 dictum
1103 1318 1307 1373 fuisse
1293 1320 1396 1373 ιιιὶ-

1489 682 1566 735 tio
1593 683 1738 737 istud
1764 684 2021 756 oppidum
2046 686 2319 752 Italicum,
2356 694 2507 761 quasi

1492 766 1693 837 ἄργυρος
1706 804 1722 831 ,
1742 762 1801 815 id
1822 776 1927 829 est,
1949 778 2227 837 argentum
2241 808 2257 834 ,
2278 768 2421 840 prior
2438 772 2507 823 sit

1489 842 1767 915 compositi
1795 844 2026 897 nominis
2050 864 2208 918 paru
2241 849 2385 902 unde
2404 858 2505 903 Ar·

1484 926 1664 991 gyn'pa
1686 941 1799 977 esse
1821 924 2095 979 scribenda
2118 925 2378 983 videatur.
2399 932 2511 985 Cae-

1489 1012 1659 1055 terum
1701 1001 1845 1055 unde
1885 1004 2083 1057 factum
2122 1005 2189 1059 sit
2224 1007 2328 1061 hoc
2354 1027 2506 1063 voca-

1487 1082 1710 1143 bulum,
1781 1078 1837 1133 id
1890 1082 1946 1133 in
1986 1090 2146 1153 Arpos
2192 1087 2352 1141 etiam
2392 1104 2510 1161 post

1486 1179 1547 1213 ea
1572 1160 1733 1213 fuisse
1751 1172 2120 1230 contractum,
2149 1164 2293 1219 idem
2318 1166 2509 1222 Strabo

1486 1252 1540 1293 et
1568 1240 1776 1294 Servius
1815 1253 1939 1293 sunt
1975 1255 2244 1311 auctores,
2282 1259 2341 1300 ut
2372 1248 2511 1302 idem

1485 1338 1704 1392 prorsus
1726 1320 1794 1371 sit
1813 1323 2057 1391 Argyn'pa
2080 1336 2132 1375 et
2158 1330 2299 1393 Arpi.

1023 1528 1194 1597 vn.
1255 1508 1871 1597 ANTILOCHO.

478 1712 822 1799 Consiliis»,
855 1710 1164 1809 belloque
1201 1716 1449 1801 bonus,
1492 1740 1639 1809 quae
1678 1714 1917 1813 copule
1964 1740 2113 1787 rara
2148 1734 2281 1801 est,

574 1825 788 1894 Carus
822 1840 890 1893 et
921 1824 1205 1911 Atridis,
1231 1848 1424 1894 carus
1459 1840 1529 1893 et
1557 1824 1887 1911 AEacidis3

449 1928 755 2004 'Praemia
789 1936 1055 2005 virtutis
1092 1934 1289 2004 simul
1324 1950 1392 2005 et
1427 1936 1693 2030 pietatis
1721 1934 2034 2029 adeptuS‚

580 2047 858 2115 Servato
891 2042 1289 2115 Antilochus
1323 2046 1609 2115 Nestore
1645 2058 1869 2139 patre,
1901 2043 2059 2115 obii.

477 2158 633 2226 Non
670 2154 782 2225 hic
817 2156 986 2225 ordo
1013 2156 1179 2237 fuit3
1220 2156 1334 2225 sed
1361 2154 1607 2249 justius
1639 2152 1749 2223 ille
1777 2169 2141 2249 superstes,

576 2265 777 2359 Troja
805 2268 953 2362 capi
985 2269 1126 2337 sine
1161 2291 1297 2361 quo
1329 2264 1585 2361 perfida
1618 2289 1755 2333 non
1789 2280 2070 2360 poterat.

459 2472 506 2504 ι.
535 2456 685 2505 Carus
717 2470 764 2507 σε
780 2458 982 2509 Atridis.
1005 2456 1202 2509 Plurali
1219 2472 1404 2508 nume-

385 2549 446 2583 ro
478 2550 582 2603 pro
618 2533 873 2605 singulari
917 2554 1042 2588 usus
1082 2554 1193 2588 esse
1232 2545 1404 2606 potest

384 2610 648 2665 Ausonius
665 2654 681 2679 ‚
719 2624 770 2667 et
796 2614 937 2667 solos
954 2615 1404 2686 Agamemnonem

386 2700 437 2741 et
453 2690 712 2745 Achillem
730 2693 1078 2761 intellexisse3
1098 2706 1274 2747 tamen
1293 2693 1404 2745 bel-

387 2768 438 2820 lo
446 2768 679 2843 Trojano
694 2772 1046 2827 interfuerunt.
1061 2773 1170 2828 duo
1186 2770 1406 2833 Atridae,

389 2846 445 2901 id
465 2862 569 2914 est,
597 2853 773 2919 Atrei,
803 2864 864 2923 ut
887 2854 1237 2925 putabantur,
1275 2844 1408 2918 filii,

386 2930 750 2999 Agamemnon
775 2943 828 2984 et
847 2932 1149 2986 Menelaus:
1173 2930 1408 2985 AEacidae

387 3026 543 3071 vero,
567 3008 672 3062 hoc
691 3020 794 3075 est,
808 3010 962 3063 AEaci
980 3022 1198 3081 nepotes
1216 3049 1232 3075 ,
1251 3008 1410 3081 quin·

389 3105 494 3159 que
517 3126 532 3151 ,
569 3087 816 3140 nimirum
845 3088 1076 3141 Achilles
1093 3126 1109 3152 ,
1144 3087 1410 3160 Pyrrhus,

390 3165 486 3239 qui
505 3178 554 3218 et
573 3168 948 3239 Neoptolemus
969 3204 984 3231 ,
1005 3166 1224 3221 Achiuis
1241 3166 1384 3218 filius
1398 3202 1414 3229 ,

393 3248 520 3311 Aiax
546 3264 670 3299 eum
687 3246 899 3299 Teucro
925 3246 1082 3301 fratre
1099 3287 1112 3311 ,
1157 3258 1208 3299 et
1236 3245 1414 3298 Patro-

394 3326 538 3387 clus3
577 3323 669 3379 sed
697 3324 934 3399 Pyrrhus
970 3325 1040 3378 ad
1072 3323 1273 3377 bellum
1305 3342 1416 3377 non

396 3406 541 3459 venit
558 3446 574 3473 ,
595 3406 700 3459 nisi
725 3416 937 3459 mortuo
955 3407 1068 3479 jam
1089 3416 1262 3478 patre,
1295 3415 1415 3476 post

1492 2450 2056 2524 Antilochum.—Legi
2079 2464 2255 2508 tamen
2284 2452 2372 2508 hic
2394 2474 2517 2528 pos-

1492 2545 1571 2585 set
1596 2536 1784 2585 Acridoe
1800 2542 1855 2584 et
1866 2534 2109 2585 AEacidae.
2136 2534 2234 2587 En.

1564 2611 1613 2665 5.
1645 2614 1841 2682 Perfida
1872 2613 2037 2680 Troja.
2078 2612 2385 2668 Laomedon
2422 2636 2515 2670 rex

1492 2692 1689 2764 Trojae,
1707 2689 1904 2743 Priami
1923 2702 2095 2761 pater,
2110 2694 2249 2745 Deos
2270 2691 2339 2747 de
2357 2697 2519 2749 muris

1496 2788 1602 2823 ωε
1614 2770 1784 2835 urbis,
1801 2768 2048 2822 homines
2065 2768 2132 2821 de
2146 2771 2374 2825 Hesione
2386 2774 2520 2837 filia,

1498 2848 1699 2902 fefellit.
1739 2847 1888 2901 Paris
1930 2846 2071 2901 filius
2109 2848 2333 2915 Priami,
2366 2853 2521 2907 Hele·

1497 2946 1621 2979 nam
1663 2927 1861 2979 violato
1898 2926 2115 2997 hospitii
2144 2930 2299 2999 jure,
2326 2933 2521 3004 rapuit.

1498 3004 1787 3077 Virgilius‘
1773 3022 1829 3056 ιιι
1847 3003 1984 3056 libro
2002 3005 2179 3076 primo
2197 3008 2522 3081 Georgicon,

1502 3084 1637 3150 5023
1677 3081 2129 3137 «Laomedontem
2168 3086 2361 3142 luimus
2398 3110 2522 3162 per-

1498 3164 1639 3236 juria
1657 3164 1879 3234 Trojae»
1884 3203 1897 3215 .
1934 3164 2001 3213 At
2027 3164 2309 3237 Horatius,
2346 3170 2525 3225 Carm.

1505 3244 1562 3310 1,
1592 3241 1772 3308 15,·1:
1806 3266 1829 3289 ιι
1866 3240 2055 3295 Pastor
2088 3263 2255 3317 quum
2296 3250 2523 3305 traheret

1504 3340 1599 3394 per
1640 3322 1775 3374 freta
1814 3322 2036 3376 navibus
2077 3324 2232 3381 Idaeis
2289 3330 2527 3385 Helenen

1500 3400 1737 3474 perfidus
1764 3400 2027 3473 hospitam
2046 3428 2088 3455 ιι.

1093 3601 1310 3669 VIII.
1363 3598 1831 3667 NESTORI.

495 3787 638 3853 Hoc
668 3798 857 3878 tegor
886 3782 951 3849 in
985 3777 1246 3849 tumulo
1273 3777 1495 3874 quarti
1518 3777 1657 3871 jam
1688 3775 2007 3869 prodigus
2034 3778 2154 3846 aevi

590 3894 859 3978 Nestor,
885 3889 1164 3961 consilio
1196 3888 1416 3959 clarus
1451 3902 1521 3956 et
1546 3885 1837 3980 eloquio.

498 4004 766 4100 Objecit
797 4028 933 4073 sese
961 4002 1150 4091 cujus
1182 4026 1306 4097 pro
1335 4013 1550 4067 morte
1581 4008 1970 4093 ‘peremptus

597 4112 842 4201 Filius;
871 4130 937 4184 et
966 4114 1103 4182 nati
1136 4110 1406 4182 vulnere
1432 4110 1587 4179 vivo
1614 4122 1822 4204 pater.
