2975 4684
907 325 1344 394 AUSPICII
1399 327 1523 394 ET
1584 325 1955 396 AELLAE.

2351 325 2491 421 389

459 445 727 530 Sidera,
770 445 1067 515 blandito
1111 447 1448 516 dominam
1495 463 1804 516 venerata
1839 472 2095 516 sereno.

457 559 608 647 lpsa
655 552 778 622 levi
813 556 1108 625 residens
1140 583 1378 643 curru,
1418 558 1765 626 mitissima
1798 559 2089 642 Divum,

455 664 753 734 Ventilat
787 667 1038 737 adflatu
1075 667 1306 736 caelum
1329 721 1350 756 ‚
1384 669 1833 763 zephyrisque
1870 670 2157 737 remissis

455 774 710 846 Mulcet
739 802 970 872 agros,
1000 777 1262 873 lenique
1305 779 1499 848 astris
1534 779 1900 872 adremigat
1938 803 2119 847 aura.
2438 802 2491 839 ³0

459 889 776 956 Protinus
813 902 891 955 ut
927 884 1256 981 liquidum
1287 887 1523 956 Phoebi
1560 889 1763 981 jubar
1802 913 1919 957 ore
1956 891 2269 974 recussit,

457 1000 1014 1092 Progressamque
1055 999 1269 1066 Deam
1313 997 1601 1068 docuere
1636 997 1957 1068 elementa
1998 999 2279 1068 favendo
2302 1053 2319 1084 ‚

457 1107 666 1201 Lydia
704 1109 820 1201 qui
857 1106 1136 1176 cedente
1174 1106 1530 1202 reliquerat
1570 1133 1727 1177 arva
1772 1135 2036 1196 sorore,

461 1217 682 1290 Obvia
719 1217 1090 1311 pampineis
1125 1218 1331 1288 Liber
1367 1221 1545 1313 rapit
1578 1217 1847 1315 agmina
1886 1222 2147 1316 thyrsis.

457 1329 641 1398 Ditia
679 1327 926 1397 Pactoli
969 1344 1240 1422 superat
1272 1331 1557 1402 Peneius
1600 1333 1813 1406 amnis
2444 1357 2493 1398 3⁵

459 1442 776 1526 Munera,
813 1439 1030 1509 clarus
1062 1441 1254 1534 aquis
1290 1440 1577 1510 nitidum
1611 1445 2075 1536 stagnantibus
2117 1471 2373 1514 aurum.

360 1620 773 1695 Adventumque
820 1636 1006 1686 tuum;
1061 1625 1152 1676 tibi
1203 1643 1384 1677 suaves

359 1701 561 1755 dodala
585 1703 740 1756 tellus
760 1703 1030 1757 submittit
1058 1703 1214 1757 flores
1234 1743 1249 1768 ‚
1289 1704 1382 1757 tihi

359 1780 538 1835 rident
567 1801 777 1854 equora
810 1785 985 1855 ponti,
1011 1783 1386 1858 Placatumque

1471 1625 1527 1676 in
1548 1628 1659 1698 ejus
1678 1643 1769 1678 ore
1788 1625 2159 1696 resplenderet.
2180 1627 2314 1678 Nam
2334 1627 2495 1687 infra,

1471 1721 1627 1758 versu
1667 1705 1733 1768 54
1751 1746 1766 1770 ,
1808 1716 1993 1757 auctor
2039 1703 2203 1770 dicit,
2234 1705 2496 1760 Venerem

1472 1797 1639 1837 casti-a
1678 1785 1907 1837 movisse
1936 1785 2111 1855 primo
2148 1803 2339 1849 mane,
2378 1799 2498 1836 ante

358 1861 492 1914 nitet
517 1862 718 1917 diffuso
737 1865 938 1916 lumine
959 1863 1146 1917 caelum
1159 1891 1198 1917 ι.
1217 1865 1383 1917 Caete-
1463 1865 1624 1936 jubar
1658 1876 1911 1917 exortum.
1939 1864 2043 1918 sed
2076 1867 2295 1917 fortasse
2325 1865 2499 1934 legen.

355 1957 478 1994 rum
506 1947 776 1995 revelantia
795 1943 882 1995 hic
903 1943 1130 2014 positum
1153 1963 1249 2015 pro
1265 1945 1386 1996 sim-

359 2021 488 2094 plici
527 2024 783 2083 volantia,
823 2036 885 2074 ut
919 2021 1056 2074 infra
1101 2041 1255 2075 versu
1297 2023 1382 2078 85.

360 2101 537 2154 verba
579 2101 868 2172 composita
907 2119 1005 2172 pro
1055 2103 1384 2174 simplicibus

359 2180 686 2251 frequentari
707 2201 736 2233 a
763 2181 929 2251 poetis
967 2183 1224 2252 sequioris
1251 2184 1350 2234 aevi
1367 2221 1382 2244 ,

353 2260 462 2330 jam
498 2261 688 2330 saepius
721 2259 1384 2314 adnotavimus.Videatur

360 2340 602 2411 superins
637 2359 847 2393 carmen
871 2339 922 2392 X
939 2377 958 2405 ‚
993 2359 1040 2392 v.
1065 2341 1095 2394 3
1120 2353 1168 2393 et
1191 2341 1276 2394 32.

329 2435 337 2442 ’
435 2437 520 2490 ²7·
539 2423 786 2472 Blandito.
807 2420 1142 2472 Burmannus
1162 2421 1388 2474 scriben-

357 2498 492 2552 dum
519 2511 696 2554 censet
729 2503 970 2554 blanditie.
992 2499 1096 2554 Sed
1118 2519 1224 2553 non
1249 2521 1386 2572 opus

361 2591 460 2631 est.
486 2584 748 2632 Blandiens
771 2581 1154 2633 substantivum
1177 2581 1267 2634 vix
1301 2599 1385 2632 re·

355 2661 566 2732 peritur
597 2658 741 2730 apud
766 2660 1011 2725 Latinos,
1053 2673 1103 2714 et
1133 2664 1381 2712 blanditus

360 2738 552 2812 adject.
569 2757 668 2811 pro
693 2751 840 2812 grato
859 2751 912 2791 et
933 2739 1174 2811 jucundo
1193 2759 1381 2794 occur-

361 2819 432 2871 rit
450 2819 690 2890 Propert.
713 2820 814 2884 IV,
845 2823 902 2882 6,
923 2838 1022 2890 72:
1060 2843 1084 2867 ι
1101 2819 1382 2873 Blanditae·

360 2917 468 2971 que
479 2897 650 2952 fluunt
660 2918 760 2971 per
777 2917 892 2951 mea
905 2900 1038 2952 colla
1058 2917 1186 2952 rosae
1197 2927 1302 2952 n.—
1312 2905 1389 2951 So-

362 2997 534 3030 retmm
574 2997 670 3049 pro
703 2979 976 3032 serenitate
1012 2979 1282 3036 Claudian.
1311 2980 1390 3030 lv

361 3059 520 3112 Cons-
545 3059 683 3112 Hon.
713 3060 840 3112 183:
879 3085 903 3105 ι
926 3058 1148 3130 risitque
1169 3071 1262 3112 tuo
1284 3060 1390 3111 Na-

359 3149 478 3190 tura
498 3157 686 3192 sereno
697 3163 736 3190 n.

435 3237 522 3286 ²9·
559 3221 776 3269 Ventilet
797 3221 1013 3280 adflatu,
1053 3217 1089 3267 i.
1126 3235 1171 3268 e.
1198 3216 1384 3270 leniter

361 3309 562 3351 movet.
585 3297 660 3349 L’t
695 3295 1029 3372 Propertius,
1067 3295 1164 3361 IV,
1197 3297 1252 3357 3,
1284 3295 1382 3348 50:

337 3386 394 3424 ἰ
421 3377 574 3430 Hunc
603 3377 824 3442 Venus,
865 3386 922 3428 ut
953 3375 1098 3429 vivat
1117 3415 1131 3441 ,
1171 3375 1389 3428 ventilat

361 3458 476 3528 ipsa
499 3457 666 3509 facem
683 3481 728 3509 a.
1351 3455 1358 3462 ⁶

439 3538 520 3588 30.
538 3541 698 3588 Astn's
722 3538 1012 3604 adremigat.
1033 3535 1212 3587 Utitur
1229 3535 1389 3587 verbo

363 3615 640 3688 aliquoties
685 3615 902 3680 Florus,
947 3627 1005 3666 ut
1047 3616 1130 3666 111
1148 3654 1163 3679 ,
1205 3633 1236 3684 7
1255 3655 1270 3679 ,
1315 3614 1346 3666 3
1372 3632 1385 3666 :

364 3695 496 3748 «sie
522 3695 840 3748 velificantes
869 3693 1308 3764 triumphantium
1330 3693 1388 3745 iu

363 3773 587 3826 modum
619 3773 797 3826 Cretes
833 3771 1075 3845 portibus
1102 3771 1208 3824 suis
1234 3770 1389 3828 adre-

363 3854 696 3928 migaverunt
716 3879 756 3904 a.

437 3935 521 3985 31.
549 3937 648 3982 Ore
677 3935 908 3990 recussit,
959 3928 1294 4002 resplendere
1317 3931 1393 3983 fe-

364 4011 542 4074 cit,h.
570 4033 618 4064 e.
639 4025 918 4089 postquam
950 4013 1004 4064 in
1043 4023 1241 4062 tantum
1273 4029 1390 4078 pro-

367 4091 520 4149 cessit
535 4087 717 4145 Venus
733 4093 829 4156 ,ut
849 4091 1028 4146 Phoebi
1051 4089 1220 4144 exorti
1233 4090 1388 4162 jubar

1471 1941 1602 1995 dum
1628 1955 1706 1995 est
1730 1963 1815 1995 on·
1834 1947 2057 2006 recessit,
2078 1955 2139 1997 ut
2156 1943 2501 2014 significetur,

1469 2035 1752 2094 postquam
1786 2021 2055 2095 pergendo
2087 2035 2137 2077 et
2162 2023 2499 2095 properando

1469 2103 1634 2155 solem
1656 2102 1935 2156 adversum
1957 2117 2075 2174 post
2096 2115 2236 2173 terga
2259 2102 2473 2175 reliquit
2487 2142 2503 2167 ‚

1469 2185 1541 2234 ita
1578 2195 1637 2234 ut
1674 2182 1834 2254 hujus
1853 2182 2015 2253 jubar
2046 2183 2115 2234 ab
2149 2182 2263 2256 ejus
2297 2201 2389 2234 ore
2422 2201 2501 2234 re-

1471 2264 1694 2318 cederet.

1487 2353 1493 2357 ’
1550 2345 1631 2398 33.
1655 2347 1812 2410 Lydia
1840 2347 1926 2410 qui
1959 2362 2096 2396 arva.
2132 2345 2177 2394 A
2194 2340 2359 2413 Lydia
2380 2360 2501 2411 pro-

1475 2421 1616 2476 cedit
1642 2421 1885 2474 Bacchus
1904 2463 1919 2487 ,
1953 2422 2078 2494 quia
2104 2421 2219 2475 hoc
2246 2422 2391 2492 quasi
2420 2441 2499 2474 se·

1476 2504 1570 2556 des
1584 2501 1775 2555 Bacchi
1792 2541 1807 2566 ,
1840 2501 1987 2554 cultu
2024 2513 2076 2553 et
2101 2501 2260 2572 orgiis
2288 2505 2398 2573 ejus
2425 2501 2505 2553 in-

1473 2582 1663 2658 pi·imis
1706 2581 1980 2632 celebrata.
2027 2578 2186 2633 Unde
2222 2579 2499 2632 Claudiam.

1475 2661 1556 2712 IV
1579 2661 1732 2713 Cons.
1758 2661 1892 2714 Hon.
1912 2661 2045 2714 603:
2076 2685 2101 2704 ιι
2124 2662 2186 2711 ln
2208 2671 2259 2711 te
2287 2660 2495 2738 pampi-

1475 2759 1604 2795 neos
1624 2739 1929 2792 transferret
1949 2737 2115 2809 Lydia
2142 2739 2355 2810 thyrsos
2374 2765 2413 2791 ι.

1546 2820 1628 2872 35.
1654 2822 1843 2869 Pactoli
1864 2832 2063 2885 superat
2084 2820 2287 2868 stacius
2317 2821 2497 2870 aestuis.

1479 2898 1645 2964 Dicit,
1674 2899 1907 2951 Peneum
1932 2896 2151 2950 fluvium
2184 2896 2465 2948 Thessalia
2487 2937 2503 2962 ,

1481 2999 1625 3032 nunc
1652 2979 1771 3050 plus
1798 2977 1910 3029 auri
1934 2974 2157 3028 sundere
2177 3016 2191 3040 ,
2225 2993 2385 3045 quam
2405 2977 2501 3027 Pa-

1481 3059 1683 3112 ctolum
1710 3056 1889 3129 Lydiae
1907 3096 1922 3120 ,
1964 3054 2088 3126 quia
2120 3054 2388 3120 Bacchus,
2409 3056 2502 3126 qui

1474 3139 1745 3190 Pactolum
1770 3137 2063 3188 auriferum
2088 3133 2211 3186 fecit
2232 3173 2247 3198 ,
2279 3137 2389 3206 jam
2419 3155 2499 3188 re-

1473 3217 1627 3288 liquit
1650 3215 1870 3289 Lydiam
1906 3227 1957 3267 et
1976 3213 2303 3266 Thessaliam
2330 3213 2479 3285 petiit
2496 3255 2508 3266 .

1476 3297 1672 3350 Contra
1694 3296 1964 3349 Pactolum
1978 3295 2186 3366 fingunt
2204 3313 2337 3346 auro
2351 3293 2501 3346 ditio·

1475 3397 1589 3430 rem
1610 3377 1748 3443 fieri,
1772 3375 1988 3448 quando
2010 3375 2063 3426 in
2085 3373 2313 3447 Lydiam
2328 3373 2501 3427 rediit.

1477 3457 1665 3510 Claud.
1692 3455 1863 3508 Laud.
1893 3455 2005 3509 Stil.
2031 3455 2114 3506 111
2132 3497 2147 3522 ‚
2176 3459 2239 3506 61
2272 3474 2285 3506 :
2330 3455 2503 3519 «Quae

1477 3537 1553 3590 sic
1579 3537 1811 3589 aurifero
1848 3534 2046 3589 Pactoli
2086 3535 2231 3586 fonte
2263 3533 2505 3586 tumescit

1477 3615 1672 3686 Lydia;
1695 3635 1864 3687 quum
1902 3613 2121 3668 domitis
2156 3613 2403 3685 apparuit
2439 3613 2505 3664 E-

1477 3695 1599 3748 vius
1618 3694 1765 3748 Indis
1786 3721 1825 3746 a.
1866 3697 1925 3747 In
1958 3694 2187 3746 adventu
2210 3705 2259 3742 et
2284 3709 2507 3760 praesen-

1477 3775 1547 3826 tia
1566 3778 1799 3828 Deorum
1838 3774 2097 3827 ditescere
2119 3771 2293 3824 omnia
2324 3782 2375 3822 et
2411 3789 2507 3822 au-

1484 3855 1597 3925 geri
1630 3873 1755 3926 opes
1796 3865 1945 3905 terrae
1969 3891 1985 3916 ,
2021 3847 2335 3926 jampridem
2364 3861 2509 3902 nota·

1483 3933 1658 3985 vimus
1683 3933 1751 3985 ad
1774 3932 2024 4001 Calpurn.
2050 3931 2147 3994 lv,
2179 3931 2288 3980 106.

1553 4013 1639 4064 36.
1678 4013 2027 4080 stagnantibus
2077 4027 2251 4058 aarum
2269 4045 2285 4067 ,
2341 4009 2508 4078 stagni

1476 4090 1641 4143 instar
1665 4087 2081 4144 effundentibus.
2114 4091 2359 4155 stagnare
2384 4087 2511 4144 acti·-
