2975 4684
445 296 580 363 282
1147 300 1685 396 Excunsus
1748 298 1869 367 111
1922 344 1929 352 .

376 500 389 510 ,ι
443 416 641 497 latus,
691 418 793 483 vel
825 416 908 483 ad
951 418 1214 485 tertium
1243 418 1655 485 dextrorsum
1688 434 1965 483 stantem
2006 434 2208 499 esset,
2252 420 2366 505 qui
2396 418 2563 483 ictus

443 518 698 585 sinistra
723 520 1000 586 maxime
1016 519 1365 611 indigebat.
1384 522 1483 589 Ad
1504 520 1813 587 eumdem
1834 534 2053 584 actum
2082 518 2219 583 ludi
2238 520 2565 607 pertinere

441 618 716 702 videtur,
729 621 912 709 quod
944 623 1287 704 Martialis,
1316 624 1432 705 IV,
1475 644 1587 709 19,
1622 646 1686 711 7,
1706 622 1949 711 μανείη
1939 620 2183 705 follem
2216 618 2415 684 dicit:

731 772 944 827 Plumea
975 793 1068 829 seu
1092 774 1194 827 laxi
1227 776 1440 847 partiris
1463 773 1699 847 pondera
1730 772 1888 827 follis.

450 926 790 1015 Quidquid
809 931 983 994 enim
1001 932 1384 1019 interpretes
1409 930 1519 995 alii
1536 929 2144 1008 comminiscantur,
2154 926 2571 1014 partit-ipon-

443 1028 804 1118 derafhllis
828 1031 988 1095 nihil
1023 1032 1203 1097 aliud
1225 1055 1363 1098 esse
1384 1032 1713 1112 existim0‚
1734 1051 1929 1119 quam
1943 1029 2163 1092 follem
2191 1029 2261 1090 in
2288 1026 2571 1092 diversas

443 1146 654 1221 partes
685 1134 909 1197 circuli
945 1135 1202 1199 mittere
1238 1150 1303 1199 et
1333 1134 1662 1199 remittere
1681 1182 1700 1213 ,
1734 1148 1799 1197 et
1834 1130 2059 1196 ludere
2091 1131 2160 1194 in
2197 1152 2569 1194 commune.

445 1232 616 1297 Nam
647 1235 762 1321 qui
817 1235 1012 1325 pilam
1056 1237 1294 1303 emittit
1347 1238 1631 1325 primus,
1681 1250 1747 1301 et
1798 1235 1911 1322 qui
1952 1232 2246 1323 expellit,
2282 1254 2461 1295 nunc
2504 1232 2571 1293 in

449 1332 654 1415 hanc,
675 1358 855 1400 nunc
896 1338 965 1400 in
1005 1338 1193 1403 aliam
1221 1355 1470 1427 partem
1506 1338 1739 1417 mittit,
1776 1336 2072 1423 adeoque
2109 1358 2307 1398 unam
2339 1332 2532 1422 pilam
2554 1381 2572 1413 ,

447 1436 548 1501 vel
587 1436 872 1524 pondera
909 1439 1052 1527 pilae
1069 1488 1085 1523 ,
1122 1440 1187 1503 h.
1235 1464 1294 1504 e.
1344 1440 1596 1529 lapsum
1632 1440 2053 1525 volatumque
2085 1436 2363 1525 partitur
2404 1436 2579 1498 inter

447 1538 664 1625 plures
681 1588 698 1620 ,
732 1555 799 1603 et
829 1541 1287 1606 communicat.
1325 1541 1466 1605 Hoc
1483 1589 1502 1621 ‚
1536 1540 1710 1608 idem
1748 1555 1877 1621 est,
1935 1535 2116 1627 quod
2162 1538 2266 1601 alii
2302 1536 2579 1601 datatim

453 1638 668 1705 ludere
699 1638 965 1723 dicunt,
999 1658 1075 1707 ut
1105 1642 1378 1709 Plautus
1405 1692 1424 1725 ,
1461 1643 1724 1707 Curcul.
1752 1644 1894 1706 Act.
1932 1640 2025 1722 11,
2064 1638 2101 1703 3
2121 1688 2139 1723 ,
2185 1662 2260 1727 ¹7
2292 1664 2307 1703 :

729 1790 872 1845 Tum
897 1792 984 1846 isti
998 1831 1018 1855 ‚
1042 1794 1134 1867 qui
1159 1791 1354 1847 ludunt
1381 1791 1600 1847 datatim
1620 1790 1758 1845 servi
1774 1806 2083 1845 scurrarum
2100 1789 2159 1841 in
2177 1786 2265 1841 via
2278 1824 2295 1849 ‚

735 1874 802 1927 Et
822 1874 1034 1929 datores
1051 1914 1064 1939 ‚
1093 1888 1146 1929 et
1168 1877 1392 1930 factores
1419 1876 1592 1929 omnis
1619 1870 1843 1927 subdam
1865 1873 1965 1927 sub
1992 1872 2184 1925 solum.

457 2028 512 2089 E
538 2047 671 2114 quo
697 2029 844 2093 loco
875 2030 1238 2093 observavit
1266 2028 1651 2107 Turnebus,
1684 2024 2077 2090 Advers.VIl
2098 2072 2116 2104 ‚
2149 2027 2193 2101 4
2210 2070 2227 2102 ,
2264 2038 2332 2085 et
2359 2021 2581 2085 Taub·

459 2150 735 2193 mannus
767 2130 850 2195 ad
881 2130 1184 2195 Plautum
1201 2179 1218 2213 ‚
1252 2132 1367 2217 qui
1397 2131 1671 2194 alterum
1708 2128 2070 2220 exscripsit,
2096 2125 2349 2189 dator-es
2374 2123 2583 2187 dictos

461 2250 600 2293 esse
619 2230 690 2293 in
709 2231 859 2293 lusu
885 2231 1049 2319 pilae,
1065 2233 1182 2318 qui
1207 2230 1401 2319 pilam
1425 2228 1704 2313 dabant3
1737 2230 1895 2295 alios
1914 2243 2131 2293 autem
2126 2225 2442 2315 factores,
2468 2225 2583 2313 qui

459 2330 779 2394 faciebant
795 2330 897 2412 ,id
915 2350 1044 2413 est,
1065 2333 1179 2420 qui
1201 2332 1519 2397 feriebant
1548 2348 1613 2396 et
1636 2331 1947 2396 ludebant
1962 2380 1979 2407 ‚
2008 2330 2251 2417 quique
2271 2330 2341 2392 in
2366 2328 2585 2391 factio—

461 2452 576 2494 nes
600 2446 786 2494 erant
815 2430 1037 2513 divisi,
1063 2432 1130 2497 id
1145 2448 1275 2515 est,
1297 2449 1374 2497 ut
1395 2432 1672 2497 dicimus
1689 2454 1726 2497 a
1748 2430 2221 2497 consuetudine
2236 2479 2255 2511 ,
2274 2433 2581 2517 bipennes.

457 2530 599 2617 Ego
624 2531 876 2595 datores
895 2533 1104 2623 magis
1123 2534 1414 2623 intelligo
1433 2534 1519 2598 de
1536 2534 1615 2598 iis
1630 2582 1648 2617 ‚
1669 2534 1784 2622 qui
1806 2534 2003 2621 pilam
2020 2533 2215 2621 primi
2239 2532 2583 2611 emittunt3

463 2633 672 2695 caeteri
689 2681 706 2714 ‚
739 2634 852 2721 qui
870 2650 1016 2722 apte
1033 2634 1432 2724 respondent
1449 2633 1532 2698 ad
1560 2636 1819 2699 missam
1837 2682 1856 2716 ,
1877 2656 2151 2721 eamque
2172 2632 2273 2695 vel
2300 2629 2587 2694 reddunt

465 2751 533 2797 et
567 2735 910 2799 remittunt
927 2784 945 2817 ‚
978 2739 1080 2801 vel
1129 2739 1461 2826 expellunt
1478 2786 1496 2817 ‚
1519 2736 1814 2824 faetores
1862 2750 2209 2815 vocantur,
2262 2733 2417 2820 quia
2458 2731 2589 2793 hoc

463 2834 608 2922 ipso
623 2834 856 2902 ludum
875 2836 1192 2904 efficiunt.
1218 2839 1555 2903 Fae-tiones
1574 2838 1643 2902 in
1663 2838 1823 2902 ludo
1844 2838 1987 2926 pila*
2002 2883 2021 2918 ,
2050 2835 2289 2899 Graecis
2304 2844 2509 2914 αἱρέσεις
2522 2846 2589 2895 et

462 2947 660 3019 πράξαις
689 2937 888 3004 dictas
924 2962 1097 3022 esse,
1133 2941 1327 3006 docet
1359 2942 1641 3031 Scaliger
1670 2938 1754 3003 ad
1788 2937 2010 3002 Manil.
2052 2936 2165 3000 lib.
2203 2936 2303 3016 11,
2334 2956 2401 3021 p.
2444 2954 2585 3018 ¹¹7·

467 3040 672 3104 Porro
707 3040 966 3106 laudem
1005 3043 1368 3107 continuati
1413 3040 1549 3106 ludi
1582 3042 1782 3107 habet
1796 3088 1815 3121 ‚
1865 3038 2045 3127 quod
2092 3036 2267 3125 apud
2310 3035 2589 3099 Saleium

467 3141 796 3229 sequitur,
839 3142 1048 3231 pilam
1101 3166 1388 3209 revocare
1433 3144 1763 3209 cadentem
1782 3188 1803 3221 ,
1844 3140 1971 3205 hoc
2003 3155 2137 3220 est,
2188 3137 2407 3201 follem
2426 3184 2445 3217 ,
2478 3136 2590 3223 qui

465 3244 632 3306 forte
663 3244 731 3307 in
759 3261 992 3309 terram
1041 3244 1344 3310 decidens
1377 3246 1645 3309 resultat
1665 3293 1682 3326 ,
1714 3243 1934 3308 denuo
1958 3240 2322 3329 impellere,
2356 3253 2422 3301 et
2446 3260 2591 3301 sur·

470 3368 613 3409 sum
652 3344 881 3424 jacere.
939 3348 1016 3410 In
1041 3344 1224 3433 folle
1258 3347 1388 3411 hoc
1435 3343 1713 3411 subinde
1770 3342 1962 3407 fiebat
2012 3340 2094 3406 ad
2148 3336 2595 3403 renovandum

468 3446 687 3509 lusum
718 3469 735 3510 ε
765 3446 832 3509 in
861 3446 986 3510 alio
1012 3446 1152 3535 pilae
1174 3470 1406 3537 genere
1423 3495 1441 3527 ,
1475 3444 1657 3535 quod
1685 3446 2052 3533 harpastum
2074 3440 2421 3523 vocabant,
2450 3462 2599 3503 con-

471 3549 658 3612 tinuo
691 3548 915 3625 fiebat,
953 3564 1028 3613 ut
1059 3550 1188 3637 pila
1208 3598 1225 3630 ‚
1243 3572 1402 3636 uquae
1427 3564 1768 3636 propterea
1795 3546 2024 3609 durior
2056 3544 2399 3629 minorque
2427 3557 2595 3621 erat,

474 3651 632 3715 illisa
664 3651 732 3713 in
763 3667 996 3715 terram
1029 3668 1094 3715 et
1125 3672 1497 3739 repercussa
1516 3665 1884 3739 raperetur,
1918 3663 1985 3710 et
2004 3662 2183 3734 rapta
2208 3642 2599 3723 illideretur;

473 3774 868 3838 quamquam
905 3751 1090 3816 aliter
1133 3752 1424 3839 harpasti
1463 3754 1781 3815 rationem
1820 3748 2091 3837 explicat
2140 3744 2464 3811 Domitius
2516 3743 2599 3808 ad

474 3855 657 3920 Statii
678 3855 828 3920 silv.
853 3854 999 3918 libri
1031 3854 1122 3917 lv
1149 3854 1389 3942 praefat.
1413 3852 1605 3917 Unde
1632 3852 1720 3916 ob
1749 3852 2077 3941 pulverem
2110 3846 2261 3911 inde
2283 3860 2600 3934 perpetuo

473 3959 817 4022 excitatum
848 3956 1151 4046 harpasta
1173 3955 1485 4020 dicuntur
1497 3954 1966 4044 pulverulenta.
1999 3948 2304 4015 Martialis
2324 3995 2342 4027 ,
2358 3946 2469 4027 IV,
2500 3968 2600 4029 19,

473 4062 514 4125 6
537 4109 554 4141 ,
601 4061 740 4127 Sive
779 4058 1085 4149 harpasta
1117 4080 1313 4123 manu
1335 4056 1775 4149 pulverulenta
1804 4057 2005 4143 rapis,
2050 4052 2163 4143 qui
2202 4070 2425 4116 versus
2468 4048 2603 4111 fere
