2975 4684
515 348 660 434 480
1057 307 1669 416 HOMERISTAE
1730 348 2107 430 LATINI,

555 539 560 544 .
611 501 669 541 2.
691 474 911 555 idem,
942 472 1025 538 de
1047 443 1343 538 Divinat.'
1359 473 1461 553 11,
1489 495 1544 537 c.
1572 473 1693 559 39,
1730 497 1807 539 ex
1833 475 2015 540 mad.
2044 475 2155 539 nb.
2182 477 2251 557 1,
2284 475 2445 556 236,
2474 479 2651 540 hunc

695 603 954 647 versum
981 578 1234 644 reddit:

867 721 1122 792 Prospera
1155 718 1361 790 Jupiter
1391 718 1476 773 hi·
1508 718 1704 772 dextris
1740 720 2036 792 fulgoribus
2064 721 2193 774 edit.

609 871 669 934 3.
701 867 1048 952 Querelam
1077 864 1338 930 Achillis
1367 887 1444 929 ex
1473 863 1654 929 Iliad.
1685 867 1748 946 I,
1772 867 1900 944 642
1920 915 1937 948 ,
1980 867 2175 931 affert
2200 867 2312 931 lib.
2340 868 2436 932 111
2464 869 2655 932 Tusc.

697 978 944 1058 Quaest.
981 995 1039 1036 c.
1075 993 1158 1058 9:

873 1099 1088 1170 Corque
1107 1113 1288 1148 meum
1309 1097 1521 1168 penitus
1538 1099 1791 1169 turgescit
1814 1098 2053 1152 tristibus
2078 1097 2167 1151 iris
2184 1137 2199 1163 ,

875 1190 1053 1252 Quum
1073 1183 1266 1238 decore
1283 1224 1299 1250 ,
1329 1195 1488 1256 atque
1506 1186 1655 1237 omni
1678 1205 1767 1238 me
1786 1187 2033 1240 orbatum
2053 1185 2212 1240 laude
2231 1185 2508 1240 recordor.

616 1357 677 1430 4.
698 1349 912 1415 Verba
944 1345 1208 1413 Homeri
1241 1345 1324 1408 de
1357 1346 1856 1433 Bellerophonte
1890 1369 1971 1408 ex
1999 1344 2180 1410 Iliad.
2210 1345 2299 1408 Vl
2318 1393 2335 1426 ,
2370 1368 2493 1408 201
2522 1393 2539 1426 ,
2566 1367 2665 1407 re-

701 1459 826 1521 fert
851 1457 1046 1520 Tusc.
1083 1450 1325 1533 Quaest.
1363 1450 1476 1514 lib.
1512 1450 1648 1532 111,
1678 1473 1732 1514 c.
1772 1451 1890 1515 26:

875 1583 986 1650 Qui
1007 1583 1168 1635 miser
1193 1582 1250 1634 in
1272 1582 1472 1652 campis
1498 1599 1720 1634 mon-ens
1745 1583 1954 1634 errabat
1970 1581 2139 1646 Aleis,

883 1675 1004 1745 Ipse
1025 1687 1180 1724 suum
1203 1687 1298 1724 cor
1322 1667 1486 1722 edens
1504 1707 1519 1733 ,
1552 1671 1829 1723 hominum
1853 1670 2063 1743 vestigia
2090 1669 2277 1724 vitans.

625 1828 682 1894 5.
709 1825 912 1906 Ajacis
930 1823 1258 1888 tumulum
1275 1869 1294 1904 ,
1320 1822 1423 1885 vel
1439 1821 1578 1900 ejus
1600 1823 1885 1910 quicum
1902 1823 2181 1886 Hectore
2203 1844 2671 1912 congressurus

707 1948 901 2013 esset,
931 1953 1010 1994 ex
1042 1928 1337 1993 Hectoris
1370 1929 1665 1991 oratione
1696 1927 1871 2016 apud
1908 1930 2292 2010 Homerum,
2326 1927 2670 2008 Iliad.VlI,

711 2040 794 2125 89
826 2060 962 2124 seq.
996 2035 1252 2116 Cicer0,
1287 2033 1399 2096 lib.
1429 2033 1495 2096 11
1534 2031 1616 2098 de
1657 2031 1877 2098 Gloria
1900 2083 1916 2115 ,
1942 2031 2233 2098 versibus
2262 2033 2509 2098 Latinis
2540 2032 2675 2098 red·

710 2141 907 2220 didit,
936 2154 1095 2204 teste
1130 2137 1370 2219 Gellio,
1393 2136 1537 2218 XV,
1566 2137 1641 2202 6:

883 2275 982 2330 Hic
1007 2275 1137 2328 situs
1161 2286 1239 2327 eat
1259 2272 1379 2326 vite
1395 2271 1717 2346 jampridem
1742 2273 1947 2328 lumina
1970 2273 2216 2346 linquens
2240 2315 2254 2340 ‚

885 2365 996 2430 Qui
1013 2360 1286 2434 quondam
1305 2360 1567 2414 Hectoreo
1590 2361 1859 2432 perculsus
1882 2361 2117 2416 concidit
2138 2378 2282 2414 eme.

885 2451 1108 2504 Fabitur
1125 2450 1238 2504 hec
1259 2449 1456 2521 aliquis
1477 2468 1493 2501 ε
1510 2467 1644 2503 urea
1670 2468 1883 2523 semper
1900 2449 2071 2523 gloria
2095 2452 2251 2504 vivet.

627 2599 687 2661 6.
715 2593 894 2659 lliad.
925 2593 1020 2658 lx
1041 2614 1300 2698 versum
1331 2590 1457 2656 363
1479 2592 1673 2656 vertit
1704 2582 1871 2656 libro
1907 2593 1933 2656 1
1966 2591 2050 2656 de
2086 2591 2297 2656 Divin.
2331 2613 2385 2654 c.
2425 2590 2545 2654 2⁶3:

891 2739 1068 2790 Tertia
1090 2747 1139 2789 te
1159 2735 1366 2789 Phthie
1389 2747 1673 2820 tempestas
1698 2735 1815 2788 laeta
1840 2735 2052 2788 locabit.

632 2925 692 2988 7.
719 2900 814 2962 Ex
845 2893 1025 2962 Iliad.
1059 2896 1252 2974 XIX,
1299 2896 1426 2959 226
1447 2944 1464 2975 ,
1500 2895 1639 2959 haec
1670 2895 1867 2958 habet
1888 2897 2080 2959 Tusc.
2112 2897 2356 2977 Quaest.
2396 2897 2508 2960 lib.
2546 2897 2638 2959 111
2658 2945 2676 2974 ,

717 3028 855 3093 cap.
898 3025 1016 3090 27:

887 3139 1132 3208 Namque
1155 3135 1314 3188 nimiu
1339 3135 1535 3188 multos
1552 3171 1569 3198 ‚
1604 3146 1765 3206 atque
1786 3137 1933 3188 omui
1954 3135 2072 3189 luce
2093 3134 2342 3190 cadente·

675 3243 680 3250 ·
773 3277 776 3287 ,
896 3225 1173 3278 Cernimus
1187 3262 1203 3286 ‚
1228 3235 1288 3275 ut
1307 3241 1466 3276 nemo
1487 3225 1655 3296 possit
1673 3243 1896 3278 moerore
1917 3243 2120 3278 vacare.

894 3315 1016 3380 Quo
1036 3314 1200 3385 magis
1223 3323 1301 3368 est
1319 3331 1529 3385 aequum
1552 3313 1766 3368 tumulis
1790 3312 2045 3368 mandare
2066 3325 2365 3386 peremptos

896 3403 1075 3455 Firmo
1102 3401 1308 3467 animo,
1330 3412 1380 3454 et
1409 3401 1611 3456 luctum
1640 3401 1894 3475 lacrymis
1920 3401 2078 3456 finire
2106 3401 2331 3456 diurnis.

634 3561 694 3625 8.
727 3561 820 3622 Ex
861 3555 1165 3644 Odysseae
1211 3555 1378 3634 XII,
1423 3553 1545 3632 184
1587 3578 1765 3644 seqq.
1818 3555 2177 3619 orationem
2224 3554 2526 3620 Sirenum
2560 3577 2685 3642 qua

721 3666 1015 3754 Ulyssem
1039 3661 1346 3738 invitant,
1365 3660 1566 3724 refert
1580 3661 1809 3726 Cicero
1828 3710 1846 3741 ,
1865 3661 2040 3726 lib.V
2060 3660 2142 3725 de
2165 3661 2377 3726 Finib.
2406 3684 2545 3749 cap.
2575 3657 2682 3738 18,

722 3770 834 3835 ubi
889 3770 1026 3857 ipse
1083 3766 1320 3829 diserte
1373 3763 1755 3852 profitetur:
1806 3789 2001 3829 unam
2047 3767 2211 3830 verti
2264 3782 2336 3830 ut
2396 3764 2683 3855 quaedam

727 3876 1036 3954 Homeri,
1067 3874 1156 3936 sic
1191 3872 1389 3934 istum
1427 3872 1643 3959 ipsum
1683 3874 1941 3937 locum:

897 4013 948 4064 Ο
971 4012 1136 4064 decus
1154 4009 1462 4081 Argolicum
1483 4052 1500 4077 ,
1526 4013 1655 4082 quin
1686 4013 1911 4085 puppim
1942 4011 2135 4078 flectis,
2156 4014 2401 4086 Ulysses,

896 4099 1128 4152 Auribus
1152 4111 1210 4152 ut
1235 4110 1441 4152 nostros
1463 4100 1632 4170 possis
1654 4119 1940 4170 agnoscere
1970 4115 2174 4154 cantus.
