2975 4684
757 339 1182 409 CARMEN
1241 341 1379 408 AD
1445 339 2143 408 AUGUSTINUM.

2368 345 2511 434 4²9

471 468 980 558 Exampeosque
1021 461 1202 531 lacus
1239 461 1501 556 fugiens
1531 460 1917 554 Hypaneius
1948 461 2161 528 amnis

475 571 880 668 Callipidum
919 573 1260 666 Scythicas
1292 586 1559 641 resonat
1592 595 1942 664 spumosus
1972 570 2059 638 ad
2094 571 2327 640 undaS.

473 683 728 752 Ibimus
760 697 830 752 et
862 686 1152 762 Leucos,
1193 706 1326 776 qua
1357 682 1609 751 Leucia
1636 679 1789 750 solis
1826 681 1895 748 in
1932 695 2125 750 ortus

471 793 822 880 Tenditur,
861 807 930 862 et
962 795 1130 863 vasti
1169 793 1424 862 deserta
1457 792 1809 861 cacumina
1843 791 2033 862 Cassi
2054 843 2073 874 ‚
2460 815 2511 852 σε

377 1003 526 1038 more
543 997 598 1036 et
617 983 796 1052 lingua
822 983 1054 1036 Orientis
1067 1021 1084 1044 ,
1116 997 1168 1036 et
1187 1003 1216 1036 e
1237 984 1400 1036 sacris

379 1063 546 1117 literis
577 1063 796 1136 petitam
812 1103 828 1130 ,
861 1063 953 1116 ubi
986 1082 1211 1136 peregre
1242 1062 1400 1118 adve-

374 1143 580 1196 nientes
617 1143 692 1195 ita
721 1139 974 1196 dicuntur
1009 1142 1212 1215 excipi,
1237 1155 1298 1195 ut
1327 1143 1401 1197 eis

373 1223 726 1277 calceamenta
753 1223 1054 1288 solvantur,
1071 1235 1123 1276 et
1147 1241 1288 1294 aqua
1311 1239 1402 1294 pe·-

375 1302 536 1356 dibus
554 1300 797 1356 lavandis
813 1301 997 1356 detur:
1017 1302 1229 1374 qualem
1250 1301 1402 1374 phra-

375 1381 461 1436 sin
490 1394 542 1434 et
577 1383 716 1436 infra
742 1382 960 1436 adhibet
983 1381 1176 1436 Noster
1204 1401 1254 1436 v.
1284 1401 1400 1434 102.

377 1463 722 1528 -Gaeterum
745 1465 950 1514 vincula
967 1481 1068 1534 pro
1086 1462 1404 1516 calceamen-

376 1541 444 1596 tis
477 1541 606 1614 poni
633 1542 882 1614 frequens
909 1541 1056 1613 apud
1097 1553 1278 1614 poetas
1308 1555 1400 1597 est.

371 1619 626 1683 Ovidius,
644 1621 700 1674 in
713 1621 927 1674 Metam.
949 1619 1032 1672 111
1046 1662 1062 1687 ‚
1085 1623 1183 1674 168
1201 1661 1219 1688 ,
1239 1622 1404 1680 «Vin-

371 1699 460 1754 cla
483 1697 604 1754 duze
635 1699 858 1770 pedibus
885 1699 1109 1754 demunt
1137 1718 1200 1764 »5
1228 1701 1400 1770 idem,

373 1779 418 1831 F
419 1791 577 1832 astor.
610 1780 726 1843 ΙΙΙ,
770 1781 905 1843 823,
941 1781 1095 1832 «Nec
1120 1779 1401 1853 quisquam

373 1859 538 1912 invita
583 1859 746 1912 faciat
787 1860 924 1912 bene
963 1859 1174 1912 vincula
1209 1861 1402 1930 plante

371 1937 586 1992 Pallade
605 1963 648 1991 ι.
675 1939 782 1992 En.

443 2022 530 2072 62.
559 2018 678 2072 Hoc
697 2037 852 2072 versu
873 2017 1112 2072 Pithoeus
1141 2019 1274 2091 legit
1291 2025 1400 2072 Ex-

369 2102 699 2167 ampheosque
731 2103 871 2150 lacus
887 2099 1112 2168 flegiens.
1147 2099 1400 2152 Reinhar-

373 2192 460 2232 tus
485 2183 866 2249 Exampeosque
882 2217 899 2239 ‚
937 2177 1208 2232 Benedict.
1243 2183 1399 2230 Xam-

361 2278 602 2327 paeosque
619 2279 642 2310 .·
679 2271 735 2312 et
760 2277 860 2329 pro
891 2261 1175 2326 Hypaneius
1207 2262 1390 2322 amnis,

367 2336 518 2410 quod
546 2355 732 2392 omnes
757 2336 956 2391 hahent
971 2375 988 2403 ,
1023 2356 1208 2410 margo
1240 2337 1398 2392 Reiu-

368 2415 514 2470 harti
535 2415 689 2490 ponit
707 2420 931 2486 Hypanis
957 2420 1040 2468 ubi
1061 2437 1278 2468 amarus.
1303 2419 1398 2470 Re·

367 2505 454 2550 cte
481 2495 678 2568 legitur
701 2501 1082 2566 Exampeosque
1093 2534 1112 2558 ,
1142 2496 1270 2550 elisa
1287 2513 1396 2550 una

370 2576 572 2640 vocali,
606 2577 690 2629 vel
716 2577 952 2630 confusis
986 2576 1198 2630 duabus
1219 2615 1237 2640 ‚
1276 2595 1397 2648 pro-

367 2665 488 2726 pter
521 2665 752 2708 metrum
769 2695 786 2720 ,
825 2655 1278 2728 quemadmodum
1315 2675 1390 2710 vs.

374 2735 476 2801 139
503 2733 558 2786 in
585 2737 1006 2807 Clu-isa'anafides
1038 2736 1268 2790 factum:
1301 2735 1396 2789 sed

369 2824 424 2865 et
449 2817 714 2882 Xanipaeos
743 2813 954 2868 admitti
985 2825 1156 2886 potest
1193 2833 1224 2867 e
1267 2815 1398 2869 scri-

365 2903 522 2963 ptura
575 2889 822 2946 codicum
872 2894 1140 2947 inferioris
1193 2895 1358 2947 aetatis
1376 2932 1394 2958 ‚

367 2989 477 3044 qua
505 2972 712 3043 priores
743 2971 1019 3026 nominum
1054 2973 1395 3046 propriorum

365 3049 588 3121 syllaboe
621 3050 892 3106 decurtari
926 3051 1192 3115 solebant,
1234 3065 1294 3105 ut
1333 3053 1390 3105 in

365 3125 556 3198 Spania
587 3149 686 3201 pro
721 3131 996 3204 Hispania.
1017 3132 1243 3184 Versum
1270 3132 1392 3186 illu-

367 3220 536 3262 strant
561 3209 722 3264 verba
757 3211 942 3282 Pomp.
962 3211 1145 3274 Melz,
1177 3210 1272 3264 lib.
1301 3212 1357 3263 II
1372 3251 1389 3278 ,

367 3307 484 3361 cap.
511 3307 534 3341 1
561 3305 578 3344 ε
616 3315 643 3335 α
662 3289 946 3362 callipidas
961 3289 1202 3362 Hypanis
1218 3290 1390 3345 inclu-

366 3365 462 3420 dit.
481 3367 568 3422 Ex
593 3367 780 3440 grandi
805 3367 998 3440 palude
1019 3369 1210 3433 oritur,
1229 3387 1392 3441 quam
1417 3435 1424 3442 ¹

365 3457 594 3500 matrem
625 3449 742 3520 ejus
774 3447 968 3502 accolas
1006 3447 1310 3520 appellant:
1341 3461 1394 3504 et

366 3524 464 3579 diu
483 3526 656 3597 qualis
673 3539 828 3580 natus
847 3539 926 3580 est
947 3525 1394 3582 denuit.Tandem

365 3623 478 3658 non
507 3605 665 3676 longe
691 3625 720 3658 a
751 3607 886 3660 mari
919 3625 988 3659 ex
1013 3624 1182 3678 parvo
1213 3608 1360 3660 fonte
1375 3646 1394 3674 ,

367 3682 456 3736 eui
488 3681 752 3756 Exampeo
781 3704 1074 3757 cognomen
1111 3698 1220 3749 est,
1261 3685 1394 3740 adeo

369 3781 580 3816 amaras
607 3783 772 3836 aquas
798 3766 1016 3838 accipit,
1032 3776 1092 3817 ut
1119 3765 1230 3837 ipse
1257 3785 1394 3838 quo-

368 3861 478 3914 que
496 3843 606 3912 jam
637 3844 720 3896 sui
759 3842 1028 3898 dissimilis
1057 3854 1108 3897 et
1135 3862 1244 3897 non
1273 3844 1393 3898 dul-

367 3921 446 3974 cis
473 3919 601 3974 hinc
629 3921 824 3976 defluat
849 3947 898 3976 ι.
926 3923 1010 3976 Ad
1033 3941 1192 3995 quem
1215 3925 1392 3980 locum

366 4001 519 4054 Mela·
541 4003 699 4056 etiam
729 4022 907 4058 versus
935 4003 1158 4056 Licentii
1182 4001 1398 4058 adducit

367 4079 607 4134 Vossius.
646 4083 780 4150 Quo
807 4082 877 4137 de
903 4082 1056 4154 aquis
1083 4083 1274 4138 amaris
1315 4082 1396 4137 di·

1487 992 1712 1044 cuntur,
1742 999 1925 1034 ansam
1954 978 2213 1033 dederunt
2231 980 2514 1036 Reinharto

1487 1079 1685 1134 supra,
1714 1071 1774 1112 ut
1810 1061 2073 1131 corrigere
2104 1059 2261 1113 vellet
2294 1065 2512 1130 Hypanis

1486 1144 1573 1192 ubi
1596 1161 1814 1194 amarus.

1560 1219 1645 1273 63.
1684 1225 1903 1272 Resonae
1924 1235 2193 1290 spumosus:
2221 1220 2472 1292 Virgilius
2494 1263 2510 1288 ‚

1485 1299 1683 1371 Georg.
1710 1301 1814 1362 IV,
1836 1301 1939 1370 370
1954 1339 1970 1366 ,
2001 1326 2026 1345 α
2048 1299 2408 1373 Saxosumque
2435 1321 2513 1354 so-

1485 1399 1623 1434 nans
1644 1379 1879 1453 Hypanis
1902 1404 1945 1432 ι.
1972 1379 2212 1433 Fortasse
2232 1379 2513 1454 legendum

1486 1474 1703 1522 resonet,
1730 1471 1783 1512 et
1806 1471 1982 1514 mente
2009 1458 2355 1534 repetendum
2376 1462 2507 1523 mihi,

1487 1551 1549 1592 ut
1593 1540 1684 1592 hic
1729 1558 1908 1593 versus
1948 1557 2071 1592 cum
2112 1540 2383 1611 superiore
2419 1559 2510 1594 co-

1487 1620 1696 1674 haereat.

1561 1703 1649 1762 64.
1672 1703 1855 1750 Ibimus
1874 1713 1922 1750 ec
1936 1703 2139 1750 Leuc-os.
2163 1699 2367 1752 Leucos
2386 1699 2513 1772 Gal·

1487 1777 1573 1830 liae
1598 1777 1822 1848 Belgica
1847 1777 2104 1849 populum
2134 1777 2373 1830 nominat
2400 1778 2510 1831 Pli-

1485 1858 1637 1923 nius,
1665 1857 1764 1909 lib.
1805 1857 1908 1930 IV,
1944 1875 2027 1928 17.
2059 1858 2294 1928 Sequens
2328 1861 2509 1910 Leucia

1485 1955 1603 2010 quae
1630 1936 1697 1990 sit
1716 1975 1732 2002 ,
1754 1955 1867 1990 non
1892 1935 2049 1990 video
2068 1976 2086 2003 ,
2108 1937 2210 1990 nisi
2238 1944 2397 1990 Leuce
2423 1939 2509 1991 in-

1487 2015 1773 2088 telligenda
1802 2028 1903 2083 est,
1926 2016 2097 2071 Indici
2122 2018 2283 2070 maris
2311 2019 2509 2084 insu-la,

1483 2114 1645 2168 quam
1664 2095 1973 2150 Ptolemaeus
1990 2097 2128 2150 inter
2149 2093 2275 2150 Indi
2298 2110 2350 2149 et
2370 2097 2511 2150 Gan-

1482 2175 1563 2246 gis
1597 2175 1733 2228 ostia
1777 2176 2029 2244 collocat,
2058 2176 2146 2230 alii
2182 2189 2373 2230 tacent.
2416 2177 2509 2230 Est

1481 2266 1535 2308 et
1574 2255 1680 2308 alia
1706 2257 1904 2322 Leuce,
1934 2255 2088 2310 Ponti
2113 2257 2281 2310 insula
2299 2295 2315 2324 ,
2336 2258 2507 2330 Bory-

1481 2335 1685 2390 sthenis
1694 2337 1833 2392 ostio
1845 2337 2197 2410 objectaque
2210 2349 2261 2390 et
2272 2338 2509 2391 Achillea

1481 2417 1743 2488 appellata
1759 2457 1775 2484 ,
1798 2429 1930 2470 teste
1955 2418 2123 2485 Mela,
2145 2418 2234 2471 lib.
2263 2417 2352 2485 11,
2375 2436 2424 2471 c.
2455 2435 2505 2490 7.

1478 2495 1661 2549 Potuit
1676 2516 1793 2550 eam
1814 2497 1951 2550 inter
1977 2497 2093 2550 loca
2107 2538 2123 2565 ,
2146 2515 2374 2570 quorum
2399 2495 2507 2549 dif-

1479 2575 1635 2629 ficilis
1662 2575 1838 2630 aditus
1855 2613 1873 2640 ,
1893 2595 2091 2648 ponere
2114 2578 2383 2631 Licentius
2397 2615 2416 2642 ,
2436 2577 2508 2630 ob

1478 2673 1749 2719 caussam,
1785 2675 1949 2728 quam
1994 2657 2157 2710 refert
2192 2657 2507 2711 Ammianus

1481 2734 1829 2788 Marcellinus
1850 2773 1866 2800 ,
1905 2736 1999 2788 lib.
2036 2737 2226 2789 XXII:
2255 2739 2363 2790 «In
2402 2735 2506 2792 hac

1479 2814 1741 2879 Taurica,
1768 2813 1941 2886 inquit
1958 2852 1974 2879 ,
1992 2815 2165 2870 insula
2188 2817 2367 2869 Leuce
2391 2816 2505 2870 sine

1479 2893 1865 2948 habitatoribus
1928 2893 2049 2948 ullis
2101 2893 2293 2948 Achilli
2350 2893 2503 2948 dedi'-

1476 2983 1629 3026 catur
1655 3007 1811 3024 .....
1840 2973 2007 3026 Aiunt
2042 2973 2193 3038 enim·
2232 2991 2342 3026 non
2386 2974 2503 3026 sine

1476 3050 1783 3106 discrimine
1837 3051 1954 3105 vitae
2010 3051 2120 3104 illic
2179 3071 2501 3126 quemquam

1477 3144 1790 3204 pernoctare
1807 3157 1852 3185 n.

1551 3212 1641 3265 65.
1674 3214 1906 3263 Tenditur
1926 3230 2027 3284 pro
2060 3211 2375 3280 extenditur,
2407 3231 2504 3286 pa·

1479 3302 1589 3354 tet;
1612 3302 1674 3344 ut
1698 3291 1827 3346 alias
1858 3295 2057 3344 tendere
2084 3295 2273 3344 lumina
2300 3313 2393 3364 pro
2418 3294 2501 3347 in-

1479 3369 1713 3424 tendere.
1734 3369 1885 3443 Virg.
1917 3371 2127 3436 AEn.V,
2166 3371 2298 3426 508:
2326 3373 2501 3445 «pari-

1479 3462 1667 3522 terque
1698 3451 1880 3504 oculos
1912 3451 2183 3522 telumque
2214 3453 2433 3505 tetendit
2450 3479 2499 3504 a.

1480 3529 1797 3583 Notissimus
1823 3543 2031 3602 tropus.
2052 3529 2182 3584 Vid.
2202 3549 2320 3604 quse
2337 3531 2505 3585 adno-

1479 3609 1616 3660 tavit
1633 3609 1816 3662 Burm.
1836 3611 1997 3663 Anth.
2013 3612 2132 3665 Lat.
2158 3622 2197 3663 t.
2222 3611 2249 3661 I
2266 3652 2283 3678 ,
2323 3630 2373 3682 p.
2397 3613 2464 3666 68
2484 3649 2499 3673 ,

1481 3687 1553 3742 ad
1591 3689 1751 3760 epigr.
1784 3688 1852 3744 de
1884 3689 2105 3744 Galatea
2140 3689 2197 3742 in
2226 3709 2362 3744 vase.
2390 3691 2497 3746 En.

1481 3797 1552 3808 -
1574 3773 1781 3820 Deserta
1812 3772 2075 3821 cacumina
2108 3773 2261 3822 Cassi.
2289 3770 2502 3846 Casium

1453 3915 1458 3921 ι
1481 3857 1717 3900 montem
1748 3848 2155 3902 excelsissimum
2188 3859 2239 3901 et
2264 3849 2426 3922 Syrias
2450 3861 2503 3904 et

1482 3926 1683 3978 Arabia
1702 3925 1911 3978 Petrae
1930 3927 2168 3979 tribuunt
2184 3927 2500 4002 Geographi.

1486 4009 1626 4057 Cassi
1650 4005 1888 4058 scribunt
1904 4006 2137 4058 Pithoeus
2162 4017 2211 4059 et
2229 4007 2423 4060 Bened.
2444 4024 2503 4063 ut

1483 4096 1651 4138 metro
1675 4083 1909 4138 satisfiat.
1937 4085 2073 4140 Nam
2103 4086 2382 4142 Veteribus
2414 4095 2503 4144 Ca-
