2975 4684
489 381 870 472 Qumns
923 380 1212 451 AETNA
1255 379 1687 449 CARMEN
1737 379 2301 450 TRIBUTUM.
2376 373 2461 448 15

327 517 564 582 Severo
613 501 998 602 praedicare‚
1029 509 1210 600 quod
1254 509 1335 574 de
1367 509 1641 600 Virgilio
1686 523 1753 574 et
1783 507 2041 574 Ovidio.
2076 511 2214 575 Hos
2244 525 2461 574 autem

331 637 587 688 constat
619 617 702 683 de
724 617 922 684 AEtna
947 631 1174 681 monte
1203 637 1338 679 non
1373 615 1681 704 singulari
1720 631 1789 680 et
1816 629 2111 702 separato
2142 617 2465 698 carmine,

329 727 444 792 sed
471 725 812 791 occasione
849 723 1099 805 oblata,
1122 721 1470 811 Virgilium
1500 719 1767 809 quidem
1794 720 1963 784 libro
1986 721 2083 786 Ill
2108 719 2420 818 AEneidos
2446 771 2465 804 ‚

331 833 642 898 Ovidium
685 829 857 894 libro
907 828 1030 894 XV
1067 826 1503 916 Metamorph.
1554 829 1777 916 egisse.
1822 827 1906 892 Et
1942 849 2151 915 quum
2188 849 2225 892 e
2258 828 2469 912 Quin-

329 939 534 1003 tiliani
559 934 937 1001 testimonio
964 935 1243 1000 sciamus
1265 980 1283 1016 ,
1309 935 1507 998 Corn.
1546 933 1855 998 Severum
1892 933 2050 998 olim
2087 932 2333 998 bellum
2364 934 2466 999 Si-

285 1120 299 1134 ·
331 1045 555 1108 culum
591 1041 920 1130 scripsisse
939 1087 957 1122 ‚
989 1039 1158 1104 facili
1191 1037 1348 1103 inde
1395 1038 1771 1119 conjectura
1813 1037 2237 1126 adsequimur
2254 1086 2273 1121 ,
2312 1061 2463 1106 eum

330 1171 516 1238 aeque
537 1170 611 1212 ac
623 1147 972 1236 Virgilium
995 1143 1438 1233 Ovidiumque
1465 1145 1834 1233 aug-umenti
1856 1144 1961 1208 sui
1981 1144 2085 1208 via
2108 1143 2465 1210 deductum

331 1277 472 1318 esse
507 1252 591 1318 ad
629 1267 923 1316 montem
958 1249 1185 1314 Siciliae
1224 1248 1436 1313 obiter
1471 1247 2007 1332 describendum,
2052 1271 2269 1338 neque
2306 1249 2473 1326 adeo

330 1359 656 1450 singulare
699 1357 871 1421 illius
910 1377 1076 1444 opus
1107 1353 1190 1419 de
1217 1353 1418 1420 AEtna
1449 1354 1767 1420 exstitisse
1782 1403 1803 1436 ‚
1836 1353 2019 1443 quod
2048 1355 2199 1420 alias
2230 1356 2471 1422 Fabius

329 1488 485 1530 cum
505 1463 748 1528 caeteris
776 1462 916 1543 ejus
939 1461 1246 1549 operibus
1261 1461 1683 1526 nominasset.
1708 1461 1791 1524 Et
1812 1461 2223 1528 occasionem
2239 1510 2258 1545 ‚
2273 1485 2467 1551 quam

331 1571 532 1635 Corn.
556 1569 792 1634 Severo
812 1566 1058 1631 bellum
1085 1566 1376 1648 Siculum
1400 1564 1754 1654 praebuerit
1772 1564 1989 1630 AEtnoe
2006 1565 2473 1651 describendoe,

329 1673 602 1764 propius
644 1673 852 1761 aperit
883 1671 1220 1761 Appianus
1236 1718 1255 1751 ‚
1303 1671 1416 1759 qui
1465 1670 1637 1736 libro
1679 1670 1737 1733 V
1770 1670 1923 1750 belli
1963 1672 2183 1737 Civilis
2220 1674 2419 1739 refert
2447 1722 2470 1757 ‚

333 1803 538 1868 quum
565 1781 777 1844 Caesar
790 1777 1164 1868 Augustus
1145 1799 1213 1841 m
1233 1776 1442 1842 Sicilia
1460 1791 1631 1842 esset
1654 1775 2079 1842 dimicaturus
2106 1800 2257 1843 cum
2276 1779 2471 1845 Sexto

331 1885 685 1972 PompeiO,
709 1882 966 1948 auditos
989 1905 1130 1947 esse
1148 1880 1517 1946 horrendos
1532 1879 1747 1947 AEtnoe
1762 1881 2060 1946 fremitus
2074 1883 2477 1974 ‚longosque

331 1991 664 2079 mugitus,
712 1957 972 2078 ignibus
1025 1984 1643 2052 excandescentibus
1688 1986 2180 2075 exercitumque
2222 1989 2477 2078 fulgore

333 2093 768 2169 terrentibus,
797 2091 961 2157 adeo
987 2107 1066 2155 ut
1091 2091 1400 2156 Germani
1425 2112 1461 2154 e
1494 2090 1819 2156 cubilibus
1850 2114 1983 2179 prae
2010 2093 2245 2158 timore
2270 2097 2479 2184 prosi-

331 2199 546 2262 lirent.
587 2199 813 2261 Unum
852 2196 1126 2260 omnino
1143 2243 1162 2279 ‚
1189 2195 1304 2284 qui
1327 2196 1546 2260 locum
1573 2196 1835 2260 Senecoe
1857 2213 2037 2262 recte
2060 2198 2475 2285 intellexerit,

333 2321 402 2368 et
429 2325 689 2368 mecum
727 2304 963 2367 sentiat
979 2351 997 2384 ,
1033 2303 1242 2392 reperi
1274 2303 1620 2369 Nicolaum
1647 2302 1931 2368 Fabrum
1963 2326 1980 2369 ε
2006 2305 2307 2370 Barthius
2336 2323 2479 2372 tan-

333 2409 684 2474 tummodo
711 2409 1105 2498 scaligerum
1138 2408 1228 2473 ait
1262 2431 1490 2497 pamm
1518 2423 1705 2473 caute
1732 2431 1814 2472 ex
1846 2410 1993 2474 loco
2020 2410 2279 2476 Senecae
2318 2435 2476 2502 pro-

333 2515 692 2596 nuntiasse.
723 2513 1382 2602 (Vid.Testimonia.)
1414 2513 1501 2577 Et
1530 2529 1746 2578 tamen
1772 2535 2003 2578 sensus
2026 2515 2153 2580 loci
2182 2516 2475 2602 Senecae‚

332 2621 453 2704 abs
481 2644 589 2685 me
625 2621 992 2709 expositus,
1009 2614 1156 2685 'tam
1197 2619 1575 2684 manifestus
1610 2635 1741 2696 est,
1782 2635 1859 2684 ut
1906 2619 2179 2685 minime
2212 2643 2437 2687 verear
2454 2673 2473 2706 ,

334 2750 422 2792 ne
457 2727 604 2816 quis
636 2726 822 2810 inde,
851 2741 1096 2792 temere
1130 2750 1235 2791 me
1263 2726 1501 2792 Severo
1537 2727 1863 2816 singulare
1884 2725 1967 2791 de
1992 2726 2193 2794 AEtna
2218 2751 2477 2795 carmen

335 2856 607 2923 negasse
635 2847 843 2922 putet.
878 2833 1153 2898 Minime
1197 2833 1391 2897 etiam
1423 2849 1643 2898 movet
1675 2856 1783 2930 me
1804 2877 1823 2915 ‚
1852 2833 2033 2921 quod
2060 2833 2328 2902 Fulvius
2352 2837 2479 2900 Ur·

336 2940 556 3021 sinus,
592 2939 663 3002 in
683 2939 954 3028 Virgilio
993 2961 1146 3004 cum
1199 2939 1436 3006 Graecis
1481 2939 1911 3028 scriptoribus
1957 2939 2192 3005 collato
2240 2963 2307 3031 p.
2352 2965 2477 3032 272

335 3051 691 3129 memorat,
725 3045 926 3110 fuisse
963 3043 1259 3110 codicem
1293 3067 1495 3109 manu
1535 3045 1883 3132 Pomponii
1919 3045 2076 3110 Loeti
2114 3048 2429 3137 scriptum
2458 3100 2476 3129 ‚

339 3175 478 3240 quo
509 3151 727 3216 AEtnoe
748 3173 981 3240 poema
1012 3152 1318 3216 Cornelio
1338 3153 1577 3217 Severo
1602 3151 1839 3216 diserte
1866 3152 2286 3220 tribueretur.
2310 3155 2480 3221 Nam

336 3258 682 3324 verisimile
700 3257 1058 3323 admodum
1085 3275 1216 3340 est,
1249 3259 1474 3348 Pomp.
1492 3259 1737 3323 Laetum
1762 3257 2092 3324 eruditum
2113 3260 2476 3345 hominem,

341 3363 575 3430 eodem
593 3365 742 3428 loco
774 3365 1034 3430 Senecae
1052 3415 1070 3442 ‚
1095 3387 1230 3453 quo
1261 3364 1404 3447 alii,
1436 3364 1780 3430 inductum
1805 3366 2045 3431 Severo
2068 3389 2329 3432 carmen
2352 3369 2481 3436 hoc

340 3467 836 3533 attribuendum
874 3469 1303 3550 existimasse,
1333 3492 1547 3559 eoque
1568 3493 1811 3534 nomen
1842 3471 1981 3553 ejus
2003 3493 2119 3536 sua
2147 3495 2348 3539 manu
2368 3497 2483 3564 ap-

341 3575 658 3664 posuisse.
696 3573 800 3638 Sic
826 3575 1018 3638 etiam
1045 3575 1372 3639 Crinitum
1401 3591 1472 3639 et
1504 3574 1861 3664 Gyraldum
1893 3577 2287 3642 existimasse
2310 3601 2348 3642 e
2383 3596 2483 3645 te-

340 3679 666 3744 stimoniis
703 3678 1003 3744 adductis
1027 3679 1358 3764 videmus,
1393 3703 1607 3769 neque
1628 3681 1929 3771 ignorare
1960 3682 2336 3771 quisquam,
2366 3687 2479 3774 qui

339 3786 646 3874 antiquos
681 3785 938 3850 codices
975 3787 1288 3869 versavit,
1337 3801 1589 3876 potest,
1645 3800 1811 3876 saepe
1856 3787 1987 3852 hoc
2030 3788 2336 3854 accidisse
2355 3838 2373 3873 ‚
2406 3811 2483 3856 ut

342 3890 776 3980 descriptores
803 3913 838 3955 e
861 3894 1196 3956 temeraria
1213 3894 1619 3976 conjectura,
1642 3913 1757 3959 aut
1774 3894 1931 3959 falsa
1954 3895 2482 3985 interpretatione

345 3997 876 4060 testimoniorum
896 4013 1188 4061 veterum
1207 4046 1227 4078 ,
1249 3999 1443 4064 falsos
1463 4014 1759 4064 auctores
1778 3999 1959 4064 libris
1972 4001 2479 4088 praescriberent.

346 4101 548 4184 Quod
574 4123 782 4190 quum
813 4103 1034 4167 multis
1075 4103 1210 4167 aliis
1255 4103 1559 4186 codicum
1593 4105 1899 4195 exemplis
1926 4105 2184 4194 probari
2220 4125 2437 4198 potest
2459 4159 2478 4192 ,
