2975 4684
1008 382 1742 453 FRAGMENTUM.

2297 381 2435 453 213

405 500 809 585 Abfuerunt‚
838 516 1211 599 nostraeque
1249 505 1492 575 cadens
1529 505 1708 574 ferus
1743 502 2076 608 Hannibal
2126 506 2236 573 irae

400 612 703 681 Membra
737 626 955 681 tamen
990 616 1251 709 Stygias
1291 614 1441 685 tulit
1481 615 1792 685 inviolata
1827 615 1950 684 sub
1987 614 2276 683 umbras.
2387 641 2432 677 2⁵

300 813 389 865 hal
418 831 545 866 vero
578 813 769 866 hausto
786 854 803 880 ,
843 813 989 885 quod
1012 816 1211 869 annulo
1233 834 1320 887 ge-

301 894 492 956 stabat,
504 911 729 956 veneno,
746 894 903 965 periit
920 912 1061 948 auno
1074 895 1145 949 ab
1162 894 1233 948 U.
1256 896 1318 949 C.

303 974 717 1043 571.Scflo·rrus.
734 976 963 1027 ludibria
980 990 1176 1028 cuncta.
1199 975 1321 1041 Quo

300 1051 463 1105 modo
498 1051 731 1105 cuncta?
771 1071 937 1125 quum
974 1053 1087 1126 ipsa
1133 1054 1322 1107 trium·

298 1131 473 1203 phalis
525 1131 825 1186 vinctorum
870 1132 1136 1187 traductio
1182 1132 1323 1187 ludi-

296 1210 493 1265 brium.
516 1214 601 1265 An
634 1212 707 1265 ita
740 1211 1107 1285 accipiendum
1131 1251 1147 1276 ,
1181 1223 1323 1284 post-

292 1308 453 1359 quam
474 1291 827 1363 triumphatus
841 1306 939 1355 est,
954 1292 1163 1346 nullum
1176 1292 1324 1346 aliud

298 1367 591 1423 ludihrium
629 1371 677 1424 ei
714 1370 1011 1425 adhibitum
1034 1370 1058 1422 ἰ’
1095 1374 1325 1425 Ludibria

298 1459 477 1503 autem
494 1462 619 1503 sunt
638 1450 970 1504 contumeliae
997 1450 1051 1503 in
1075 1450 1319 1504 cadaver.

297 1528 515 1583 Tacitus
534 1567 551 1592 ,
587 1530 682 1584 lib.
705 1532 731 1581 I
748 1532 943 1583 Annal.
977 1554 999 1577 α
1024 1531 1155 1583 Data
1192 1529 1323 1583 utri-

298 1626 403 1680 que
422 1608 575 1663 venia
590 1646 607 1673 ,
636 1610 787 1663 facile
804 1610 1093 1681 Semigero,
1110 1622 1324 1663 cuncta·

297 1687 404 1740 tius
424 1688 556 1755 filio,
574 1688 698 1761 quia
717 1688 961 1755 Quintilii
980 1688 1111 1742 Vari
1130 1707 1323 1761 corpus

298 1766 527 1821 illusisse
555 1766 829 1821 dicebatur
842 1793 884 1820 ι.
906 1767 1080 1833 Idem,
1106 1766 1163 1818 11
1182 1766 1319 1819 Hist.

302 1872 325 1895 ι
356 1848 541 1900 Funus
569 1858 887 1901 maturatum
904 1886 920 1913 ,
954 1846 1247 1900 ambitiosis
1266 1843 1321 1899 id

298 1926 545 1997 precihus
580 1927 801 2000 petierat
822 1968 837 1993 ,
870 1945 938 1980 ue
963 1936 1323 1997 amputaretur

298 2018 459 2078 caput
479 2044 495 2069 ,
522 2005 757 2061 ludibrio
779 2005 1013 2059 futurum
1039 2032 1087 2057 ι.
1122 2007 1206 2057 An
1224 2025 1321 2076 po-

298 2085 403 2139 tius
417 2125 434 2147 ,
477 2088 689 2139 ludibria
714 2100 855 2137 tanta
881 2089 1149 2157 Iugurtha,
1174 2083 1321 2156 quod

299 2166 451 2218 omni
480 2164 643 2219 laude
673 2165 881 2219 exculto
900 2164 1109 2220 Schelio
1138 2176 1321 2219 nostro

297 2242 604 2307 videbatur,
621 2255 673 2298 et
688 2244 825 2297 mihi
842 2263 1053 2316 quoque
1070 2256 1146 2297 est
1162 2243 1323 2297 simil-

296 2323 483 2376 limum
512 2323 641 2377 veri.
667 2324 909 2377 (ἔκοπτον.
926 2355 997 2363 -
1027 2322 1179 2377 Hanc
1206 2324 1321 2376 ulti-

298 2420 444 2455 mam
484 2404 845 2475 conjecturam
885 2420 1034 2475 poene
1090 2402 1279 2456 admisi
1305 2422 1321 2466 ;

296 2482 389 2533 aed
424 2498 606 2534 cuncta
652 2482 805 2535 facile
840 2494 990 2553 potes
1036 2483 1323 2555 intelligere

297 2582 445 2613 omne
456 2582 615 2632 genus
641 2564 970 2614 ludibriomm.
1009 2562 1110 2614 En.

374 2648 459 2706 ²¹5-
488 2645 742 2712 Asuerant
764 2644 843 2694 ve!
863 2642 1128 2709 abfuerant
1142 2640 1323 2694 edide-

296 2734 423 2775 runt
439 2722 691 2793 Scaliger,
714 2721 943 2774 Pithoeus
961 2759 977 2784 ,
1000 2720 1319 2793 Stephanus.

298 2804 581 2870 Abfioenme
596 2801 847 2855 Heinsius
866 2837 882 2864 ,
907 2818 1065 2872 quem
1087 2800 1323 2872 sequitur

296 2879 565 2935 Gomlhu.
587 2880 869 2952 Perperam
894 2891 1069 2933 autem
1095 2878 1323 2933 Crinitus

300 2962 533 3030 afflet-ac
552 2960 679 3031 legit
702 3001 717 3026 ,
759 2972 809 3012 et
832 2960 906 3012 sic
923 2960 981 3011 in
1006 2957 1322 3031 quibusdam

298 3038 423 3093 edd.
450 3040 664 3094 Senecae
684 3057 796 3092 esse
814 3038 1047 3091 affirmat
1062 3037 1325 3089 schottus.

294 3118 387 3173 Sic
401 3136 520 3189 sup.
532 3137 583 3169 v.
595 3138 651 3185 9,
659 3120 950 3188 profiter-ane
962 3128 1013 3170 et
1020 3118 1325 3185 profiumm.

298 3229 373 3240 —-
384 3203 679 3266 Naso-aque
694 3198 1029 3266 cadensfms
1049 3196 1321 3254 Hannibal,

298 3280 440 3330 forte
480 3292 663 3329 ποθεν-ω
700 3281 875 3329 cedens
894 3278 1038 3344 ferus
1075 3276 1328 3325 Hannibal

296 3361 392 3408 ἱνα,-
404 3378 427 3417 ,·
448 3356 535 3409 vel
560 3354 639 3408 sic
662 3372 677 3408 ε
717 3360 987 3423 noso-isque
1003 3358 1192 3405 cadens
1212 3355 1327 3419 (aut

298 3437 481 3487 nostris
512 3436 869 3505 eedem)fems
890 3435 1143 3485 Hannibal
1157 3434 1323 3483 annis.

294 3513 383 3569 sie
412 3516 549 3565 dirus
577 3532 791 3585 quoque
825 3510 1086 3565 Hannibal
1118 3512 1183 3564 ab
1222 3509 1325 3563 Ho-

298 3594 434 3647 ratio
456 3604 683 3646 vocatur
700 3590 873 3659 Carm.
895 3592 950 3643 11
972 3628 986 3653 ,
1016 3588 1106 3642 od.
1137 3608 1197 3642 υ
1215 3627 1231 3652 ,
1275 3601 1325 3640 et

1406 817 1635 889 explicat
1652 816 2160 879 P.Victorius,Var.
2191 816 2313 869 lect.
2341 816 2432 867 lib.

1408 896 1497 959 11,
1536 914 1653 967 cap.
1673 904 1764 962 24,
1802 908 1854 949 et
1872 894 1963 948 lib.
1995 895 2163 958 XIII,
2199 913 2317 967 cap.
2345 914 2428 947 ao.

1412 974 1704 1029 Senon-us.
1727 976 1850 1029 Haec
1871 975 2066 1047 integra
2092 986 2144 1027 et
2163 992 2288 1027 sana
2305 1012 2320 1037 ,
2341 975 2438 1027 etsi

1408 1073 1518 1108 non
1536 1074 1696 1107 nemo
1717 1055 2034 1127 conjecturis
2051 1054 2316 1107 sollicitat.
2334 1054 2437 1106 Ta·

1410 1135 1498 1187 cit.
1527 1132 1596 1187 de
1623 1134 1860 1189 Moribus
1887 1132 2072 1187 Germ.
2096 1134 2163 1188 33
2189 1150 2204 1186 t
2228 1156 2251 1179 ι
2271 1134 2442 1204 Super

1410 1214 1672 1283 sexaginta
1699 1213 1860 1267 millia
1881 1232 1992 1267 non
2031 1212 2194 1265 armis
2221 1212 2440 1285 telisque

1410 1293 1662 1345 Romanis
1679 1330 1695 1355 ‚
1731 1291 1825 1345 sed
1849 1291 1995 1364 quod
2016 1290 2442 1363 magnificentius

1410 1385 1488 1426 est
1505 1413 1519 1438 ,
1557 1371 1896 1425 oblectationi
1934 1371 2207 1442 oculisque
2240 1370 2439 1424 cecide-

1409 1463 1542 1504 runt
1571 1476 1612 1504 a.
1672 1452 1870 1505 Passim
1913 1452 2099 1506 tertius
2147 1449 2238 1503 ille
2290 1470 2439 1503 casus

1411 1532 1497 1584 vel
1516 1530 1775 1585 honorem
1798 1569 1812 1593 ,
1841 1530 1934 1603 qui
1961 1531 2206 1596 affertur,
2233 1529 2316 1582 vel
2339 1549 2430 1583 vo·

1409 1610 1662 1682 luptatem
1682 1652 1698 1677 ,
1745 1611 1824 1663 vel
1867 1622 1920 1663 et
1967 1628 2206 1664 caussam
2253 1628 2442 1681 quam-

1410 1710 1638 1763 cumque
1677 1703 1729 1743 et
1767 1702 2041 1745 auctorem
2085 1692 2159 1744 rei
2195 1689 2436 1743 denotat.

1409 1769 1610 1823 Helena
1630 1769 1698 1822 de
1719 1789 1774 1823 se
1795 1768 1994 1823 Troad.
2025 1769 2236 1821 Senecae
2255 1810 2269 1833 ,
2295 1770 2396 1837 896
2422 1784 2436 1821 :

1414 1849 1582 1901 cTibi
1621 1848 1770 1903 fluxit
1809 1849 1976 1912 Asiae,
2029 1848 2174 1900 fluxit
2211 1848 2438 1919 Europae

1408 1947 1568 1981 cruor
1585 1955 1629 1980 a.
1675 1928 2101 1997 Sauum-meme.
2153 1926 2440 1998 perperam

1406 2008 1732 2079 Stephanus,
1780 2022 2045 2074 nostraque
2081 2010 2268 2057 cadens
2293 2007 2439 2074 ferus

1408 2088 1664 2149 Hannibal
1677 2088 1753 2136 im
1773 2108 1792 2145 ;
1831 2097 1880 2137 et
1906 2084 1980 2137 sic
1998 2085 2050 2136 in
2072 2083 2300 2136 editione
2319 2084 2441 2137 Sea-

1406 2165 1589 2237 ligeri‚
1617 2164 1708 2217 uhi
1755 2176 1934 2217 tamen
1978 2162 2230 2217 Francius
2279 2162 2438 2215 etiam

1408 2255 1705 2297 correxerat
1734 2258 1915 2295 ηοω-ω
1950 2247 2053 2295 iroe.
2091 2242 2265 2296 Bmm.
2297 2243 2438 2295 Bene

1407 2322 1656 2377 Gorallus
1683 2323 1756 2377 ait
1785 2322 2151 2395 metaphoram
2194 2334 2307 2375 esse
2343 2322 2434 2375 de-

1410 2418 1676 2475 sumptam
1717 2419 1750 2455 a
1787 2402 2013 2455 victimis
2039 2440 2053 2465 ,
2087 2419 2204 2474 quae
2239 2398 2430 2454 cadere

1408 2482 1726 2537 dicebantur
1750 2482 1893 2546 Deo,
1920 2482 2008 2535 cui
2033 2481 2428 2533 mactabantur,

1410 2562 1562 2635 Virg.
1582 2559 1793 2614 AEneid.
1817 2560 1844 2612 I
1863 2598 1879 2623 ‚
1919 2560 2020 2615 338
2044 2579 2056 2612 2
2103 2586 2128 2604 κ
2150 2559 2320 2612 Multa
2341 2558 2436 2611 tibi

1408 2652 1534 2696 ante
1568 2657 1687 2694 aras
1724 2651 1902 2694 nostra
1934 2637 2087 2693 cadet
2112 2638 2285 2693 hostia
2317 2638 2439 2692 dex·

1410 2733 1489 2774 tre
1505 2746 1550 2773 »-
1568 2751 1637 2760 —
1653 2720 1720 2772 Et
1740 2719 1816 2773 sic
1837 2718 2110 2790 usurpavit
2126 2730 2314 2771 auctor
2329 2718 2442 2771 Ele·

1407 2800 1504 2870 giae
1539 2798 1606 2853 de
1635 2800 1879 2852 Fortunae
1902 2796 2262 2875 vicissitudine
2282 2835 2296 2859 ‚
2335 2796 2436 2849 hu-

1402 2881 1492 2950 jus
1527 2878 1694 2931 nostri
1727 2878 1900 2947 operis
1925 2888 2072 2928 tomo
2093 2876 2146 2927 11
2163 2914 2178 2936 ‚
2210 2894 2266 2947 p.
2297 2894 2396 2944 ²99
2419 2914 2436 2937 ‚

1407 2977 1486 3010 vs.
1515 2976 1614 3011 12:
1645 2957 1790 3023 «Qui
1811 2954 2000 3010 cecidit
2019 2954 2195 3015 Divis,
2218 2974 2432 3025 surgere

1410 3054 1567 3088 nemo
1618 3035 1805 3087 valet»
1782 3061 1824 3085 n.
1878 3035 1977 3087 En.
2040 3064 2111 3073 —
2164 3033 2430 3086 Hannibal

1412 3133 1540 3167 saue
1567 3113 1789 3178 cecidit,
1825 3124 1882 3164 ut
1915 3112 2156 3174 victima,
2187 3112 2434 3165 Romanae

1412 3193 1534 3257 irae,
1560 3192 1653 3264 qui
1684 3192 1831 3245 exsul
1855 3202 1904 3244 et
1925 3190 2116 3261 hospes
2141 3190 2286 3261 apud
2310 3192 2435 3244 Pru·

1412 3273 1546 3325 siam
1572 3290 1748 3343 regem
1775 3290 1934 3344 agens
1951 3268 2300 3345 praevidebat,
2321 3271 2374 3323 f‹
2363 3290 2434 3323 re

1414 3348 1731 3423 aliquando,
1763 3362 1819 3402 ut
1837 3350 2082 3407 Romanis
2107 3350 2440 3419 poscentibus

1413 3428 1728 3496 dederetur,
1769 3440 1858 3481 aut
1882 3440 2176 3495 necaretur,
2205 3430 2303 3483 nisi
2328 3430 2438 3500 ipsc

1414 3510 1579 3563 fatum
1608 3528 1764 3563 suum
1790 3508 2084 3562 voluntaria
2115 3524 2286 3562 morte
2313 3524 2438 3579 prae-

1414 3590 1628 3661 ciperet.
