2975 4684
417 345 552 416 150

1009 347 1409 415 LUCILII
1467 345 1943 416 JUNIORIS

503 473 678 541 Nam
715 493 918 562 posse¹
939 483 1184 537 exustae
1219 481 1418 536 cretae
1457 491 1727 562 quoque
1762 466 2005 536 robora
2036 464 2270 554 fundi,

2458 491 2539 529 510

504 583 590 648 Et
623 575 864 672 figulos
901 579 1062 647 huic
1093 601 1234 647 esse
1267 577 1515 656 fidem;
1553 576 1705 646 dein
1738 577 2004 673 frigoris
2044 601 2169 646 usu

501 687 836 757 Duritiem
877 711 1186 756 revocare
1221 713 1406 758 suam
1428 742 1447 774 ‚
1487 701 1558 756 et
1594 688 2055 780 constringere
2092 707 2313 756 venas.

500 798 630 868 Sed
675 798 938 893 signum
985 821 1340 867 commune
1377 797 1523 868 leve
1556 811 1691 884 est,
1733 812 1933 891 atque
1981 796 2172 865 irrita
2206 818 2469 880 caussa,

502 911 676 996 Quae
709 909 1045 1004 trepidat3
1089 933 1320 978 verum
1359 909 1479 978 tibi
1518 922 1704 978 certo
1736 909 2017 1002 pignore
2050 919 2308 976 constet
2337 929 2355 973 τ

501 1021 676 1090 Nam
711 1017 898 1088 velut
933 1020 1155 1114 arguti
1196 1035 1438 1089 natura
1469 1034 1569 1089 est
1604 1020 1751 1087 aeris
1775 1072 1796 1106 ‚
1838 1032 1907 1087 et
1942 1018 2083 1113 igni

2458 1033 2539 1074 51⁵

501 1131 734 1219 Quum
767 1129 1096 1198 domitum
1129 1143 1426 1216 constat,
1467 1128 1833 1222 eademque
1867 1143 1934 1196 et
1971 1126 2214 1197 robore
2250 1122 2466 1210 salvo,

499 1243 874 1333 Utramque
909 1252 988 1306 ut
1018 1241 1230 1333 possis
1265 1241 1414 1308 aeris
1451 1261 1855 1335 cognoscere
1895 1251 2197 1342 partem5
2364 1240 2371 1247 ’

500 1348 704 1417 Haud
738 1347 928 1417 aliter
963 1345 1130 1458 Iapis
1166 1347 1276 1418 ille
1315 1363 1495 1418 tenet
1530 1348 1681 1444 (seu
1716 1347 1889 1416 forte
1928 1347 2270 1416 madentes

399 1559 540 1612 Ven.
565 1559 739 1632 Lugd.
767 1559 904 1632 Hag.
931 1560 1022 1614 sed
1050 1564 1183 1612 lento
1205 1561 1424 1614 Helmet.

402 1637 559 1692 Basil.
577 1639 712 1692 Luc.
733 1638 846 1691 haee
867 1651 919 1691 et
937 1642 1259 1692 commissum.

476 1723 600 1771 510.
628 1718 873 1789 Antiquae
897 1717 1021 1772 edd.
1053 1718 1261 1790 legunt:
1292 1723 1424 1770 Nam

391 1813 511 1866 post
543 1811 769 1850 exustam
791 1799 812 1866 (
836 1799 918 1851 vel
954 1803 1247 1851 exhaustam
1269 1801 1289 1866 )
1317 1819 1426 1868 cre-1

401 1893 505 1930 eam
557 1897 752 1946 quoque
803 1881 978 1930 robora
1014 1879 1211 1947 fundit.
1263 1877 1426 1944 Quod

399 1957 588 2029 Scalig.
611 1969 664 2010 et
681 1956 886 2010 Gorall.
909 1958 1180 2029 corrigunt
1201 1975 1214 2010 :
1242 1983 1264 2005 ι
1293 1957 1431 2012 Nam

401 2049 522 2110 post
558 2048 752 2090 exuste
792 2051 946 2090 creta
977 2055 1190 2108 qnoque
1235 2038 1429 2091 robora

401 2114 582 2170 fundit
603 2143 627 2164 a
649 2155 664 2182 ‚
685 2129 736 2168 et
754 2118 954 2170 habent
971 2118 1074 2170 hoc
1093 2137 1190 2188 pro
1209 2135 1425 2191 respon-

400 2197 551 2250 sione
587 2198 813 2251 auctoris
855 2196 922 2250 ad
961 2196 1264 2268 opinionem
1302 2209 1428 2249 ante

401 2286 750 2330 memoratam
775 2316 790 2342 ,
821 2293 1042 2348 nempe,
1072 2277 1246 2329 variae
1271 2295 1356 2329 res
1374 2276 1427 2330 vi

401 2355 538 2428 ignit
561 2346 671 2408 non
697 2355 945 2420 misceri,
975 2354 1032 2407 id
1053 2355 1133 2407 vel
1162 2375 1224 2408 ex
1256 2375 1320 2408 eo
1348 2356 1426 2408 in-

399 2435 562 2505 telligi
579 2473 594 2499 ‚
618 2433 764 2507 quod
791 2437 948 2487 AEtna
968 2472 984 2497 ,
1003 2447 1124 2506 post
1147 2437 1424 2506 ejectatum

402 2513 632 2587 lapidem
663 2515 951 2582 molarem,
981 2533 1184 2566 merum
1227 2527 1428 2569 cretam

403 2606 624 2648 eructet.
677 2595 790 2666 Ego
842 2613 971 2647 vero
1031 2595 1429 2667 responsionem

403 2692 520 2727 eam
556 2673 772 2728 demum
805 2693 960 2727 versu
1003 2676 1106 2728 513
1139 2686 1271 2746 puto
1306 2674 1430 2726 sub-

387 2753 496 2834 jici
518 2771 534 2816 ;
571 2753 676 2807 hoo
720 2764 898 2807 autem
950 2754 1248 2807 continuari
1291 2755 1432 2826 obje-

407 2833 636 2886 ctionem
661 2832 728 2886 de
751 2833 966 2886 materia
983 2833 1194 2886 diversa
1217 2871 1232 2896 ‚
1275 2845 1434 2906 atque

393 2925 596 2966 cretam
634 2915 690 2966 iu
719 2915 1020 2985 exemplum
1046 2912 1238 2966 adduci
1262 2953 1277 2979 ,
1313 2931 1432 2984 qum

395 2993 662 3046 bitumine
683 2994 966 3046 commixta
989 3005 1040 3046 et
1063 3004 1246 3046 exusta
1268 2993 1434 3065 possit

399 3071 586 3134 fundi,
611 3072 669 3125 h.
697 3091 746 3125 e.
773 3071 1031 3145 liquefieri
1046 3110 1063 3135 ,
1086 3083 1140 3126 et
1161 3071 1432 3142 frigefacta

397 3169 582 3204 rursus
610 3149 918 3216 durescere,
953 3155 1106 3222 cujus
1127 3151 1206 3202 rei
1239 3150 1432 3222 figulos

399 3229 564 3283 fidem
623 3229 815 3285 facere.
867 3229 1100 3282 Proinde
1159 3231 1232 3283 sic
1281 3231 1428 3300 lego:

399 3335 426 3354 α
450 3311 588 3362 Nam
624 3329 776 3382 posse
807 3322 999 3364 exusto
1031 3323 1186 3363 eretoe
1217 3327 1434 3381 qnoque

405 3391 599 3444 robora
625 3387 776 3442 fundi
797 3393 941 3459 (non
964 3408 1092 3461 ergo
1114 3389 1288 3442 solum
1313 3389 1434 3461 lapi-

407 3468 527 3522 dem
547 3470 798 3522 molarem
819 3475 860 3540 ),
875 3471 942 3522 Et
961 3470 1153 3541 figulos
1171 3469 1299 3522 huic
1319 3487 1434 3522 esse

407 3547 571 3602 fidem
597 3573 641 3602 ιι.
666 3549 742 3602 Ut
777 3550 866 3602 hic
901 3553 1076 3601 robora
1085 3551 1245 3618 fundi
1265 3549 1394 3603 dixit
1415 3585 1432 3612 ,

407 3629 478 3681 ita
499 3646 656 3682 versu
679 3628 948 3697 531fim‘le
965 3633 1127 3682 robur.

483 3709 603 3762 511.
629 3713 694 3758 Ee
717 3711 910 3780 figulos
950 3713 1062 3761 kuic
1111 3729 1216 3761 esse
1233 3712 1396 3780 fidem
1412 3747 1428 3769 ‚

410 3788 486 3840 sic
519 3807 704 3840 omnes
725 3789 969 3861 antique.
1001 3789 1231 3861 Scaliger
1253 3801 1306 3840 et
1327 3789 1434 3841 Go-

409 3867 575 3923 nllus
595 3882 790 3921 temere
813 3869 938 3922 inde
961 3869 1198 3921 fecerunt
1218 3871 1437 3940 Etfigu-

411 3952 484 4000 Ios
505 3952 584 4000 Ιιίσ
612 3968 720 3999 esse
745 3951 906 4000 vides.
929 3948 1016 4000 Sic
1039 3967 1194 4018 supra
1219 3967 1269 4000 v.
1305 3953 1431 4018 174:

410 4031 567 4078 AEma
589 4031 668 4080 sui
685 4029 950 4096 manifesta
958 4031 1096 4099 fides
1111 4067 1128 4089 ,
1151 4039 1202 4079 et
1219 4047 1276 4082 ν.
1301 4028 1400 4080 223
1415 4065 1432 4092 ,

411 4109 736 4178 Nossefidem
759 4110 913 4158 rebus.

1586 1562 1708 1617 513.
1730 1566 1933 1630 Signum
1954 1581 2234 1623 commune,
2258 1559 2407 1632 quod
2426 1560 2543 1632 plu·

1512 1641 1651 1693 rium
1670 1659 1849 1695 rerum
1867 1653 2070 1695 nature
2088 1641 2254 1712 possit
2272 1658 2385 1694 esse
2404 1659 2542 1693 eom·

1513 1737 1675 1774 mune
1697 1758 1714 1785 ‚
1736 1721 2022 1773 convenire
2038 1731 2214 1793 queat.

1589 1801 1707 1866 514.
1744 1808 1868 1870 Quae
1910 1802 2151 1868 trepidae,
2192 1817 2311 1871 quae
2342 1797 2541 1852 ineerta

1511 1891 1567 1933 et
1587 1879 1751 1934 dubia
1773 1891 1851 1935 est
1872 1919 1887 1944 ,
1911 1879 2349 1933 vacillat—Certo
2361 1881 2545 1946 pigno-

1520 1979 1575 2012 re
1594 1973 1809 2021 conseer,
1836 1961 1993 2013 certia
2015 1977 2077 2012 ex
2100 1957 2427 2029 argumentis
2448 1975 2543 2010 no-

1519 2051 1712 2093 scatur.
1750 2039 1994 2111 Antiqnoe
2030 2038 2218 2095 vitiose
2251 2057 2425 2090 verum
2462 2039 2547 2086 ubi

1517 2135 1646 2172 eet-w
1660 2122 1888 2188 pt'gnore.

1588 2199 1619 2252 5
1630 2217 1649 2251 1
1660 2197 1707 2251 5.
1722 2196 1981 2264 Qnaedam
1996 2197 2225 2269 antiqua
2244 2213 2257 2249 :
2280 2201 2412 2248 Nam
2434 2200 2545 2249 vel-

1516 2291 1569 2329 ut
1606 2291 1797 2346 arguta.-
1843 2291 2034 2328 namt-ce
2080 2291 2153 2328 est
2194 2295 2351 2328 aereus
2396 2277 2543 2345 ignis.

1516 2357 1645 2410 Aliae
1667 2375 1789 2410 cum
1810 2355 2030 2408 Helmst.
2066 2357 2235 2423 argnti
2254 2369 2437 2406 aarum
2472 2369 2549 2406 ese

1516 2441 1631 2488 oen‘s
1657 2451 1707 2488 et
1737 2440 1883 2505 ignis.
1906 2435 2139 2508 Scaliger
2159 2432 2285 2487 inde
2319 2435 2547 2488 correxit

1518 2531 1569 2568 ee
1586 2519 1698 2585 igni
1722 2535 1869 2584 quum
1900 2518 2151 2568 domitum.

1592 2595 1710 2667 517.
1734 2595 1953 2648 Veteres
1974 2593 2217 2665 quaedam
2240 2593 2440 2646 habent
2466 2598 2549 2646 U?-

1520 2689 1697 2742 emque
1724 2695 1871 2743 quam
1890 2676 2091 2742 possis,·
2118 2673 2341 2726 Helmst.
2379 2677 2545 2725 Ultra-

1522 2773 1618 2822 que
1656 2769 1709 2806 at
1736 2757 1925 2823 possis,
1968 2753 2061 2806 sed
2104 2751 2258 2806 Basil.
2306 2765 2357 2806 et
2410 2753 2542 2804 Luc-

1527 2840 1793 2902 Utramque
1838 2848 1891 2884 ut
1924 2836 2084 2901 possis
2103 2871 2119 2894 ,
2156 2831 2301 2904 quod
2339 2844 2546 2885 rectum

1523 2911 1733 2967 videtur
1752 2924 1805 2966 et
1826 2932 1853 2964 a
1876 2913 2099 2966 Gor-allo
2126 2911 2353 2984 positum
2362 2915 2544 2964 .--c‹›·

1515 3012 1757 3061 gnoscere
1764 3007 1961 3063 portam
1986 3010 2169 3045 omnes
2189 2992 2418 3064 antiqnae
2436 3009 2548 3044 ser·

1519 3083 1671 3136 vent,
1717 3071 1862 3145 quod
1908 3073 2096 3125 merito
2136 3071 2383 3124 Gon-allus
2432 3089 2547 3123 mu-

1522 3153 1653 3207 tavit
1692 3153 1748 3206 in
1784 3167 1999 3221 partem.
2046 3151 2322 3205 Ascensiue
2364 3163 2547 3204 tamen

1519 3230 1697 3303 lepide
1710 3231 2084 3302 interpretatur
2100 3235 2397 3299 apertionem
2416 3232 2546 3282 aeris.

1518 3309 1715 3364 Sensus
1730 3323 1807 3363 eet
1824 3327 1837 3362 ε
1860 3312 2019 3375 AErin,
2036 3309 2179 3382 qnod
2199 3310 2547 3381 liquefactum

1522 3400 1602 3443 eet
1616 3431 1631 3456 ,
1673 3401 1725 3442 et
1758 3389 1903 3461 quod
1928 3409 2033 3444 non
2058 3391 2401 3462 liquefactum
2422 3431 2437 3456 ,
2458 3407 2548 3442 ea-

1521 3473 1641 3522 dem
1685 3479 1763 3522 est
1800 3481 1992 3523 natura
2008 3507 2023 3532 ,
2065 3469 2135 3522 ita
2172 3478 2235 3522 ut
2272 3469 2549 3540 utriusque

1519 3559 1727 3620 partem
1748 3567 2064 3620 cognoscere
2093 3551 2258 3622 possis
2289 3567 2403 3602 esse
2429 3567 2547 3620 par-

1522 3640 1627 3680 tem
1652 3629 1809 3688 nnius
1830 3630 2048 3683 metalli.

1596 3708 1713 3762 518.
1738 3713 1884 3777 Lapis
1912 3712 1993 3761 ille
2025 3722 2181 3770 tenet,
2206 3707 2265 3760 h.
2300 3727 2346 3762 e.
2368 3720 2549 3762 manet

1521 3799 1575 3841 et
1590 3789 1941 3861 proprietates
1968 3807 2089 3841 enas
2110 3787 2315 3841 retinet.
2348 3789 2425 3840 De
2445 3787 2548 3840 hac

1523 3868 1671 3920 verbi
1712 3883 1875 3920 cenem
1918 3866 2297 3938 significatione
2340 3867 2424 3940 egi
2479 3864 2547 3919 ad

1522 3945 1693 4000 Gratii
1720 3949 1918 4021 Cyneg.
1948 3965 1999 4000 v.
2033 3964 2155 4016 219,
2181 3959 2233 3999 et
2252 3945 2319 4000 ad
2344 3946 2545 4018 Pervig.

1524 4027 1662 4081 Ven.
1691 4030 1777 4092 46.
1801 4025 2039 4097 Scaliger
2060 4024 2189 4094 illud
2224 4040 2356 4079 tenet
2373 4023 2441 4080 ad
2462 4043 2549 4078 ra-

1523 4108 1721 4162 tionem
1742 4107 1983 4162 Grocam
2008 4107 2229 4180 explicat
2252 4109 2403 4170 οὕτως
2426 4109 2543 4176 ἔχει.
