2975 4684
528 345 665 419 566

1395 349 1805 419 INCERTI

620 469 879 568 [Sortes
905 471 1266 554 miserunt,
1295 472 1445 566 quis
1471 495 1706 540 eorum
1746 473 1819 538 in
1857 467 2029 539 bella
2062 468 2333 566 valeret]

621 585 801 676 Ergo
839 581 954 649 ubi
1000 580 1272 676 dejectis
1307 597 1609 650 auratam
1648 583 1823 676 regis
1860 580 2111 650 Atridae

624 691 934 759 Sortibus
963 691 1030 758 in
1069 687 1365 784 galeam,
1403 716 1687 786 magnus
1718 706 2130 785 processerat
2170 693 2337 784 Ajax
2360 746 2379 777 ,

621 805 1055 871 Concurrunt
1089 803 1292 870 annis
1331 803 1497 894 Ajax
1536 797 1825 870 crudelis
1860 814 1929 869 et
1962 804 2235 870 Hector.
2310 849 2327 858 ι

722 911 1068 1004 Principio
1097 912 1294 1002 jactis
1331 912 1765 981 committunt
1800 909 2029 1004 praelia
2072 908 2252 996 telis,

622 1025 784 1090 Mox
823 1019 1074 1114 rigidos
1107 1023 1454 1115 §stringunt
1489 1047 1675 1091 enses
1698 1076 1717 1106 ‚
1752 1036 1819 1090 et
1856 1020 2144 1090 fortibus
2188 1023 2391 1092 armis

628 1134 1052 1217 Decernunt‚
1095 1147 1450 1227 partesque
1477 1129 1692 1202 oculis
1730 1134 2059 1201 rimantur
2096 1147 2396 1226 apertas3

619 1246 707 1312 Et
733 1241 934 1310 modo
964 1256 1151 1336 terga
1193 1259 1474 1336 petunt,
1517 1243 1721 1312 duros
1754 1241 1957 1310 modo
1982 1241 2273 1310 fortibus
2306 1244 2479 1312 ictus

618 1350 988 1446 Depellunt
1024 1350 1270 1445 clypeis
1301 1379 1318 1420 :
1351 1355 1588 1447 ingens
1626 1353 1717 1424 ad
1752 1351 1967 1422 sidera
2003 1349 2257 1421 clamor

2586 1376 2666 1426 595

622 1461 946 1546 Tollitur,
981 1478 1046 1531 et
1073 1464 1272 1531 vastis
1315 1461 1635 1557 impletur
1661 1462 1939 1531 vocibus
1974 1460 2203 1529 aether.

629 1571 906 1670 [Alter-ni
953 1572 1218 1642 vibrant
1259 1571 1553 1667 gladios,
1588 1587 1655 1642 et
1690 1569 1967 1640 vulnera
1998 1569 2305 1666 miscent]

597 1741 714 1810 587.
737 1746 796 1791 In
821 1743 950 1792 bella
967 1745 1158 1792 valeret
1177 1741 1413 1794 scribunt
1430 1741 1545 1792 vul·
1630 1740 1844 1812 patebat
1861 1738 2020 1792 Nuda
2032 1739 2133 1790 viri
2150 1739 2348 1799 cervix,
2371 1737 2667 1810 fulgentem

526 1832 653 1893 gatae
667 1838 796 1891 ‚pro
807 1837 915 1890 quo
929 1819 1112 1872 malim
1129 1823 1180 1872 1⁸22
1201 1824 1330 1872 bella
1339 1824 1545 1872 wniree.
1633 1819 1814 1891 dirigit
1871 1837 2049 1870 ensem
2072 1843 2095 1864 ι
2109 1858 2122 1870 .

527 1901 593 1952 In
627 1897 744 1952 eod.
785 1898 1003 1950 Helmst.
1039 1899 1126 1951 hic
1147 1917 1324 1954 versuo
1361 1899 1507 1952 deest
1530 1935 1547 1962 ,

527 1992 578 2032 et
601 1981 654 2031 in
677 1978 747 2030 G.
775 1997 802 2029 2
833 1989 947 2049 post
971 1997 1020 2030 v.
1044 1979 1144 2031 588
1169 1991 1397 2031 mutatus
1423 1977 1550 2049 legi-

525 2071 640 2111 tur:
665 2064 824 2109 Sortes
845 2061 1078 2108 miserunt
1091 2097 1106 2118 ,
1131 2061 1239 2126 qm‘s
1261 2060 1389 2109 bella
1409 2063 1550 2108 vale-

525 2153 600 2190 ret
617 2141 758 2188 inire.
776 2136 864 2188 Ob
882 2155 998 2188 eam
1019 2137 1273 2189 rationem
1287 2175 1302 2199 ‚
1323 2148 1374 2188 et
1394 2137 1518 2206 quia
1532 2175 1549 2200 ,

529 2215 676 2290 quod
691 2215 759 2269 ad
776 2235 986 2269 sensum
999 2215 1178 2269 attinet
1189 2216 1370 2288 ‚plane
1385 2216 1551 2269 abun-

527 2296 617 2349 dat
633 2333 647 2358 ,
665 2307 808 2348 totus
827 2313 1012 2348 versus
1029 2297 1221 2349 rectius
1242 2294 1448 2348 videtur
1465 2313 1552 2347 ex·

533 2374 846 2428 eludendus.

603 2455 721 2508 588.
761 2459 898 2522 Ergo
939 2455 1021 2503 ube·
1053 2456 1270 2520 dejectis.
1317 2453 1549 2526 Sumpsit

529 2553 558 2586 a
585 2533 813 2602 Virgilio
833 2569 848 2594 ,
878 2533 996 2583 AEn.
1027 2532 1102 2595 V,
1131 2537 1268 2600 ⁴90²
1301 2557 1322 2578 ι
1341 2533 1550 2586 couve-

525 2630 651 2664 nere
669 2610 792 2674 viri,
817 2609 1180 2681 dejectamque
1204 2629 1336 2663 area
1357 2623 1551 2664 sortem

527 2690 744 2762 Accepit
769 2690 920 2760 galea
937 2713 980 2741 κ.

603 2769 718 2838 590.
739 2774 1056 2822 Concurrunt.
1077 2768 1250 2820 Etiam
1268 2768 1354 2821 hic
1369 2787 1553 2823 versus

527 2851 676 2903 abest
705 2850 772 2901 ab
809 2845 886 2906 Η.
921 2865 1019 2900 nec
1043 2847 1133 2900 hic
1160 2845 1368 2900 videtur
1393 2847 1552 2920 plane

526 2929 870 2983 nece-sarius.

600 3010 716 3078 593.
744 3014 1027 3060 Decet-nune
1053 3007 1252 3060 restitui
1289 3024 1352 3059 ex
1389 3006 1454 3058 Η.
1496 3019 1549 3059 et

524 3091 593 3142 G.
628 3109 678 3142 a.
701 3094 970 3139 Decertant
993 3087 1190 3140 habent
1213 3087 1352 3157 vulg.
1377 3087 1442 3138 In
1463 3105 1547 3138 re·

523 3169 672 3239 liquo
690 3185 847 3219 versu
869 3165 1126 3220 editiones
1155 3166 1336 3237 legunt
1354 3179 1553 3232 par-ces-

528 3267 624 3315 que
643 3248 794 3297 oeulis
813 3247 1052 3297 rimanwr
1068 3248 1267 3312 apertis.
1287 3243 1555 3306 Barthius‚

533 3325 670 3378 Adv.
689 3345 745 3396 p.
769 3325 902 3394 2807
925 3323 1178 3377 mendum
1199 3323 1472 3387 odoratur,
1504 3335 1557 3374 et

527 3405 756 3458 scrihere
770 3405 920 3476 jubet
930 3419 1195 3472 panesque
1211 3406 1363 3454 oculis
1377 3405 1558 3454 riman-

529 3501 611 3536 tw·
624 3499 816 3552 opertas
831 3522 846 3544 ,
869 3482 1123 3555 additque
1145 3502 1158 3535 :
1180 3499 1374 3552 apertas
1385 3498 1553 3552 panes

528 3568 698 3618 riman·
719 3582 826 3616 non
851 3575 929 3617 est
953 3565 1065 3616 sani
1083 3563 1270 3636 judicii
1289 3563 1551 3628 scribere,

528 3663 695 3718 quum
726 3661 782 3696 ea
802 3681 818 3707 ,
854 3661 973 3715 qua
1009 3655 1194 3714 patent
1211 3683 1227 3710 ,
1269 3642 1553 3694 rimatione

527 3741 661 3796 opus
690 3741 798 3775 non
823 3723 1070 3776 habeant.
1091 3720 1193 3776 Sed
1230 3721 1552 3787 Bussenius,

527 3823 643 3876 pag.
669 3805 733 3858 33
751 3844 766 3869 ,
811 3802 1015 3855 felicius
1039 3800 1284 3854 emendat
1309 3802 1553 3852 »imaum

525 3899 742 3953 apertas,
769 3882 823 3935 h.
843 3901 888 3934 e.
907 3900 1034 3936 ense
1050 3882 1135 3935 vel
1155 3881 1300 3934 hasta
1323 3899 1410 3933 eas
1430 3900 1551 3953 par·

525 3973 604 4015 tes
619 3973 813 4033 petunt
828 3999 843 4024 ,
870 3980 988 4032 quae
1007 3960 1176 4014 oculis
1194 3972 1316 4014 sunt
1336 3971 1547 4031 aperte.

523 4041 646 4109 lpse
687 4041 880 4092 Noster
915 4055 1126 4092 sensum
1168 4040 1328 4112 hujus
1371 4057 1551 4091 versus

525 4116 758 4170 declarat
781 4119 918 4171 infra
931 4157 946 4182 ,
986 4138 1064 4170 vs.
1089 4121 1188 4170 605
1211 4137 1226 4171 ε
1277 4145 1300 4165 ι
1337 4136 1550 4190 quaque

2180 1817 2351 1870 Simili
2404 1821 2669 1872 sententia

1635 1899 1828 1970 Vix-gil.
1852 1896 2063 1951 AEneid.
2088 1897 2225 1962 XII,
2265 1913 2403 1965 920:
2442 1924 2465 1943 ι
2498 1900 2669 1951 telum

1636 1980 1825 2030 AEneas
1846 1977 2001 2030 fatale
2022 1987 2260 2029 coruscat
2276 2016 2292 2041 ,
2310 1976 2537 2030 Sortitus
2562 1979 2669 2030 for-

1637 2069 1823 2110 tunam
1843 2057 2011 2109 oculis
2028 2081 2050 2102 1-
2065 2097 2077 2106 .
2102 2087 2173 2095 --
2190 2055 2419 2128 Respicit
2448 2075 2574 2109 eum
2604 2059 2673 2109 ri·

1636 2149 1751 2188 tum
1784 2137 2133 2208 pugnantium
2170 2135 2389 2198 Cicero,
2423 2135 2481 2187 iu
2500 2135 2664 2188 Verr.

1637 2217 1748 2270 VII
1765 2253 1783 2280 ,
1813 2235 1872 2285 7¹
1898 2233 1911 2267 :
1936 2241 1957 2262 ι
1978 2217 2033 2270 Si
2058 2215 2227 2269 ullum
2247 2214 2425 2269 locum
2448 2235 2671 2288 aperue-

1636 2295 1801 2348 rimus
1820 2295 2106 2366 suspicioni
2128 2306 2217 2348 aut
2242 2295 2484 2359 crimini,
2526 2297 2671 2349 acci·

1637 2374 1890 2447 piendum
1911 2385 1988 2426 est
2004 2375 2181 2428 statim
2204 2374 2396 2427 vulnus
2414 2399 2435 2419 ιι
2450 2415 2465 2426 .
2482 2376 2594 2428 Eo.

1710 2457 1831 2521 596.
1872 2457 2103 2523 Impletur
2136 2459 2340 2506 vocibus
2379 2457 2546 2506 ‹veluer-
2575 2455 2667 2508 Se-

1639 2533 1915 2604 quentium
1942 2551 2189 2585 versuum
2219 2533 2367 2587 locus
2398 2553 2569 2605 usque
2596 2534 2671 2587 ad

1640 2615 1743 2674 604
1764 2611 1957 2663 mirum
1975 2623 2235 2683 quantum
2256 2614 2499 2666 turbatus
2514 2651 2529 2676 ,
2548 2631 2671 2665 mu-

1641 2703 1779 2743 tatus
1803 2703 1857 2742 et
1880 2691 2223 2760 interpolatus
2242 2704 2405 2744 exstet
2426 2691 2483 2744 in
2504 2692 2671 2753 libris,

1640 2769 1713 2822 ita
1728 2783 1789 2823 ut
1804 2770 1997 2841 singuli
2014 2771 2124 2822 fere
2142 2769 2347 2824 diverse
2366 2771 2671 2824 exhibeam.

1640 2848 1775 2900 Mihi
1810 2867 2025 2900 necesse
2064 2849 2164 2901 fuit
2200 2851 2268 2901 ita
2312 2851 2581 2922 corrigere
2618 2863 2671 2904 et

1639 2928 1962 2980 constituere
1980 2965 1995 2990 ,
2032 2929 2109 2980 uti
2142 2929 2407 3000 optimum
2442 2929 2669 2982 videba-

1636 3017 1744 3061 tur.
1782 3007 1995 3060 Plenior
2032 3006 2233 3060 medela
2272 3010 2343 3062 ab
2378 3010 2672 3080 integriore

1639 3086 1821 3140 codice
1842 3087 2186 3159 exspectanda
2210 3100 2301 3140 est.
2322 3089 2387 3139 Et
2406 3088 2588 3141 Guelf.
2620 3109 2669 3152 1,

1641 3183 1671 3217 e
1689 3183 1799 3236 quo
1838 3185 1899 3219 ea
1956 3167 2065 3237 peti
2104 3167 2392 3220 certissime
2430 3179 2668 3239 poterat,

1642 3243 1731 3296 hic
1766 3244 1995 3298 deficit.-

1718 3327 1837 3395 597.
1866 3327 2061 3376 Altetm‘
2086 3328 2291 3376 vibrant
2306 3329 2543 3395 gladia,-
2577 3327 2671 3379 ubi

1646 3405 1707 3455 A.
1726 3405 1790 3454 L.
1812 3416 1863 3456 et
1881 3404 1949 3457 Τ.
1986 3405 2167 3474 legunt
2194 3409 2429 3456 Aleemos
2467 3409 2674 3476 fibmne

1637 3487 1857 3551 gladios.
1888 3484 2041 3537 Hunc
2062 3501 2267 3537 versum
2288 3503 2353 3536 eo
2373 3485 2493 3537 loco
2518 3503 2673 3557 repo-

1642 3562 1723 3615 sui
1738 3601 1753 3626 ,
1771 3582 1880 3634 quo
1908 3581 2031 3615 eum
2052 3563 2269 3616 'exhibet
2294 3563 2413 3616 eod.
2436 3563 2667 3618 Helmst.

1639 3643 1735 3713 qui
1758 3653 1933 3694 tamen
1954 3646 2137 3694 librant
2156 3647 2359 3712 gladios
2384 3643 2534 3714 legit.
2552 3643 2671 3696 Edi-

1640 3721 1809 3776 tioues
1827 3761 1843 3788 ,
1878 3724 2014 3776 sicut
2038 3724 2201 3776 etiam
2229 3723 2405 3776 Guelf.
2430 3742 2459 3775 τι
2486 3761 2503 3786 ,
2540 3741 2669 3776 eum

1638 3815 1843 3874 ponunt
1894 3815 2013 3875 post
2048 3805 2207 3858 verba
2254 3807 2399 3856 modo
2448 3805 2668 3854 dentibus

1638 3885 1777 3934 uncis
1797 3903 1849 3934 v.
1873 3883 1996 3952 599.
2022 3881 2181 3937 Unde
2216 3883 2493 3947 Bau-thius,
2532 3882 2667 3934 Adv.

1636 3979 1687 4032 p.
1709 3963 1863 4032 ²807,
1882 3963 2161 4024 existimat,
2180 3973 2445 4014 auctorem
2461 3965 2667 4031 gladios

1637 4045 1853 4096 dentium
1872 4042 2060 4095 dixisse
2078 4042 2145 4095 de
2183 4043 2323 4115 apris
2338 4080 2354 4105 ,
2392 4042 2469 4094 uti
2492 4040 2667 4094 basias

1637 4123 1851 4171 dandum
1862 4121 2130 4192 Apuleius.
2152 4121 2253 4175 Sed
2274 4123 2534 4193 glossema
2552 4139 2667 4174 esse
