2975 4684
651 391 1144 460 .EPITOME
1200 390 1627 460 lLIADOS
1688 395 2108 463 HOMERI.

2326 393 2461 494 577

435 509 676 581 Infelix
703 509 910 580 cecidi
945 537 961 579 ε
1006 498 1187 580 nunc
1223 533 1338 580 vos
1374 537 1496 606 per
1527 513 1803 582 numina
1843 517 2125 600 Divum,

435 621 565 689 Per
601 645 813 706 mare,
846 646 966 715 per
1005 621 1184 692 Ditis
1218 621 1462 691 fluctus
1498 623 1795 693 obtestor
1830 628 2053 719 opaci,
2391 653 2464 704 72⁵

429 733 533 801 Nc
567 755 796 825 rapere
831 731 1006 800 hanc
1041 733 1332 801 animam
1373 730 1626 802 crudeli
1662 734 1839 804 caede
1880 735 2114 806 velitis,

434 844 594 910 Haec
617 830 756 936 'pro
795 865 1102 910 concessa
1139 841 1432 912 referetis
1468 842 1645 936 dona
1680 843 1919 928 salute,

434 950 804 1022 Consilium
843 952 1092 1021 Priami
1127 953 1326 1046 regis,
1359 977 1633 1048 remque
1668 955 1905 1024 ordine
1942 959 2159 1052 gentis

434 1061 802 1156 Expediam
837 1061 1140 1156 Phrygias
1167 1091 1220 1130 n.
1267 1064 1623 1156 Postquam
1669 1066 1834 1160 quid
1867 1069 2069 1161 Troja
2111 1087 2381 1163 pararet

435 1173 824 1266 Cognovere.
861 1172 1011 1256 viri,
1051 1172 1270 1241 fauces
1305 1198 1627 1244 mucrone
1666 1175 1950 1247 reclusas
2388 1207 2463 1259 73.

434 1281 824 1351 Detrudunt
852 1283 1138 1375 juvenis.
1182 1284 1344 1352 Post
1376 1283 1519 1354 haec
1564 1288 1849 1356 tentoria
1886 1290 2087 1359 Rhesi

437 1397 698 1485 Intrant
719 1445 738 1478 ‚
775 1407 974 1486 atque
1009 1394 1228 1488 ipsum
1266 1417 1503 1462 somno
1538 1396 1827 1490 vinoque
1862 1399 2195 1495 sepultum

413 1583 533 1654 725.
556 1589 647 1635 Per
671 1585 794 1634 Dicis
807 1585 1022 1654 fluctus,
1041 1602 1136 1656 per
1161 1585 1322 1656 Styga
1341 1624 1358 1650 ‚

338 1663 420 1715 vel
461 1683 555 1735 per
594 1663 812 1716 flumina
853 1662 1019 1717 infera
1038 1702 1054 1728 ,
1094 1675 1152 1716 ut
1181 1665 1327 1736 jurat
1342 1699 1358 1724 ‚

336 1743 478 1813 apud
497 1743 770 1810 Ovidium,
787 1743 914 1795 Met.
927 1743 976 1806 Ι,
997 1743 1118 1812 187,
1134 1743 1356 1814 Jupiter.

292 1861 302 1867 ‚
341 1823 538 1876 -Lacus
557 1823 686 1876 Ditis
703 1841 898 1894 opacos
911 1847 933 1869 ι
948 1819 1224 1893 dicitVi'rg.
1237 1821 1355 1875 Cul.

339 1901 459 1972 371.
492 1903 800 1955 Obtestandi
835 1901 945 1954 haec
983 1901 1211 1953 formula
1249 1912 1354 1966 est,

335 1981 510 2052 qualis
526 1979 738 2055 jurandi
759 1980 898 2053 apud
917 1979 1073 2033 Ovid.
1093 1980 1254 2032 Trist.
1273 1979 1354 2045 11,

337 2061 402 2112 53
423 2079 438 2114 τ
460 2087 485 2106 σι
499 2061 596 2114 Per
617 2081 760 2114 mare
774 2099 790 2128 ,
807 2080 904 2133 per
924 2073 1114 2126 terras,
1133 2077 1230 2132 per
1250 2071 1352 2112 ter·

335 2139 404 2192 tia
435 2139 656 2194 numina
682 2143 805 2212 juro
824 2166 864 2191 -.

405 2223 524 2290 7²6.
540 2225 618 2272 Ne
635 2239 806 2288 rapere
821 2223 968 2272 hanc.
987 2217 1213 2272 Ovidius
1226 2219 1352 2270 «eri-

332 2317 458 2370 pere
483 2298 712 2350 animam
729 2323 752 2342 ι·
769 2339 782 2363 ,
802 2299 931 2350 Met.
953 2297 1032 2348 VI
1048 2335 1063 2360 ,
1087 2296 1205 2361 540.

405 2395 522 2447 7²7·
551 2383 697 2428 Dona
721 2381 894 2428 salute.
923 2375 1046 2428 Post
1072 2374 1216 2427 hunc
1237 2393 1351 2427 ver·

333 2475 450 2508 snm
479 2456 536 2508 in
563 2453 628 2507 G.
661 2475 687 2506 2
715 2455 804 2506 hic
829 2453 1116 2511 intruditur
1143 2451 1351 2524 ineptis-

330 2535 496 2588 sime:
515 2540 579 2586 Ee
591 2538 780 2586 lassata
799 2535 916 2589 meis
929 2535 1146 2584 tiendum
1167 2537 1350 2584 satiata

332 2615 548 2666 remisit:
573 2613 667 2684 qui
706 2611 934 2681 'fortasse
983 2623 1100 2682 post
1142 2631 1351 2665 versum

331 2693 437 2764 718
458 2691 614 2763 poni,
635 2702 792 2762 atque
817 2709 938 2742 eum
965 2689 1236 2743 declarare
1259 2690 1349 2744 de-

331 2771 478 2834 buit3
508 2769 598 2824 sed
614 2809 628 2834 ,
659 2782 717 2822 ut
760 2767 1020 2840 suspicor,
1065 2769 1131 2824 ab
1171 2770 1349 2840 inepto

331 2851 644 2905 scholastico
687 2867 748 2902 ex
791 2847 894 2900 hoc
940 2846 1202 2900 Juvenalis
1236 2848 1316 2901 VI
1331 2891 1346 2915 ,

341 2949 436 2999 ¹²9
452 2972 467 2997 ‚
488 2931 740 2984 formatus
761 2939 867 2981 est:
893 2953 915 2973 ι
934 2926 1005 2978 Et
1023 2927 1204 2979 lassata
1227 2928 1353 2981 viris

333 3009 566 3062 necdum
586 3009 770 3061 satiata
805 3007 1015 3059 recessit
1028 3032 1068 3058 n.

405 3091 526 3158 728.
579 3090 842 3140 Concilium
886 3087 1068 3137 Priami
1116 3086 1350 3158 plerique

279 3159 286 3172 ⁸
331 3168 542 3242 legunt3
575 3169 831 3220 Consilium
860 3165 1176 3236 Lipsiensis,
1205 3165 1349 3236 quod

330 3245 621 3318 praeserend
629 3265 716 3298 um
744 3245 971 3298 videtur.
1001 3247 1182 3295 Priami
1214 3265 1347 3313 pan·

332 3330 466 3381 dam.
486 3327 551 3378 H.

406 3424 524 3476 7²9·
552 3407 684 3474 Quid
702 3406 847 3473 Troja
864 3416 1080 3472 pararet.
1103 3401 1349 3455 Barthius

334 3483 470 3537 Λᾶν.
487 3484 699 3548 LVIII,
714 3489 776 3547 1⁴
793 3501 872 3554 ,p.
892 3481 1048 3554 2752,
1063 3481 1348 3553 putst‘I'ro-

329 3567 439 3636 jain
458 3582 556 3636 pro
573 3561 814 3634 Trojanis
829 3561 1134 3632 proceribus
1153 3578 1256 3613 non
1275 3579 1349 3612 sa-

330 3643 400 3696 tis
417 3643 634 3714 pulchre
653 3641 848 3695 dictam
863 3661 990 3696 esse.
1013 3641 1170 3713 Atqui
1187 3641 1348 3693 verba

328 3721 444 3775 hoec
469 3733 591 3774 sunt
616 3723 683 3775 ab
707 3721 904 3774 ovidio
931 3727 1167 3772 mutuata
1183 3760 1199 3785 ,
1222 3719 1346 3771 Met.

331 3803 466 3856 XIII
488 3843 504 3868 ,
546 3808 645 3865 244
666 3807 680 3869 ’,
717 3801 810 3854 ubi
851 3801 1064 3872 Ulysses
1109 3798 1348 3852 eamdem

331 3901 444 3934 rem
472 3894 708 3935 enarrat:
731 3881 970 3932 «Ausum
998 3879 1207 3944 eadem,
1234 3897 1349 3950 quae

333 3981 457 4027 nos,
481 3959 709 4031 Phrygia
745 3959 812 4012 de
836 3971 992 4030 gente
1022 3959 1220 4010 Dolona
1257 3957 1348 4008 In-

334 4042 524 4093 terimo
547 4060 563 4105 ;
603 4058 709 4091 non
763 4051 884 4092 ante
935 4051 1107 4090 tamen
1134 4075 1150 4100 ,
1190 4055 1350 4110 quam

334 4131 524 4172 cuncta
559 4119 706 4190 coegi
733 4117 996 4180 Prodere,
1033 4129 1084 4170 et
1124 4115 1349 4178 edidici,

539 4213 683 4278 Ill.

1445 1583 1577 1655 quid
1603 1585 1803 1656 perfida
1828 1587 1992 1660 Troja
2018 1600 2244 1661 pararet.
2272 1590 2465 1643 Omnis

1446 1681 1732 1736 cognoram
1755 1691 1798 1716 n.

1520 1745 1642 1811 730.
1670 1747 1856 1795 Fauces
1886 1765 2115 1798 mucrone
2141 1752 2341 1800 recluso.
2381 1747 2467 1802 Sic

1443 1820 1602 1874 Basil.
1626 1821 1836 1888 Torini,
1864 1823 1957 1876 sed
1978 1827 2040 1876 A.
2070 1837 2123 1877 et
2148 1827 2208 1879 L.
2238 1845 2469 1879 mucrone

1443 1901 1625 1968 refulso
1651 1919 1748 1971 pro
1774 1907 1977 1954 mulso.
2002 1905 2221 1958 Dubitat
2250 1909 2373 1960 Ant.
2403 1913 2467 1959 de

1440 1981 1592 2044 Boos,
1618 1979 1652 2030 1.
1688 1998 1734 2033 c.
1762 1999 1815 2052 p.
1852 1982 1919 2049 98
1939 2021 1954 2048 ,
1983 1993 2160 2036 utrum
2195 1991 2251 2042 τὸ
2278 1992 2467 2039 recluso

1438 2057 1659 2110 retineat
1672 2099 1687 2124 ,
1706 2077 1773 2111 an
1796 2077 1923 2113 vero
1948 2073 2113 2115 mutet
2132 2061 2188 2116 in
2211 2071 2429 2118 reclusas
2446 2107 2462 2128 ‚

1437 2135 1583 2207 quod
1622 2138 1903 2210 utriusque
1938 2138 2191 2211 phraseos
2225 2146 2463 2217 exempla

1436 2215 1666 2286 proferri
1690 2231 1931 2289 possunt.
1957 2217 2073 2292 Ego
2097 2240 2221 2275 vero
2244 2230 2465 2279 reclusas

1437 2311 1638 2366 ponere
1681 2315 1791 2350 non
1836 2297 2103 2366 dubitem,
2142 2313 2233 2354 aut
2278 2306 2461 2376 potius

1439 2379 1654 2424 revulsas
1672 2394 1701 2427 e
1720 2389 1970 2448 corrupto
1989 2380 2189 2446 resulw,
2207 2385 2458 2451 qnoniam

1439 2455 1654 2528 reclusas
1682 2453 1859 2506 Guelf.
1891 2471 1913 2507 1
1940 2453 2129 2510 diserte
2150 2459 2383 2530 praefert,
2411 2475 2463 2514 et

1437 2531 1695 2583 sententia
1710 2533 1940 2586 auctoris
1956 2536 2222 2604 postulare
2238 2538 2459 2593 videtur.

1436 2607 1574 2662 Nam
1615 2611 1852 2663 existimo
1891 2611 2106 2684 phrasin
2131 2617 2319 2684 fauces
2354 2639 2459 2672 mn-

1437 2707 1585 2740 crone
1606 2694 1822 2741 reclusas
1843 2692 1929 2744 vel
1947 2698 2162 2745 revulsas
2191 2701 2464 2751 Detmdum

1435 2767 1731 2838 significare
1756 2781 1917 2840 caput
1940 2772 2163 2825 Dolonis
2181 2813 2196 2836 ,
2224 2777 2455 2832 rescissis

1439 2845 1960 2919 faucibus,dejectum
1976 2868 2197 2922 corpore
2211 2871 2339 2921 esse,
2350 2875 2461 2929 quo

1440 2925 1603 2980 modo
1636 2943 1755 2979 eum
1794 2927 2171 2982 obtruncatum
2203 2953 2315 2986 esse
2346 2953 2455 2989 me·

1439 3019 1611 3057 morat
1630 3007 1907 3071 Homerus,
1924 3005 2076 3060 Iliad.
2107 3011 2184 3075 X,
2210 3013 2313 3076 455
2345 3033 2453 3086 seq.

1439 3085 1607 3138 -Sic
1624 3088 1831 3154 jugulos
1856 3088 2044 3152 aperire
2069 3085 2198 3141 dixit
2223 3091 2455 3147 Juvena-

1437 3164 1530 3230 lis,
1546 3163 1656 3216 Sat.
1680 3165 1774 3215 lv,
1794 3164 1859 3215 Et
1878 3163 2059 3218 Horat.
2078 3167 2247 3239 Epod.
2270 3171 2425 3226 xvn
2441 3216 2457 3240 ,

1442 3261 1505 3314 7¹
1530 3263 1545 3293 ε
1568 3241 1769 3295 «Modo
1801 3261 1923 3294 ense
1949 3257 2133 3315 pectus
2160 3247 2352 3303 Norico
2380 3272 2456 3305 re·

1437 3321 1649 3376 cludere
1664 3346 1705 3372 »-
1728 3322 1833 3374 En.
1852 3353 1919 3362 —-·
1934 3323 2120 3395 Itaque
2142 3329 2349 3382 retineri
2367 3351 2457 3403 po-

1435 3415 1541 3455 test
1552 3403 1764 3454 verbum
1775 3406 2059 3466 detrudunt,
2076 3404 2109 3458 i.
2123 3425 2165 3456 e.
2185 3405 2452 3480 dejiciunt,

1431 3501 1533 3556 pro
1558 3500 1697 3554 quo,
1721 3481 1843 3533 alias
1874 3485 2049 3534 minus
2080 3485 2269 3552 obvio,
2288 3489 2353 3541 cl.
2388 3489 2457 3543 de

1433 3563 1584 3633 Rooy
1598 3565 1905 3624 decuma-ant,
1921 3571 1971 3613 et
1987 3563 2291 3624 Dussenius,
2303 3585 2355 3636 p.
2371 3569 2455 3638 37,

1429 3645 1719 3710 pet-trudunt
1742 3657 1996 3711 reponere
2018 3641 2223 3695 volunt.

1513 3719 1747 3784 731.Pro
1765 3723 2056 3778 Detrudunt,
2080 3721 2223 3791 quod
2241 3723 2293 3774 in
2312 3727 2372 3776 Α.
2386 3727 2447 3780 L.

1437 3811 1488 3851 et
1514 3799 1576 3851 T.
1600 3813 1675 3852 est
1691 3839 1706 3862 ‚
1734 3798 1953 3851 Helmst.
1978 3803 2265 3852 Recludune.
2296 3803 2451 3856 Unde
2561 3791 2569 3797 ¹

1437 3877 1573 3930 forte
1591 3877 1875 3950 legendum
1897 3888 2007 3929 erat
2016 3877 2202 3944 fauces
2226 3897 2454 3933 'auct-oue

1437 3973 1622 4008 reencso
1640 3955 1849 4024 (abdito
1861 3994 1875 4017 ,
1899 3953 2147 4023 condito)
2166 3961 2437 4012 Res-ludunt

1439 4067 1509 4076 -
1527 4035 1593 4088 Et
1632 4037 1851 4088 verbum
1882 4037 2151 4084 Deemdum
2180 4040 2455 4107 repetitum

1438 4114 1647 4166 videtur
1672 4114 1866 4182 eVirg.
1892 4116 2008 4168 AEn.
2032 4113 2129 4174 lx,
2152 4119 2284 4182 496:
2312 4145 2335 4163 α
2352 4131 2467 4171 tuo-

2098 4201 2184 4299 37
