<?xml version="1.0" encoding="UTF-8"?>
<!DOCTYPE html PUBLIC "-//W3C//DTD XHTML 1.0 Transitional//EN"
    "http://www.w3.org/TR/xhtml1/DTD/xhtml1-transitional.dtd">
<html xmlns="http://www.w3.org/1999/xhtml" xml:lang="en" lang="en">
 <head>
  <title>
</title>
<meta http-equiv="Content-Type" content="text/html;charset=utf-8" />
  <meta name='ocr-system' content='tesseract 3.04.00' />
  <meta name='ocr-capabilities' content='ocr_page ocr_carea ocr_par ocr_line ocrx_word'/>
</head>
<body>
  <div class='ocr_page' id='page_1' title='image "./poetaelatinimin00unkngoog_0518.png"; bbox 0 0 2975 4684; ppageno 0'>
   <div class='ocr_carea' id='block_1_1' title="bbox 439 350 2519 448">
    <p class='ocr_par' dir='ltr' id='par_1_1' title="bbox 439 350 2519 448">
     <span class='ocr_line' id='line_1_1' title="bbox 439 350 2519 448; baseline 0.002 -31"><span class='ocrx_word' id='word_1_1' title='bbox 439 350 998 420; x_wconf 83' lang='lat' dir='ltr'><strong>TESTIMONIA</strong></span> <span class='ocrx_word' id='word_1_2' title='bbox 1033 350 1299 419; x_wconf 86' lang='lat' dir='ltr'><strong>AUCT.</strong></span> <span class='ocrx_word' id='word_1_3' title='bbox 1347 350 1467 416; x_wconf 89' lang='lat' dir='ltr'>DE</span> <span class='ocrx_word' id='word_1_4' title='bbox 1508 350 1907 417; x_wconf 86' lang='lat' dir='ltr'><strong>EPITOME</strong></span> <span class='ocrx_word' id='word_1_5' title='bbox 1946 352 2341 420; x_wconf 86' lang='lat' dir='ltr'><strong>ILIADOS.</strong></span> <span class='ocrx_word' id='word_1_6' title='bbox 2376 352 2519 448; x_wconf 84' lang='lat'>509</span> 
     </span>
    </p>
   </div>
   <div class='ocr_carea' id='block_1_2' title="bbox 669 476 2516 636">
    <p class='ocr_par' dir='ltr' id='par_1_2' title="bbox 669 476 2516 636">
     <span class='ocr_line' id='line_1_2' title="bbox 669 476 2516 549; baseline 0 -18"><span class='ocrx_word' id='word_1_7' title='bbox 669 478 768 531; x_wconf 84' lang='lat' dir='ltr'>Hic</span> <span class='ocrx_word' id='word_1_8' title='bbox 792 478 952 531; x_wconf 81' lang='lat' dir='ltr'>fontis</span> <span class='ocrx_word' id='word_1_9' title='bbox 977 478 1118 531; x_wconf 69' lang='lat' dir='ltr'>lacus</span> <span class='ocrx_word' id='word_1_10' title='bbox 1141 489 1218 529; x_wconf 87' lang='lat' dir='ltr'>est</span> <span class='ocrx_word' id='word_1_11' title='bbox 1243 494 1256 529; x_wconf 93' lang='lat'><strong>:</strong></span> <span class='ocrx_word' id='word_1_12' title='bbox 1281 476 1392 529; x_wconf 85' lang='lat' dir='ltr'>illic</span> <span class='ocrx_word' id='word_1_13' title='bbox 1417 476 1561 529; x_wconf 84' lang='lat' dir='ltr'>sinus</span> <span class='ocrx_word' id='word_1_14' title='bbox 1585 478 1749 547; x_wconf 74' lang='lat' dir='ltr'>egerit</span> <span class='ocrx_word' id='word_1_15' title='bbox 1776 478 1949 549; x_wconf 74' lang='lat' dir='ltr'>algas:</span> <span class='ocrx_word' id='word_1_16' title='bbox 2494 504 2516 540; x_wconf 72' lang='grc' dir='ltr'>ς</span> 
     </span>
     <span class='ocr_line' id='line_1_3' title="bbox 741 564 1905 636; baseline 0 -17"><span class='ocrx_word' id='word_1_17' title='bbox 741 566 841 620; x_wconf 81' lang='lat' dir='ltr'>Hic</span> <span class='ocrx_word' id='word_1_18' title='bbox 862 567 1020 621; x_wconf 76' lang='lat' dir='ltr'>statio</span> <span class='ocrx_word' id='word_1_19' title='bbox 1037 577 1116 619; x_wconf 80' lang='lat' dir='ltr'>est</span> <span class='ocrx_word' id='word_1_20' title='bbox 1139 566 1310 619; x_wconf 75' lang='lat' dir='ltr'>tacitis</span> <span class='ocrx_word' id='word_1_21' title='bbox 1325 566 1510 636; x_wconf 82' lang='lat' dir='ltr'>juncta</span> <span class='ocrx_word' id='word_1_22' title='bbox 1532 564 1905 636; x_wconf 73' lang='lat' dir='ltr'><strong>crepidinibus.</strong></span> 
     </span>
    </p>
   </div>
   <div class='ocr_carea' id='block_1_3' title="bbox 391 745 1412 4143">
    <p class='ocr_par' dir='ltr' id='par_1_3' title="bbox 391 745 1412 4143">
     <span class='ocr_line' id='line_1_4' title="bbox 391 745 1408 823; baseline -0.004 -20"><span class='ocrx_word' id='word_1_23' title='bbox 391 745 523 823; x_wconf 73' lang='lat' dir='ltr'>liger</span> <span class='ocrx_word' id='word_1_24' title='bbox 549 750 604 803; x_wconf 88' lang='lat' dir='ltr'>in</span> <span class='ocrx_word' id='word_1_25' title='bbox 629 750 866 822; x_wconf 69' lang='lat' dir='ltr'>margine</span> <span class='ocrx_word' id='word_1_26' title='bbox 893 760 1166 803; x_wconf 77' lang='lat' dir='ltr'>notaverat</span> <span class='ocrx_word' id='word_1_27' title='bbox 1196 768 1306 800; x_wconf 78' lang='lat' dir='ltr'>rure</span> <span class='ocrx_word' id='word_1_28' title='bbox 1331 768 1408 799; x_wconf 78' lang='lat' dir='ltr'>so·</span> 
     </span>
     <span class='ocr_line' id='line_1_5' title="bbox 393 828 1410 901; baseline -0.001 -20"><span class='ocrx_word' id='word_1_29' title='bbox 393 834 528 881; x_wconf 75' lang='lat' dir='ltr'>lebat</span> <span class='ocrx_word' id='word_1_30' title='bbox 549 834 686 884; x_wconf 77' lang='lat' dir='ltr'>Ilias.</span> <span class='ocrx_word' id='word_1_31' title='bbox 716 828 1108 901; x_wconf 61' lang='lat' dir='ltr'>lindenbrogio</span> <span class='ocrx_word' id='word_1_32' title='bbox 1137 828 1410 881; x_wconf 70' lang='lat' dir='ltr'>videbatur</span> 
     </span>
     <span class='ocr_line' id='line_1_6' title="bbox 393 909 1410 980; baseline 0 -21"><span class='ocrx_word' id='word_1_33' title='bbox 393 909 494 979; x_wconf 76' lang='lat' dir='ltr'>legi</span> <span class='ocrx_word' id='word_1_34' title='bbox 519 928 673 980; x_wconf 86' lang='lat' dir='ltr'>posse</span> <span class='ocrx_word' id='word_1_35' title='bbox 691 912 883 961; x_wconf 78' lang='lat' dir='ltr'>Naidas</span> <span class='ocrx_word' id='word_1_36' title='bbox 915 924 1112 961; x_wconf 76' lang='lat' dir='ltr'>amata</span> <span class='ocrx_word' id='word_1_37' title='bbox 1147 910 1410 960; x_wconf 80' lang='lat' dir='ltr'>sollicitare</span> 
     </span>
     <span class='ocr_line' id='line_1_7' title="bbox 392 986 1411 1041; baseline 0 -2"><span class='ocrx_word' id='word_1_38' title='bbox 392 1008 558 1039; x_wconf 75' lang='lat' dir='ltr'>manea.</span> <span class='ocrx_word' id='word_1_39' title='bbox 580 986 840 1041; x_wconf 83' lang='lat' dir='ltr'>Christius</span> <span class='ocrx_word' id='word_1_40' title='bbox 863 990 919 1041; x_wconf 86' lang='lat' dir='ltr'>in</span> <span class='ocrx_word' id='word_1_41' title='bbox 945 988 1180 1040; x_wconf 86' lang='lat' dir='ltr'>Excursu</span> <span class='ocrx_word' id='word_1_42' title='bbox 1204 986 1273 1041; x_wconf 77' lang='lat' dir='ltr'>ad</span> <span class='ocrx_word' id='word_1_43' title='bbox 1296 986 1411 1039; x_wconf 84' lang='lat' dir='ltr'>Vil-</span> 
     </span>
     <span class='ocr_line' id='line_1_8' title="bbox 393 1066 1408 1136; baseline 0.001 -20"><span class='ocrx_word' id='word_1_44' title='bbox 393 1066 602 1136; x_wconf 77' lang='lat' dir='ltr'>latic.·p.</span> <span class='ocrx_word' id='word_1_45' title='bbox 629 1084 753 1135; x_wconf 73' lang='lat'>270,</span> <span class='ocrx_word' id='word_1_46' title='bbox 771 1076 938 1120; x_wconf 70' lang='lat' dir='ltr'>tentat</span> <span class='ocrx_word' id='word_1_47' title='bbox 958 1084 972 1118; x_wconf 73' lang='grc' dir='ltr'><strong><em>ε</em></strong></span> <span class='ocrx_word' id='word_1_48' title='bbox 1015 1070 1110 1119; x_wconf 72' lang='lat' dir='ltr'>liae</span> <span class='ocrx_word' id='word_1_49' title='bbox 1133 1070 1408 1133; x_wconf 76' lang='lat' dir='ltr'>quondam,</span> 
     </span>
     <span class='ocr_line' id='line_1_9' title="bbox 392 1144 1410 1216; baseline 0.002 -21"><span class='ocrx_word' id='word_1_50' title='bbox 392 1165 530 1204; x_wconf 79' lang='lat' dir='ltr'>rure,</span> <span class='ocrx_word' id='word_1_51' title='bbox 561 1148 772 1197; x_wconf 75' lang='lat' dir='ltr'>solebam</span> <span class='ocrx_word' id='word_1_52' title='bbox 795 1148 970 1198; x_wconf 80' lang='lat' dir='ltr'>Iliade.</span> <span class='ocrx_word' id='word_1_53' title='bbox 989 1144 1410 1216; x_wconf 77' lang='lat' dir='ltr'>Ingeniosissime</span> 
     </span>
     <span class='ocr_line' id='line_1_10' title="bbox 393 1222 1408 1295; baseline 0.002 -20"><span class='ocrx_word' id='word_1_54' title='bbox 393 1222 632 1276; x_wconf 80' lang='lat' dir='ltr'>Heinsius</span> <span class='ocrx_word' id='word_1_55' title='bbox 659 1224 714 1276; x_wconf 87' lang='lat' dir='ltr'>in</span> <span class='ocrx_word' id='word_1_56' title='bbox 740 1224 1019 1295; x_wconf 79' lang='lat' dir='ltr'>exemplari</span> <span class='ocrx_word' id='word_1_57' title='bbox 1045 1242 1140 1276; x_wconf 87' lang='lat' dir='ltr'>suo</span> <span class='ocrx_word' id='word_1_58' title='bbox 1160 1222 1408 1277; x_wconf 76' lang='lat' dir='ltr'>emenda·</span> 
     </span>
     <span class='ocr_line' id='line_1_11' title="bbox 393 1302 1410 1371; baseline -0.002 -16"><span class='ocrx_word' id='word_1_59' title='bbox 393 1302 504 1356; x_wconf 73' lang='lat' dir='ltr'>vit:</span> <span class='ocrx_word' id='word_1_60' title='bbox 530 1306 621 1354; x_wconf 73' lang='lat' dir='ltr'>hoc</span> <span class='ocrx_word' id='word_1_61' title='bbox 641 1307 888 1371; x_wconf 82' lang='lat' dir='ltr'>quondam</span> <span class='ocrx_word' id='word_1_62' title='bbox 909 1324 1019 1356; x_wconf 80' lang='lat' dir='ltr'>rure</span> <span class='ocrx_word' id='word_1_63' title='bbox 1038 1306 1250 1355; x_wconf 77' lang='lat' dir='ltr'><em>solebam</em></span> <span class='ocrx_word' id='word_1_64' title='bbox 1265 1304 1410 1369; x_wconf 73' lang='lat' dir='ltr'>Phyl-</span> 
     </span>
     <span class='ocr_line' id='line_1_12' title="bbox 393 1385 1408 1435; baseline -0.002 -2"><span class='ocrx_word' id='word_1_65' title='bbox 393 1385 518 1435; x_wconf 80' lang='lat' dir='ltr'>lidos</span> <span class='ocrx_word' id='word_1_66' title='bbox 579 1386 808 1435; x_wconf 66' lang='lat' dir='ltr'>hamulas</span> <span class='ocrx_word' id='word_1_67' title='bbox 871 1387 1134 1435; x_wconf 79' lang='lat' dir='ltr'>sollicitare</span> <span class='ocrx_word' id='word_1_68' title='bbox 1185 1402 1358 1434; x_wconf 79' lang='lat' dir='ltr'>numus</span> <span class='ocrx_word' id='word_1_69' title='bbox 1391 1403 1408 1431; x_wconf 89' lang='lat'>.-</span> 
     </span>
     <span class='ocr_line' id='line_1_13' title="bbox 395 1461 1406 1533; baseline -0.003 -19"><span class='ocrx_word' id='word_1_70' title='bbox 395 1461 488 1533; x_wconf 84' lang='lat' dir='ltr'>qni</span> <span class='ocrx_word' id='word_1_71' title='bbox 513 1474 688 1514; x_wconf 75' lang='lat' dir='ltr'>tamen</span> <span class='ocrx_word' id='word_1_72' title='bbox 714 1462 770 1515; x_wconf 87' lang='lat' dir='ltr'>in</span> <span class='ocrx_word' id='word_1_73' title='bbox 802 1464 941 1515; x_wconf 87' lang='lat' dir='ltr'>notis</span> <span class='ocrx_word' id='word_1_74' title='bbox 978 1462 1046 1515; x_wconf 76' lang='lat' dir='ltr'>ad</span> <span class='ocrx_word' id='word_1_75' title='bbox 1075 1463 1232 1516; x_wconf 79' lang='lat' dir='ltr'>ovid.</span> <span class='ocrx_word' id='word_1_76' title='bbox 1269 1462 1406 1513; x_wconf 72' lang='lat' dir='ltr'>Fut.</span> 
     </span>
     <span class='ocr_line' id='line_1_14' title="bbox 394 1538 1409 1615; baseline -0.002 -21"><span class='ocrx_word' id='word_1_77' title='bbox 394 1543 432 1594; x_wconf 92' lang='lat' dir='ltr'>l.</span> <span class='ocrx_word' id='word_1_78' title='bbox 452 1562 498 1595; x_wconf 89' lang='lat' dir='ltr'>c.</span> <span class='ocrx_word' id='word_1_79' title='bbox 519 1557 738 1596; x_wconf 73' lang='lat' dir='ltr'>amatas</span> <span class='ocrx_word' id='word_1_80' title='bbox 759 1542 988 1595; x_wconf 83' lang='lat' dir='ltr'>retinuit.</span> <span class='ocrx_word' id='word_1_81' title='bbox 1011 1542 1108 1595; x_wconf 80' lang='lat' dir='ltr'>Hic</span> <span class='ocrx_word' id='word_1_82' title='bbox 1136 1543 1294 1615; x_wconf 79' lang='lat' dir='ltr'>igitur</span> <span class='ocrx_word' id='word_1_83' title='bbox 1320 1538 1409 1592; x_wconf 52' lang='lat' dir='ltr'>de</span> 
     </span>
     <span class='ocr_line' id='line_1_15' title="bbox 395 1622 1404 1693; baseline 0.001 -18"><span class='ocrx_word' id='word_1_84' title='bbox 395 1622 552 1675; x_wconf 81' lang='lat' dir='ltr'>scribi</span> <span class='ocrx_word' id='word_1_85' title='bbox 583 1622 816 1693; x_wconf 73' lang='lat' dir='ltr'>putavit,</span> <span class='ocrx_word' id='word_1_86' title='bbox 852 1641 970 1693; x_wconf 72' lang='lat' dir='ltr'>quie</span> <span class='ocrx_word' id='word_1_87' title='bbox 1007 1622 1189 1676; x_wconf 79' lang='lat' dir='ltr'>Horat.</span> <span class='ocrx_word' id='word_1_88' title='bbox 1227 1622 1404 1677; x_wconf 80' lang='lat' dir='ltr'>Csrm.</span> 
     </span>
     <span class='ocr_line' id='line_1_16' title="bbox 395 1698 1408 1773; baseline 0.005 -21"><span class='ocrx_word' id='word_1_89' title='bbox 395 1702 423 1752; x_wconf 93' lang='lat'>1</span> <span class='ocrx_word' id='word_1_90' title='bbox 438 1741 454 1767; x_wconf 88' lang='lat'>,</span> <span class='ocrx_word' id='word_1_91' title='bbox 471 1704 534 1766; x_wconf 90' lang='lat'>6,</span> <span class='ocrx_word' id='word_1_92' title='bbox 557 1698 688 1753; x_wconf 90' lang='lat' dir='ltr'>dicit</span> <span class='ocrx_word' id='word_1_93' title='bbox 711 1726 738 1747; x_wconf 72' lang='lat' dir='ltr'>u</span> <span class='ocrx_word' id='word_1_94' title='bbox 758 1702 937 1773; x_wconf 71' lang='lat' dir='ltr'>praelia</span> <span class='ocrx_word' id='word_1_95' title='bbox 957 1700 1218 1773; x_wconf 79' lang='lat' dir='ltr'>virginum</span> <span class='ocrx_word' id='word_1_96' title='bbox 1245 1704 1408 1757; x_wconf 88' lang='lat' dir='ltr'>Sectis</span> 
     </span>
     <span class='ocr_line' id='line_1_17' title="bbox 397 1779 1408 1853; baseline 0.005 -22"><span class='ocrx_word' id='word_1_97' title='bbox 397 1779 457 1833; x_wconf 88' lang='lat' dir='ltr'>in</span> <span class='ocrx_word' id='word_1_98' title='bbox 479 1784 696 1853; x_wconf 78' lang='lat' dir='ltr'>juvenes</span> <span class='ocrx_word' id='word_1_99' title='bbox 719 1782 984 1851; x_wconf 79' lang='lat' dir='ltr'>unguibus</span> <span class='ocrx_word' id='word_1_100' title='bbox 1005 1782 1202 1834; x_wconf 79' lang='lat' dir='ltr'>acrium</span> <span class='ocrx_word' id='word_1_101' title='bbox 1223 1808 1264 1835; x_wconf 76' lang='grc' dir='ltr'>ιι.</span> <span class='ocrx_word' id='word_1_102' title='bbox 1305 1782 1408 1836; x_wconf 80' lang='lat' dir='ltr'>sed</span> 
     </span>
     <span class='ocr_line' id='line_1_18' title="bbox 395 1858 1410 1932; baseline 0.003 -21"><span class='ocrx_word' id='word_1_103' title='bbox 395 1858 480 1912; x_wconf 84' lang='lat' dir='ltr'>his</span> <span class='ocrx_word' id='word_1_104' title='bbox 517 1860 734 1932; x_wconf 75' lang='lat' dir='ltr'>argutiis</span> <span class='ocrx_word' id='word_1_105' title='bbox 765 1880 874 1913; x_wconf 86' lang='lat' dir='ltr'>nou</span> <span class='ocrx_word' id='word_1_106' title='bbox 907 1878 1040 1930; x_wconf 83' lang='lat' dir='ltr'>opus</span> <span class='ocrx_word' id='word_1_107' title='bbox 1075 1872 1166 1913; x_wconf 85' lang='lat' dir='ltr'>est.</span> <span class='ocrx_word' id='word_1_108' title='bbox 1198 1861 1410 1927; x_wconf 84' lang='lat' dir='ltr'>Teneo,</span> 
     </span>
     <span class='ocr_line' id='line_1_19' title="bbox 395 1938 1410 2011; baseline 0.001 -19"><span class='ocrx_word' id='word_1_109' title='bbox 395 1938 540 2011; x_wconf 85' lang='lat' dir='ltr'>quod</span> <span class='ocrx_word' id='word_1_110' title='bbox 549 1939 746 1993; x_wconf 82' lang='lat' dir='ltr'>Pitboeo</span> <span class='ocrx_word' id='word_1_111' title='bbox 763 1938 1092 1992; x_wconf 74' lang='lat' dir='ltr'>adsentiente</span> <span class='ocrx_word' id='word_1_112' title='bbox 1109 1938 1275 2003; x_wconf 88' lang='lat' dir='ltr'>edidi,</span> <span class='ocrx_word' id='word_1_113' title='bbox 1290 1945 1410 1993; x_wconf 79' lang='lat' dir='ltr'>Ilia-</span> 
     </span>
     <span class='ocr_line' id='line_1_20' title="bbox 396 2018 1410 2088; baseline 0.004 -19"><span class='ocrx_word' id='word_1_114' title='bbox 396 2023 540 2079; x_wconf 74' lang='lat' dir='ltr'>dum,</span> <span class='ocrx_word' id='word_1_115' title='bbox 569 2028 620 2071; x_wconf 88' lang='lat' dir='ltr'>et</span> <span class='ocrx_word' id='word_1_116' title='bbox 643 2018 971 2088; x_wconf 84' lang='lat' dir='ltr'>interpretor,</span> <span class='ocrx_word' id='word_1_117' title='bbox 987 2030 1254 2071; x_wconf 75' lang='lat' dir='ltr'><strong>auctorem</strong></span> <span class='ocrx_word' id='word_1_118' title='bbox 1282 2020 1410 2073; x_wconf 87' lang='lat' dir='ltr'>olim</span> 
     </span>
     <span class='ocr_line' id='line_1_21' title="bbox 395 2098 1408 2170; baseline 0.002 -21"><span class='ocrx_word' id='word_1_119' title='bbox 395 2116 518 2151; x_wconf 81' lang='lat' dir='ltr'>mre</span> <span class='ocrx_word' id='word_1_120' title='bbox 543 2116 640 2151; x_wconf 84' lang='lat' dir='ltr'>suo</span> <span class='ocrx_word' id='word_1_121' title='bbox 671 2098 866 2150; x_wconf 87' lang='lat' dir='ltr'>bellum</span> <span class='ocrx_word' id='word_1_122' title='bbox 886 2098 1176 2170; x_wconf 73' lang='lat' dir='ltr'>Trojanum</span> <span class='ocrx_word' id='word_1_123' title='bbox 1208 2117 1272 2151; x_wconf 84' lang='lat' dir='ltr'>ex</span> <span class='ocrx_word' id='word_1_124' title='bbox 1297 2098 1408 2151; x_wconf 87' lang='lat' dir='ltr'>Ho-</span> 
     </span>
     <span class='ocr_line' id='line_1_22' title="bbox 395 2174 1410 2247; baseline 0.002 -19"><span class='ocrx_word' id='word_1_125' title='bbox 395 2176 527 2229; x_wconf 81' lang='lat' dir='ltr'>meri</span> <span class='ocrx_word' id='word_1_126' title='bbox 563 2176 732 2229; x_wconf 75' lang='lat' dir='ltr'>Iliade</span> <span class='ocrx_word' id='word_1_127' title='bbox 775 2174 1106 2247; x_wconf 69' lang='lat' dir='ltr'>descripsisse</span> <span class='ocrx_word' id='word_1_128' title='bbox 1121 2216 1136 2241; x_wconf 89' lang='lat'>,</span> <span class='ocrx_word' id='word_1_129' title='bbox 1179 2188 1230 2229; x_wconf 86' lang='lat' dir='ltr'>et</span> <span class='ocrx_word' id='word_1_130' title='bbox 1265 2194 1410 2231; x_wconf 85' lang='lat' dir='ltr'>nnnc</span> 
     </span>
     <span class='ocr_line' id='line_1_23' title="bbox 397 2254 1408 2327; baseline 0.002 -20"><span class='ocrx_word' id='word_1_131' title='bbox 397 2272 517 2309; x_wconf 85' lang='lat' dir='ltr'>cum</span> <span class='ocrx_word' id='word_1_132' title='bbox 545 2267 786 2327; x_wconf 85' lang='lat' dir='ltr'>respectu</span> <span class='ocrx_word' id='word_1_133' title='bbox 811 2255 879 2308; x_wconf 80' lang='lat' dir='ltr'>sd</span> <span class='ocrx_word' id='word_1_134' title='bbox 901 2254 1190 2327; x_wconf 76' lang='lat' dir='ltr'>Odysseam</span> <span class='ocrx_word' id='word_1_135' title='bbox 1211 2256 1408 2309; x_wconf 80' lang='lat' dir='ltr'>Home·</span> 
     </span>
     <span class='ocr_line' id='line_1_24' title="bbox 395 2334 1409 2407; baseline 0.002 -20"><span class='ocrx_word' id='word_1_136' title='bbox 395 2336 442 2387; x_wconf 87' lang='lat' dir='ltr'>ri</span> <span class='ocrx_word' id='word_1_137' title='bbox 471 2335 791 2406; x_wconf 78' lang='lat' dir='ltr'>periculosas</span> <span class='ocrx_word' id='word_1_138' title='bbox 825 2335 1182 2406; x_wconf 73' lang='lat' dir='ltr'>navigationes</span> <span class='ocrx_word' id='word_1_139' title='bbox 1207 2334 1409 2407; x_wconf 82' lang='lat' dir='ltr'>Ulyssis</span> 
     </span>
     <span class='ocr_line' id='line_1_25' title="bbox 397 2413 1408 2485; baseline 0.003 -20"><span class='ocrx_word' id='word_1_140' title='bbox 397 2413 716 2467; x_wconf 82' lang='lat' dir='ltr'>contendere</span> <span class='ocrx_word' id='word_1_141' title='bbox 732 2432 854 2467; x_wconf 85' lang='lat' dir='ltr'>cum</span> <span class='ocrx_word' id='word_1_142' title='bbox 870 2414 994 2479; x_wconf 77' lang='lat' dir='ltr'>vita,</span> <span class='ocrx_word' id='word_1_143' title='bbox 1017 2432 1178 2485; x_wconf 79' lang='lat' dir='ltr'>quam</span> <span class='ocrx_word' id='word_1_144' title='bbox 1195 2414 1250 2467; x_wconf 87' lang='lat' dir='ltr'>in</span> <span class='ocrx_word' id='word_1_145' title='bbox 1269 2426 1408 2468; x_wconf 71' lang='lat' dir='ltr'>terra</span> 
     </span>
     <span class='ocr_line' id='line_1_26' title="bbox 399 2492 1406 2564; baseline 0.003 -20"><span class='ocrx_word' id='word_1_146' title='bbox 399 2506 520 2562; x_wconf 73' lang='lat' dir='ltr'>agat</span> <span class='ocrx_word' id='word_1_147' title='bbox 549 2493 844 2564; x_wconf 85' lang='lat' dir='ltr'>Penelope;</span> <span class='ocrx_word' id='word_1_148' title='bbox 885 2492 1127 2545; x_wconf 71' lang='lat' dir='ltr'>videatur</span> <span class='ocrx_word' id='word_1_149' title='bbox 1156 2512 1288 2547; x_wconf 78' lang='lat' dir='ltr'>vers.</span> <span class='ocrx_word' id='word_1_150' title='bbox 1313 2494 1406 2547; x_wconf 87' lang='lat' dir='ltr'>ult.</span> 
     </span>
     <span class='ocr_line' id='line_1_27' title="bbox 393 2570 1408 2645; baseline 0.002 -22"><span class='ocrx_word' id='word_1_151' title='bbox 393 2570 588 2623; x_wconf 87' lang='lat' dir='ltr'>Dicunt</span> <span class='ocrx_word' id='word_1_152' title='bbox 610 2582 776 2642; x_wconf 71' lang='lat' dir='ltr'>poetae</span> <span class='ocrx_word' id='word_1_153' title='bbox 795 2590 851 2623; x_wconf 88' lang='lat' dir='ltr'>se</span> <span class='ocrx_word' id='word_1_154' title='bbox 879 2570 1016 2643; x_wconf 87' lang='lat' dir='ltr'>ipsos</span> <span class='ocrx_word' id='word_1_155' title='bbox 1045 2572 1216 2625; x_wconf 74' lang='lat' dir='ltr'>facere</span> <span class='ocrx_word' id='word_1_156' title='bbox 1229 2612 1246 2639; x_wconf 87' lang='lat'>‚</span> <span class='ocrx_word' id='word_1_157' title='bbox 1264 2572 1408 2645; x_wconf 82' lang='lat' dir='ltr'>quod</span> 
     </span>
     <span class='ocr_line' id='line_1_28' title="bbox 397 2650 1410 2723; baseline 0.003 -21"><span class='ocrx_word' id='word_1_158' title='bbox 397 2650 468 2702; x_wconf 77' lang='lat' dir='ltr'>ab</span> <span class='ocrx_word' id='word_1_159' title='bbox 505 2650 618 2703; x_wconf 76' lang='lat' dir='ltr'>aliis</span> <span class='ocrx_word' id='word_1_160' title='bbox 657 2651 856 2703; x_wconf 78' lang='lat' dir='ltr'>factum</span> <span class='ocrx_word' id='word_1_161' title='bbox 895 2650 1228 2719; x_wconf 82' lang='lat' dir='ltr'>describunt,</span> <span class='ocrx_word' id='word_1_162' title='bbox 1263 2651 1410 2723; x_wconf 84' lang='lat' dir='ltr'>quod</span> 
     </span>
     <span class='ocr_line' id='line_1_29' title="bbox 397 2728 1408 2785; baseline 0.002 -4"><span class='ocrx_word' id='word_1_163' title='bbox 397 2746 458 2781; x_wconf 83' lang='lat' dir='ltr'>ex</span> <span class='ocrx_word' id='word_1_164' title='bbox 487 2728 778 2781; x_wconf 79' lang='lat' dir='ltr'>innumeris</span> <span class='ocrx_word' id='word_1_165' title='bbox 808 2748 992 2783; x_wconf 83' lang='lat' dir='ltr'>eorum</span> <span class='ocrx_word' id='word_1_166' title='bbox 1030 2730 1157 2783; x_wconf 87' lang='lat' dir='ltr'>locis</span> <span class='ocrx_word' id='word_1_167' title='bbox 1191 2742 1408 2785; x_wconf 77' lang='lat' dir='ltr'>constat.</span> 
     </span>
     <span class='ocr_line' id='line_1_30' title="bbox 396 2806 1412 2863; baseline 0 -3"><span class='ocrx_word' id='word_1_168' title='bbox 396 2806 532 2861; x_wconf 83' lang='lat' dir='ltr'>Hinc</span> <span class='ocrx_word' id='word_1_169' title='bbox 557 2812 768 2861; x_wconf 77' lang='lat' dir='ltr'>Iliadum</span> <span class='ocrx_word' id='word_1_170' title='bbox 787 2824 1008 2861; x_wconf 78' lang='lat' dir='ltr'>armatas</span> <span class='ocrx_word' id='word_1_171' title='bbox 1031 2829 1207 2861; x_wconf 77' lang='lat' dir='ltr'>manus</span> <span class='ocrx_word' id='word_1_172' title='bbox 1235 2812 1412 2863; x_wconf 81' lang='lat' dir='ltr'>sollici-</span> 
     </span>
     <span class='ocr_line' id='line_1_31' title="bbox 397 2886 1412 2960; baseline 0 -21"><span class='ocrx_word' id='word_1_173' title='bbox 397 2902 500 2939; x_wconf 76' lang='lat' dir='ltr'>tare</span> <span class='ocrx_word' id='word_1_174' title='bbox 525 2886 666 2940; x_wconf 88' lang='lat' dir='ltr'>idem</span> <span class='ocrx_word' id='word_1_175' title='bbox 692 2898 768 2939; x_wconf 88' lang='lat' dir='ltr'>est</span> <span class='ocrx_word' id='word_1_176' title='bbox 787 2928 803 2953; x_wconf 88' lang='lat'><strong>,</strong></span> <span class='ocrx_word' id='word_1_177' title='bbox 829 2907 891 2940; x_wconf 77' lang='lat' dir='ltr'>ac</span> <span class='ocrx_word' id='word_1_178' title='bbox 912 2887 1263 2959; x_wconf 74' lang='lat' dir='ltr'>Trojanorum</span> <span class='ocrx_word' id='word_1_179' title='bbox 1283 2906 1412 2960; x_wconf 70' lang='lat' dir='ltr'>pro·</span> 
     </span>
     <span class='ocr_line' id='line_1_32' title="bbox 396 2964 1412 3036; baseline 0.001 -18"><span class='ocrx_word' id='word_1_180' title='bbox 396 2964 465 3018; x_wconf 77' lang='lat' dir='ltr'>lia</span> <span class='ocrx_word' id='word_1_181' title='bbox 480 2965 808 3019; x_wconf 73' lang='lat' dir='ltr'>describere:</span> <span class='ocrx_word' id='word_1_182' title='bbox 831 2965 1274 3036; x_wconf 75' lang='lat' dir='ltr'>quemadmodum</span> <span class='ocrx_word' id='word_1_183' title='bbox 1291 2967 1412 3019; x_wconf 81' lang='lat' dir='ltr'>Pro-</span> 
     </span>
     <span class='ocr_line' id='line_1_33' title="bbox 395 3044 1412 3117; baseline 0.002 -20"><span class='ocrx_word' id='word_1_184' title='bbox 395 3046 592 3117; x_wconf 80' lang='lat' dir='ltr'>pertius</span> <span class='ocrx_word' id='word_1_185' title='bbox 607 3084 624 3111; x_wconf 88' lang='lat'>‚</span> <span class='ocrx_word' id='word_1_186' title='bbox 642 3046 722 3111; x_wconf 90' lang='lat'>11,</span> <span class='ocrx_word' id='word_1_187' title='bbox 745 3062 792 3110; x_wconf 84' lang='lat'>1,</span> <span class='ocrx_word' id='word_1_188' title='bbox 815 3064 896 3114; x_wconf 87' lang='lat'>17,</span> <span class='ocrx_word' id='word_1_189' title='bbox 914 3044 1044 3097; x_wconf 89' lang='lat' dir='ltr'>dicit</span> <span class='ocrx_word' id='word_1_190' title='bbox 1060 3072 1086 3091; x_wconf 72' lang='grc' dir='ltr'>ιι</span> <span class='ocrx_word' id='word_1_191' title='bbox 1104 3046 1292 3098; x_wconf 81' lang='lat' dir='ltr'>heroas</span> <span class='ocrx_word' id='word_1_192' title='bbox 1310 3045 1412 3099; x_wconf 86' lang='lat' dir='ltr'>du-</span> 
     </span>
     <span class='ocr_line' id='line_1_34' title="bbox 397 3124 1406 3187; baseline 0.001 -11"><span class='ocrx_word' id='word_1_193' title='bbox 397 3142 515 3176; x_wconf 85' lang='lat' dir='ltr'>cere</span> <span class='ocrx_word' id='word_1_194' title='bbox 537 3125 590 3176; x_wconf 91' lang='lat' dir='ltr'>in</span> <span class='ocrx_word' id='word_1_195' title='bbox 619 3143 769 3178; x_wconf 73' lang='lat' dir='ltr'>arma</span> <span class='ocrx_word' id='word_1_196' title='bbox 793 3142 979 3187; x_wconf 77' lang='lat' dir='ltr'>manus</span> <span class='ocrx_word' id='word_1_197' title='bbox 1001 3141 1061 3186; x_wconf 65' lang='grc' dir='ltr'>υς</span> <span class='ocrx_word' id='word_1_198' title='bbox 1098 3136 1150 3176; x_wconf 89' lang='lat' dir='ltr'>et</span> <span class='ocrx_word' id='word_1_199' title='bbox 1181 3125 1236 3175; x_wconf 86' lang='lat' dir='ltr'>in</span> <span class='ocrx_word' id='word_1_200' title='bbox 1255 3124 1406 3177; x_wconf 78' lang='lat' dir='ltr'>AEtna</span> 
     </span>
     <span class='ocr_line' id='line_1_35' title="bbox 397 3202 1408 3274; baseline 0.002 -21"><span class='ocrx_word' id='word_1_201' title='bbox 397 3202 617 3268; x_wconf 86' lang='lat' dir='ltr'>Lucilii,</span> <span class='ocrx_word' id='word_1_202' title='bbox 639 3222 718 3256; x_wconf 79' lang='lat' dir='ltr'>vs.</span> <span class='ocrx_word' id='word_1_203' title='bbox 751 3209 815 3265; x_wconf 71' lang='lat'>4²</span> <span class='ocrx_word' id='word_1_204' title='bbox 841 3222 854 3255; x_wconf 91' lang='lat'>:</span> <span class='ocrx_word' id='word_1_205' title='bbox 903 3228 926 3249; x_wconf 73' lang='grc' dir='ltr'><strong>α</strong></span> <span class='ocrx_word' id='word_1_206' title='bbox 959 3202 1121 3274; x_wconf 80' lang='lat' dir='ltr'>impia</span> <span class='ocrx_word' id='word_1_207' title='bbox 1148 3217 1408 3270; x_wconf 79' lang='lat' dir='ltr'>poetarum</span> 
     </span>
     <span class='ocr_line' id='line_1_36' title="bbox 396 3280 1409 3352; baseline 0.003 -21"><span class='ocrx_word' id='word_1_208' title='bbox 396 3281 570 3333; x_wconf 79' lang='lat' dir='ltr'>fabula</span> <span class='ocrx_word' id='word_1_209' title='bbox 607 3284 788 3333; x_wconf 77' lang='lat' dir='ltr'>dicitur</span> <span class='ocrx_word' id='word_1_210' title='bbox 809 3281 996 3333; x_wconf 73' lang='lat' dir='ltr'>AEtnaei</span> <span class='ocrx_word' id='word_1_211' title='bbox 1032 3280 1238 3333; x_wconf 80' lang='lat' dir='ltr'>verticis</span> <span class='ocrx_word' id='word_1_212' title='bbox 1264 3281 1409 3352; x_wconf 82' lang='lat' dir='ltr'>ignes</span> 
     </span>
     <span class='ocr_line' id='line_1_37' title="bbox 397 3358 1409 3432; baseline 0.003 -22"><span class='ocrx_word' id='word_1_213' title='bbox 397 3358 678 3432; x_wconf 72' lang='lat' dir='ltr'>Phlegroeis</span> <span class='ocrx_word' id='word_1_214' title='bbox 699 3360 882 3413; x_wconf 72' lang='lat' dir='ltr'>castris</span> <span class='ocrx_word' id='word_1_215' title='bbox 907 3358 1186 3411; x_wconf 77' lang='lat' dir='ltr'>sollicitare</span> <span class='ocrx_word' id='word_1_216' title='bbox 1208 3386 1232 3403; x_wconf 71' lang='lat' dir='ltr'>n</span> <span class='ocrx_word' id='word_1_217' title='bbox 1245 3400 1262 3424; x_wconf 88' lang='lat'>‚</span> <span class='ocrx_word' id='word_1_218' title='bbox 1291 3360 1345 3412; x_wconf 88' lang='lat' dir='ltr'>h.</span> <span class='ocrx_word' id='word_1_219' title='bbox 1363 3380 1409 3413; x_wconf 92' lang='lat' dir='ltr'>e.</span> 
     </span>
     <span class='ocr_line' id='line_1_38' title="bbox 393 3439 1412 3511; baseline 0.003 -21"><span class='ocrx_word' id='word_1_220' title='bbox 393 3439 540 3509; x_wconf 83' lang='lat' dir='ltr'>ignes</span> <span class='ocrx_word' id='word_1_221' title='bbox 561 3442 758 3505; x_wconf 72' lang='lat' dir='ltr'>AEtnae,</span> <span class='ocrx_word' id='word_1_222' title='bbox 791 3440 940 3511; x_wconf 80' lang='lat' dir='ltr'>quasi</span> <span class='ocrx_word' id='word_1_223' title='bbox 983 3458 1129 3491; x_wconf 72' lang='lat' dir='ltr'>arma</span> <span class='ocrx_word' id='word_1_224' title='bbox 1174 3440 1230 3492; x_wconf 87' lang='lat' dir='ltr'>in</span> <span class='ocrx_word' id='word_1_225' title='bbox 1273 3440 1412 3493; x_wconf 87' lang='lat' dir='ltr'>Deos</span> 
     </span>
     <span class='ocr_line' id='line_1_39' title="bbox 395 3517 1412 3583; baseline 0.003 -13"><span class='ocrx_word' id='word_1_226' title='bbox 395 3530 564 3583; x_wconf 73' lang='lat' dir='ltr'>nuotu,</span> <span class='ocrx_word' id='word_1_227' title='bbox 578 3517 886 3573; x_wconf 67' lang='lat' dir='ltr'>des-aibere.</span> <span class='ocrx_word' id='word_1_228' title='bbox 907 3522 1120 3572; x_wconf 82' lang='lat' dir='ltr'>Iliadum</span> <span class='ocrx_word' id='word_1_229' title='bbox 1142 3520 1210 3571; x_wconf 78' lang='lat' dir='ltr'>ab</span> <span class='ocrx_word' id='word_1_230' title='bbox 1233 3522 1412 3573; x_wconf 79' lang='lat' dir='ltr'>Iliada·</span> 
     </span>
     <span class='ocr_line' id='line_1_40' title="bbox 396 3598 1407 3670; baseline 0 -19"><span class='ocrx_word' id='word_1_231' title='bbox 396 3609 496 3663; x_wconf 86' lang='lat' dir='ltr'>est,</span> <span class='ocrx_word' id='word_1_232' title='bbox 511 3598 779 3669; x_wconf 78' lang='lat' dir='ltr'>quomodo</span> <span class='ocrx_word' id='word_1_233' title='bbox 797 3599 1015 3670; x_wconf 76' lang='lat' dir='ltr'>Trojani</span> <span class='ocrx_word' id='word_1_234' title='bbox 1033 3610 1305 3664; x_wconf 80' lang='lat' dir='ltr'>vocantur,</span> <span class='ocrx_word' id='word_1_235' title='bbox 1317 3600 1407 3653; x_wconf 86' lang='lat' dir='ltr'>sic-</span> 
     </span>
     <span class='ocr_line' id='line_1_41' title="bbox 397 3678 1408 3745; baseline 0.003 -17"><span class='ocrx_word' id='word_1_236' title='bbox 397 3688 453 3728; x_wconf 92' lang='lat' dir='ltr'>ut</span> <span class='ocrx_word' id='word_1_237' title='bbox 477 3680 856 3745; x_wconf 75' lang='lat' dir='ltr'>Iliada-fratres</span> <span class='ocrx_word' id='word_1_238' title='bbox 875 3678 1128 3731; x_wconf 85' lang='lat' dir='ltr'>Romulus</span> <span class='ocrx_word' id='word_1_239' title='bbox 1146 3690 1198 3729; x_wconf 89' lang='lat' dir='ltr'>et</span> <span class='ocrx_word' id='word_1_240' title='bbox 1215 3680 1408 3731; x_wconf 81' lang='lat' dir='ltr'>Remus</span> 
     </span>
     <span class='ocr_line' id='line_1_42' title="bbox 393 3755 1411 3827; baseline 0.001 -20"><span class='ocrx_word' id='word_1_241' title='bbox 393 3755 535 3827; x_wconf 79' lang='lat' dir='ltr'>apud</span> <span class='ocrx_word' id='word_1_242' title='bbox 554 3756 711 3808; x_wconf 82' lang='lat' dir='ltr'>ovid.</span> <span class='ocrx_word' id='word_1_243' title='bbox 731 3756 868 3809; x_wconf 80' lang='lat' dir='ltr'>Fast.</span> <span class='ocrx_word' id='word_1_244' title='bbox 889 3758 1081 3823; x_wconf 69' lang='lat'>111,62</span> <span class='ocrx_word' id='word_1_245' title='bbox 1104 3775 1117 3809; x_wconf 91' lang='lat'><strong>:</strong></span> <span class='ocrx_word' id='word_1_246' title='bbox 1141 3768 1192 3808; x_wconf 88' lang='lat' dir='ltr'>et</span> <span class='ocrx_word' id='word_1_247' title='bbox 1215 3775 1411 3809; x_wconf 85' lang='lat' dir='ltr'>memo-</span> 
     </span>
     <span class='ocr_line' id='line_1_43' title="bbox 393 3834 1410 3908; baseline 0.002 -23"><span class='ocrx_word' id='word_1_248' title='bbox 393 3834 557 3887; x_wconf 78' lang='lat' dir='ltr'>rabile</span> <span class='ocrx_word' id='word_1_249' title='bbox 597 3848 672 3889; x_wconf 85' lang='lat' dir='ltr'>est</span> <span class='ocrx_word' id='word_1_250' title='bbox 689 3876 704 3901; x_wconf 88' lang='lat'>,</span> <span class='ocrx_word' id='word_1_251' title='bbox 745 3836 802 3889; x_wconf 87' lang='lat' dir='ltr'>in</span> <span class='ocrx_word' id='word_1_252' title='bbox 838 3836 1064 3908; x_wconf 77' lang='lat' dir='ltr'>antiquis</span> <span class='ocrx_word' id='word_1_253' title='bbox 1097 3834 1410 3887; x_wconf 79' lang='lat' dir='ltr'>editionibus</span> 
     </span>
     <span class='ocr_line' id='line_1_44' title="bbox 395 3913 1411 3986; baseline 0.004 -23"><span class='ocrx_word' id='word_1_254' title='bbox 395 3913 672 3985; x_wconf 82' lang='lat' dir='ltr'>Epitomen</span> <span class='ocrx_word' id='word_1_255' title='bbox 711 3914 894 3967; x_wconf 77' lang='lat' dir='ltr'>Iliadis</span> <span class='ocrx_word' id='word_1_256' title='bbox 916 3956 934 3982; x_wconf 88' lang='lat'><em>‚</em></span> <span class='ocrx_word' id='word_1_257' title='bbox 982 3932 1140 3986; x_wconf 78' lang='lat' dir='ltr'>quam</span> <span class='ocrx_word' id='word_1_258' title='bbox 1179 3914 1411 3981; x_wconf 85' lang='lat' dir='ltr'>edimus,</span> 
     </span>
     <span class='ocr_line' id='line_1_45' title="bbox 394 3993 1410 4061; baseline 0.002 -19"><span class='ocrx_word' id='word_1_259' title='bbox 394 3996 604 4044; x_wconf 77' lang='lat' dir='ltr'>Iliadum</span> <span class='ocrx_word' id='word_1_260' title='bbox 649 4014 767 4061; x_wconf 83' lang='lat' dir='ltr'>opus</span> <span class='ocrx_word' id='word_1_261' title='bbox 813 3993 1040 4046; x_wconf 82' lang='lat' dir='ltr'>inscribi.</span> <span class='ocrx_word' id='word_1_262' title='bbox 1099 3994 1150 4045; x_wconf 83' lang='lat' dir='ltr'>Si</span> <span class='ocrx_word' id='word_1_263' title='bbox 1198 3998 1410 4045; x_wconf 82' lang='lat' dir='ltr'>Iliadum</span> 
     </span>
     <span class='ocr_line' id='line_1_46' title="bbox 400 4070 1412 4143; baseline 0.005 -22"><span class='ocrx_word' id='word_1_264' title='bbox 400 4070 574 4124; x_wconf 84' lang='lat' dir='ltr'>minus</span> <span class='ocrx_word' id='word_1_265' title='bbox 604 4072 834 4143; x_wconf 78' lang='lat' dir='ltr'>placeat,</span> <span class='ocrx_word' id='word_1_266' title='bbox 863 4072 1028 4142; x_wconf 83' lang='lat' dir='ltr'>possis</span> <span class='ocrx_word' id='word_1_267' title='bbox 1067 4073 1224 4126; x_wconf 82' lang='lat' dir='ltr'>etiam</span> <span class='ocrx_word' id='word_1_268' title='bbox 1249 4077 1412 4126; x_wconf 79' lang='lat' dir='ltr'>Iliade</span> 
     </span>
    </p>
   </div>
   <div class='ocr_carea' id='block_1_4' title="bbox 1494 748 2521 4143">
    <p class='ocr_par' dir='ltr' id='par_1_4' title="bbox 1494 748 2520 969">
     <span class='ocr_line' id='line_1_47' title="bbox 1501 748 2520 819; baseline 0.009 -20"><span class='ocrx_word' id='word_1_269' title='bbox 1501 748 1691 819; x_wconf 74' lang='lat' dir='ltr'>legere.</span> <span class='ocrx_word' id='word_1_270' title='bbox 1713 751 1929 815; x_wconf 74' lang='lat' dir='ltr'>—Quoe</span> <span class='ocrx_word' id='word_1_271' title='bbox 1955 750 2107 804; x_wconf 87' lang='lat' dir='ltr'>lectio</span> <span class='ocrx_word' id='word_1_272' title='bbox 2130 752 2403 819; x_wconf 72' lang='lat' dir='ltr'>adseritur,</span> <span class='ocrx_word' id='word_1_273' title='bbox 2420 756 2520 809; x_wconf 87' lang='lat' dir='ltr'>hu·</span> 
     </span>
     <span class='ocr_line' id='line_1_48' title="bbox 1494 827 2509 906; baseline 0.008 -26"><span class='ocrx_word' id='word_1_274' title='bbox 1494 828 1583 897; x_wconf 81' lang='lat' dir='ltr'>jus</span> <span class='ocrx_word' id='word_1_275' title='bbox 1628 827 1806 899; x_wconf 84' lang='lat' dir='ltr'>operis</span> <span class='ocrx_word' id='word_1_276' title='bbox 1848 831 2014 883; x_wconf 83' lang='lat' dir='ltr'>nostri</span> <span class='ocrx_word' id='word_1_277' title='bbox 2064 843 2211 883; x_wconf 83' lang='lat' dir='ltr'>tomo</span> <span class='ocrx_word' id='word_1_278' title='bbox 2254 834 2339 899; x_wconf 92' lang='lat'>11,</span> <span class='ocrx_word' id='word_1_279' title='bbox 2394 854 2509 906; x_wconf 75' lang='lat' dir='ltr'>pag.</span> 
     </span>
     <span class='ocr_line' id='line_1_49' title="bbox 1504 906 1762 969; baseline 0.012 -12"><span class='ocrx_word' id='word_1_280' title='bbox 1504 906 1619 969; x_wconf 73' lang='grc'><strong>314.</strong></span> <span class='ocrx_word' id='word_1_281' title='bbox 1654 908 1762 960; x_wconf 85' lang='lat' dir='ltr'>En.</span> 
     </span>
    </p>

    <p class='ocr_par' dir='ltr' id='par_1_5' title="bbox 1498 986 2521 4143">
     <span class='ocr_line' id='line_1_50' title="bbox 1573 986 2517 1059; baseline 0.008 -23"><span class='ocrx_word' id='word_1_282' title='bbox 1573 988 1625 1037; x_wconf 90' lang='lat'>6.</span> <span class='ocrx_word' id='word_1_283' title='bbox 1648 986 1887 1057; x_wconf 66' lang='lat' dir='ltr'>Vulgata</span> <span class='ocrx_word' id='word_1_284' title='bbox 1913 987 2091 1059; x_wconf 77' lang='lat' dir='ltr'>legunt</span> <span class='ocrx_word' id='word_1_285' title='bbox 2110 992 2248 1041; x_wconf 75' lang='lat' dir='ltr'>victa</span> <span class='ocrx_word' id='word_1_286' title='bbox 2270 994 2517 1059; x_wconf 77' lang='lat' dir='ltr'>Cupidini-</span> 
     </span>
     <span class='ocr_line' id='line_1_51' title="bbox 1500 1064 2515 1133; baseline 0.008 -18"><span class='ocrx_word' id='word_1_287' title='bbox 1500 1066 1607 1117; x_wconf 79' lang='lat' dir='ltr'>bus.</span> <span class='ocrx_word' id='word_1_288' title='bbox 1640 1064 1743 1118; x_wconf 91' lang='lat' dir='ltr'>Sed</span> <span class='ocrx_word' id='word_1_289' title='bbox 1779 1084 1963 1119; x_wconf 87' lang='lat' dir='ltr'>omnes</span> <span class='ocrx_word' id='word_1_290' title='bbox 2002 1066 2223 1133; x_wconf 86' lang='lat' dir='ltr'>eruditi,</span> <span class='ocrx_word' id='word_1_291' title='bbox 2259 1068 2363 1122; x_wconf 91' lang='lat' dir='ltr'>hoc</span> <span class='ocrx_word' id='word_1_292' title='bbox 2401 1090 2515 1123; x_wconf 79' lang='lat' dir='ltr'>car-</span> 
     </span>
     <span class='ocr_line' id='line_1_52' title="bbox 1502 1143 2519 1215; baseline 0.006 -20"><span class='ocrx_word' id='word_1_293' title='bbox 1502 1160 1624 1195; x_wconf 86' lang='lat' dir='ltr'>men</span> <span class='ocrx_word' id='word_1_294' title='bbox 1648 1143 1906 1215; x_wconf 80' lang='lat' dir='ltr'>legentes,</span> <span class='ocrx_word' id='word_1_295' title='bbox 1926 1144 2025 1200; x_wconf 77' lang='lat' dir='ltr'>ista</span> <span class='ocrx_word' id='word_1_296' title='bbox 2053 1146 2207 1199; x_wconf 72' lang='lat' dir='ltr'>verba</span> <span class='ocrx_word' id='word_1_297' title='bbox 2238 1148 2519 1201; x_wconf 74' lang='lat' dir='ltr'>sollicitant</span> 
     </span>
     <span class='ocr_line' id='line_1_53' title="bbox 1502 1220 2517 1291; baseline 0.008 -17"><span class='ocrx_word' id='word_1_298' title='bbox 1502 1234 1553 1274; x_wconf 88' lang='lat' dir='ltr'>et</span> <span class='ocrx_word' id='word_1_299' title='bbox 1582 1220 1861 1275; x_wconf 81' lang='lat' dir='ltr'>emendare</span> <span class='ocrx_word' id='word_1_300' title='bbox 1890 1236 2166 1291; x_wconf 79' lang='lat' dir='ltr'>conantur,</span> <span class='ocrx_word' id='word_1_301' title='bbox 2190 1224 2335 1279; x_wconf 73' lang='lat' dir='ltr'>haud</span> <span class='ocrx_word' id='word_1_302' title='bbox 2359 1226 2517 1282; x_wconf 88' lang='lat' dir='ltr'>dubie</span> 
     </span>
     <span class='ocr_line' id='line_1_54' title="bbox 1501 1301 2519 1375; baseline 0.006 -23"><span class='ocrx_word' id='word_1_303' title='bbox 1501 1313 1772 1373; x_wconf 77' lang='lat' dir='ltr'>propterea</span> <span class='ocrx_word' id='word_1_304' title='bbox 1787 1342 1802 1366; x_wconf 88' lang='lat'><strong>,</strong></span> <span class='ocrx_word' id='word_1_305' title='bbox 1821 1301 1967 1373; x_wconf 82' lang='lat' dir='ltr'>quod</span> <span class='ocrx_word' id='word_1_306' title='bbox 1985 1304 2057 1355; x_wconf 88' lang='lat' dir='ltr'>eis</span> <span class='ocrx_word' id='word_1_307' title='bbox 2075 1309 2217 1355; x_wconf 74' lang='lat' dir='ltr'>seatio</span> <span class='ocrx_word' id='word_1_308' title='bbox 2237 1310 2519 1375; x_wconf 58' lang='lat' dir='ltr'>&amp;peninum</span> 
     </span>
     <span class='ocr_line' id='line_1_55' title="bbox 1498 1380 2520 1439; baseline 0.008 -8"><span class='ocrx_word' id='word_1_309' title='bbox 1498 1380 1659 1432; x_wconf 73' lang='lat' dir='ltr'>valde</span> <span class='ocrx_word' id='word_1_310' title='bbox 1688 1381 1913 1433; x_wconf 76' lang='lat' dir='ltr'>obscura</span> <span class='ocrx_word' id='word_1_311' title='bbox 1954 1382 2249 1437; x_wconf 75' lang='lat' dir='ltr'>videbatur.</span> <span class='ocrx_word' id='word_1_312' title='bbox 2290 1385 2520 1439; x_wconf 75' lang='lat' dir='ltr'>Pithoeus</span> 
     </span>
     <span class='ocr_line' id='line_1_56' title="bbox 1500 1458 2517 1531; baseline 0.009 -21"><span class='ocrx_word' id='word_1_313' title='bbox 1500 1458 1617 1511; x_wconf 76' lang='lat' dir='ltr'>vult</span> <span class='ocrx_word' id='word_1_314' title='bbox 1657 1462 1781 1531; x_wconf 75' lang='lat' dir='ltr'>fida</span> <span class='ocrx_word' id='word_1_315' title='bbox 1834 1464 2175 1529; x_wconf 62' lang='lat' dir='ltr'>Gapidinibusf</span> <span class='ocrx_word' id='word_1_316' title='bbox 2238 1464 2479 1519; x_wconf 72' lang='lat' dir='ltr'>Bau-thius</span> <span class='ocrx_word' id='word_1_317' title='bbox 2501 1507 2517 1531; x_wconf 88' lang='lat'><strong>,</strong></span> 
     </span>
     <span class='ocr_line' id='line_1_57' title="bbox 1500 1538 2521 1608; baseline 0.008 -19"><span class='ocrx_word' id='word_1_318' title='bbox 1500 1538 1715 1591; x_wconf 77' lang='lat' dir='ltr'>Advers.</span> <span class='ocrx_word' id='word_1_319' title='bbox 1734 1540 1915 1593; x_wconf 78' lang='lat' dir='ltr'>xxm</span> <span class='ocrx_word' id='word_1_320' title='bbox 1930 1579 1945 1605; x_wconf 90' lang='lat'><strong>‚</strong></span> <span class='ocrx_word' id='word_1_321' title='bbox 1969 1560 2029 1593; x_wconf 75' lang='grc' dir='ltr'><strong>η</strong></span> <span class='ocrx_word' id='word_1_322' title='bbox 2047 1582 2065 1608; x_wconf 88' lang='grc'><em>,</em></span> <span class='ocrx_word' id='word_1_323' title='bbox 2087 1568 2109 1587; x_wconf 79' lang='grc' dir='ltr'>ι</span> <span class='ocrx_word' id='word_1_324' title='bbox 2137 1543 2236 1596; x_wconf 83' lang='lat' dir='ltr'>Hic</span> <span class='ocrx_word' id='word_1_325' title='bbox 2264 1544 2417 1596; x_wconf 78' lang='lat' dir='ltr'>statio</span> <span class='ocrx_word' id='word_1_326' title='bbox 2440 1557 2521 1597; x_wconf 81' lang='lat' dir='ltr'>est</span> 
     </span>
     <span class='ocr_line' id='line_1_58' title="bbox 1500 1617 2521 1689; baseline 0.007 -21"><span class='ocrx_word' id='word_1_327' title='bbox 1500 1617 1675 1669; x_wconf 82' lang='lat' dir='ltr'>tacitis</span> <span class='ocrx_word' id='word_1_328' title='bbox 1711 1618 1816 1670; x_wconf 81' lang='lat' dir='ltr'>vita</span> <span class='ocrx_word' id='word_1_329' title='bbox 1852 1619 2201 1689; x_wconf 74' lang='lat' dir='ltr'>Cupidinibus</span> <span class='ocrx_word' id='word_1_330' title='bbox 2224 1643 2278 1689; x_wconf 65' lang='grc' dir='ltr'>ις</span> <span class='ocrx_word' id='word_1_331' title='bbox 2320 1622 2521 1675; x_wconf 88' lang='lat' dir='ltr'>Tollius</span> 
     </span>
     <span class='ocr_line' id='line_1_59' title="bbox 1501 1698 2517 1771; baseline 0.005 -23"><span class='ocrx_word' id='word_1_332' title='bbox 1501 1698 1721 1749; x_wconf 79' lang='lat' dir='ltr'>tentavit</span> <span class='ocrx_word' id='word_1_333' title='bbox 1737 1702 1932 1763; x_wconf 77' lang='lat' dir='ltr'>placitis</span> <span class='ocrx_word' id='word_1_334' title='bbox 1960 1702 2077 1749; x_wconf 79' lang='lat' dir='ltr'>loeta</span> <span class='ocrx_word' id='word_1_335' title='bbox 2104 1700 2187 1753; x_wconf 77' lang='lat' dir='ltr'>vel</span> <span class='ocrx_word' id='word_1_336' title='bbox 2223 1706 2352 1755; x_wconf 81' lang='lat' dir='ltr'>lecta</span> <span class='ocrx_word' id='word_1_337' title='bbox 2382 1706 2517 1771; x_wconf 84' lang='lat' dir='ltr'>Cupi-</span> 
     </span>
     <span class='ocr_line' id='line_1_60' title="bbox 1500 1776 2517 1835; baseline 0.01 -10"><span class='ocrx_word' id='word_1_338' title='bbox 1500 1776 1963 1830; x_wconf 79' lang='lat' dir='ltr'>dinibus.Tandem</span> <span class='ocrx_word' id='word_1_339' title='bbox 1990 1778 2195 1833; x_wconf 87' lang='lat' dir='ltr'>Heinsii</span> <span class='ocrx_word' id='word_1_340' title='bbox 2218 1780 2517 1835; x_wconf 71' lang='lat' dir='ltr'>emendatio</span> 
     </span>
     <span class='ocr_line' id='line_1_61' title="bbox 1502 1852 2518 1931; baseline 0.007 -24"><span class='ocrx_word' id='word_1_341' title='bbox 1502 1852 1569 1907; x_wconf 80' lang='lat' dir='ltr'>ad</span> <span class='ocrx_word' id='word_1_342' title='bbox 1612 1854 1772 1909; x_wconf 85' lang='lat' dir='ltr'>Ovid.</span> <span class='ocrx_word' id='word_1_343' title='bbox 1810 1857 1951 1910; x_wconf 75' lang='lat' dir='ltr'>Fsst.</span> <span class='ocrx_word' id='word_1_344' title='bbox 1990 1856 2023 1908; x_wconf 93' lang='lat' dir='ltr'>l.</span> <span class='ocrx_word' id='word_1_345' title='bbox 2061 1876 2107 1909; x_wconf 91' lang='lat' dir='ltr'>c.</span> <span class='ocrx_word' id='word_1_346' title='bbox 2146 1858 2352 1931; x_wconf 73' lang='lat' dir='ltr'>prolata</span> <span class='ocrx_word' id='word_1_347' title='bbox 2386 1862 2518 1914; x_wconf 86' lang='lat' dir='ltr'>Bur-</span> 
     </span>
     <span class='ocr_line' id='line_1_62' title="bbox 1502 1935 2518 2008; baseline 0.007 -23"><span class='ocrx_word' id='word_1_348' title='bbox 1502 1953 1697 1987; x_wconf 79' lang='lat' dir='ltr'>msuno</span> <span class='ocrx_word' id='word_1_349' title='bbox 1726 1954 1781 1987; x_wconf 86' lang='lat' dir='ltr'>se</span> <span class='ocrx_word' id='word_1_350' title='bbox 1810 1935 2033 1989; x_wconf 77' lang='lat' dir='ltr'>maxime</span> <span class='ocrx_word' id='word_1_351' title='bbox 2058 1938 2299 2008; x_wconf 82' lang='lat' dir='ltr'>probavit</span> <span class='ocrx_word' id='word_1_352' title='bbox 2322 1957 2335 1991; x_wconf 91' lang='lat'>:</span> <span class='ocrx_word' id='word_1_353' title='bbox 2371 1966 2396 1985; x_wconf 70' lang='grc' dir='ltr'><strong>α</strong></span> <span class='ocrx_word' id='word_1_354' title='bbox 2420 1940 2518 1993; x_wconf 87' lang='lat' dir='ltr'>Hic</span> 
     </span>
     <span class='ocr_line' id='line_1_63' title="bbox 1501 2014 2517 2089; baseline 0.007 -24"><span class='ocrx_word' id='word_1_355' title='bbox 1501 2014 1657 2065; x_wconf 78' lang='lat' dir='ltr'>statio</span> <span class='ocrx_word' id='word_1_356' title='bbox 1672 2029 1747 2067; x_wconf 86' lang='lat' dir='ltr'>est</span> <span class='ocrx_word' id='word_1_357' title='bbox 1770 2016 1942 2067; x_wconf 82' lang='lat' dir='ltr'>tacitis</span> <span class='ocrx_word' id='word_1_358' title='bbox 1959 2014 2095 2067; x_wconf 84' lang='lat' dir='ltr'>dicta</span> <span class='ocrx_word' id='word_1_359' title='bbox 2115 2016 2463 2089; x_wconf 71' lang='lat' dir='ltr'>Cupidinibus</span> <span class='ocrx_word' id='word_1_360' title='bbox 2477 2048 2517 2072; x_wconf 72' lang='lat' dir='ltr'>n.</span> 
     </span>
     <span class='ocr_line' id='line_1_64' title="bbox 1504 2094 2519 2164; baseline 0.007 -19"><span class='ocrx_word' id='word_1_361' title='bbox 1504 2094 1686 2164; x_wconf 88' lang='lat' dir='ltr'>Neque</span> <span class='ocrx_word' id='word_1_362' title='bbox 1722 2112 1851 2146; x_wconf 74' lang='lat' dir='ltr'>vero</span> <span class='ocrx_word' id='word_1_363' title='bbox 1892 2094 1950 2147; x_wconf 87' lang='lat' dir='ltr'>hi</span> <span class='ocrx_word' id='word_1_364' title='bbox 1996 2094 2095 2147; x_wconf 79' lang='lat' dir='ltr'>viri</span> <span class='ocrx_word' id='word_1_365' title='bbox 2140 2096 2519 2151; x_wconf 78' lang='lat' dir='ltr'>animadverte-</span> 
     </span>
     <span class='ocr_line' id='line_1_65' title="bbox 1501 2173 2517 2243; baseline 0.009 -20"><span class='ocrx_word' id='word_1_366' title='bbox 1501 2184 1627 2224; x_wconf 84' lang='lat' dir='ltr'>runt</span> <span class='ocrx_word' id='word_1_367' title='bbox 1644 2213 1660 2239; x_wconf 89' lang='lat'><em>,</em></span> <span class='ocrx_word' id='word_1_368' title='bbox 1712 2173 1883 2243; x_wconf 87' lang='lat' dir='ltr'>ipsum</span> <span class='ocrx_word' id='word_1_369' title='bbox 1931 2178 2238 2242; x_wconf 73' lang='lat' dir='ltr'>Cupidinibus</span> <span class='ocrx_word' id='word_1_370' title='bbox 2285 2178 2517 2231; x_wconf 76' lang='lat' dir='ltr'>alienum</span> 
     </span>
     <span class='ocr_line' id='line_1_66' title="bbox 1502 2250 2515 2329; baseline 0.009 -27"><span class='ocrx_word' id='word_1_371' title='bbox 1502 2269 1629 2303; x_wconf 90' lang='lat' dir='ltr'>esse.</span> <span class='ocrx_word' id='word_1_372' title='bbox 1654 2250 1916 2304; x_wconf 81' lang='lat' dir='ltr'>Audacter</span> <span class='ocrx_word' id='word_1_373' title='bbox 1936 2253 2052 2325; x_wconf 83' lang='lat' dir='ltr'>lego</span> <span class='ocrx_word' id='word_1_374' title='bbox 2075 2272 2089 2307; x_wconf 91' lang='lat'><strong>:</strong></span> <span class='ocrx_word' id='word_1_375' title='bbox 2112 2281 2136 2300; x_wconf 77' lang='grc' dir='ltr'>ιι</span> <span class='ocrx_word' id='word_1_376' title='bbox 2154 2256 2323 2309; x_wconf 74' lang='lat' dir='ltr'>tacitis</span> <span class='ocrx_word' id='word_1_377' title='bbox 2336 2259 2515 2329; x_wconf 76' lang='lat' dir='ltr'>juncta</span> 
     </span>
     <span class='ocr_line' id='line_1_67' title="bbox 1500 2330 2517 2402; baseline 0.01 -20"><span class='ocrx_word' id='word_1_378' title='bbox 1500 2330 1858 2402; x_wconf 83' lang='lat' dir='ltr'>crepidinibus</span> <span class='ocrx_word' id='word_1_379' title='bbox 1883 2356 1931 2384; x_wconf 74' lang='grc' dir='ltr'>ι.</span> <span class='ocrx_word' id='word_1_380' title='bbox 1967 2364 2039 2372; x_wconf 95' lang='grc'><strong>-</strong></span> <span class='ocrx_word' id='word_1_381' title='bbox 2083 2338 2236 2385; x_wconf 79' lang='lat' dir='ltr'>Statio</span> <span class='ocrx_word' id='word_1_382' title='bbox 2276 2334 2367 2389; x_wconf 84' lang='lat' dir='ltr'>hic</span> <span class='ocrx_word' id='word_1_383' title='bbox 2406 2357 2517 2393; x_wconf 82' lang='lat' dir='ltr'>non</span> 
     </span>
     <span class='ocr_line' id='line_1_68' title="bbox 1500 2408 2519 2471; baseline 0.011 -11"><span class='ocrx_word' id='word_1_384' title='bbox 1500 2421 1577 2461; x_wconf 91' lang='lat' dir='ltr'>est</span> <span class='ocrx_word' id='word_1_385' title='bbox 1606 2408 1753 2462; x_wconf 86' lang='lat' dir='ltr'>sedes</span> <span class='ocrx_word' id='word_1_386' title='bbox 1776 2411 1856 2463; x_wconf 71' lang='lat' dir='ltr'>vel</span> <span class='ocrx_word' id='word_1_387' title='bbox 1884 2410 2033 2464; x_wconf 86' lang='lat' dir='ltr'>locus</span> <span class='ocrx_word' id='word_1_388' title='bbox 2062 2414 2317 2465; x_wconf 82' lang='lat' dir='ltr'>Amorum</span> <span class='ocrx_word' id='word_1_389' title='bbox 2347 2430 2400 2469; x_wconf 86' lang='lat' dir='ltr'>et</span> <span class='ocrx_word' id='word_1_390' title='bbox 2417 2419 2519 2471; x_wconf 91' lang='lat' dir='ltr'>Cu-</span> 
     </span>
     <span class='ocr_line' id='line_1_69' title="bbox 1500 2487 2519 2559; baseline 0.01 -20"><span class='ocrx_word' id='word_1_391' title='bbox 1500 2487 1769 2559; x_wconf 86' lang='lat' dir='ltr'>pidinum,</span> <span class='ocrx_word' id='word_1_392' title='bbox 1802 2488 1897 2542; x_wconf 88' lang='lat' dir='ltr'>sed</span> <span class='ocrx_word' id='word_1_393' title='bbox 1934 2491 2095 2543; x_wconf 78' lang='lat' dir='ltr'>statio</span> <span class='ocrx_word' id='word_1_394' title='bbox 2128 2492 2365 2547; x_wconf 81' lang='lat' dir='ltr'>navium.</span> <span class='ocrx_word' id='word_1_395' title='bbox 2402 2496 2519 2549; x_wconf 87' lang='lat' dir='ltr'>Hoc</span> 
     </span>
     <span class='ocr_line' id='line_1_70' title="bbox 1500 2567 2519 2643; baseline 0.01 -24"><span class='ocrx_word' id='word_1_396' title='bbox 1500 2567 1799 2639; x_wconf 67' lang='lat' dir='ltr'>praecedens</span> <span class='ocrx_word' id='word_1_397' title='bbox 1846 2572 1979 2621; x_wconf 81' lang='lat' dir='ltr'>sinus</span> <span class='ocrx_word' id='word_1_398' title='bbox 2024 2570 2243 2638; x_wconf 86' lang='lat' dir='ltr'>suadet,</span> <span class='ocrx_word' id='word_1_399' title='bbox 2287 2592 2519 2643; x_wconf 87' lang='lat' dir='ltr'>quocum</span> 
     </span>
     <span class='ocr_line' id='line_1_71' title="bbox 1501 2649 2519 2721; baseline 0.01 -25"><span class='ocrx_word' id='word_1_400' title='bbox 1501 2651 1645 2698; x_wconf 68' lang='lat' dir='ltr'>statio</span> <span class='ocrx_word' id='word_1_401' title='bbox 1685 2649 1847 2700; x_wconf 82' lang='lat' dir='ltr'>etiam</span> <span class='ocrx_word' id='word_1_402' title='bbox 1887 2649 2224 2721; x_wconf 79' lang='lat' dir='ltr'>conjungitur</span> <span class='ocrx_word' id='word_1_403' title='bbox 2268 2650 2323 2703; x_wconf 84' lang='lat' dir='ltr'>in</span> <span class='ocrx_word' id='word_1_404' title='bbox 2373 2653 2481 2706; x_wconf 87' lang='lat' dir='ltr'>Ciri</span> <span class='ocrx_word' id='word_1_405' title='bbox 2501 2694 2519 2719; x_wconf 84' lang='lat'><em>,</em></span> 
     </span>
     <span class='ocr_line' id='line_1_72' title="bbox 1504 2728 2515 2795; baseline 0.012 -20"><span class='ocrx_word' id='word_1_406' title='bbox 1504 2744 1551 2775; x_wconf 75' lang='lat' dir='ltr'>v.</span> <span class='ocrx_word' id='word_1_407' title='bbox 1588 2732 1721 2795; x_wconf 68' lang='lat'>472:</span> <span class='ocrx_word' id='word_1_408' title='bbox 1776 2728 1953 2780; x_wconf 72' lang='lat' dir='ltr'>‹Hinc</span> <span class='ocrx_word' id='word_1_409' title='bbox 1996 2728 2168 2795; x_wconf 83' lang='lat' dir='ltr'>sinus,</span> <span class='ocrx_word' id='word_1_410' title='bbox 2199 2729 2325 2783; x_wconf 86' lang='lat' dir='ltr'>hinc</span> <span class='ocrx_word' id='word_1_411' title='bbox 2362 2734 2515 2787; x_wconf 82' lang='lat' dir='ltr'>statio</span> 
     </span>
     <span class='ocr_line' id='line_1_73' title="bbox 1502 2805 2519 2878; baseline 0.008 -22"><span class='ocrx_word' id='word_1_412' title='bbox 1502 2816 1686 2858; x_wconf 76' lang='lat' dir='ltr'>contra</span> <span class='ocrx_word' id='word_1_413' title='bbox 1714 2818 1857 2878; x_wconf 74' lang='lat' dir='ltr'>patet</span> <span class='ocrx_word' id='word_1_414' title='bbox 1882 2805 2198 2860; x_wconf 71' lang='lat' dir='ltr'>Hermionen</span> <span class='ocrx_word' id='word_1_415' title='bbox 2223 2832 2263 2861; x_wconf 75' lang='grc' dir='ltr'>ι.</span> <span class='ocrx_word' id='word_1_416' title='bbox 2310 2809 2391 2862; x_wconf 80' lang='lat' dir='ltr'>Ad</span> <span class='ocrx_word' id='word_1_417' title='bbox 2416 2824 2519 2864; x_wconf 74' lang='lat' dir='ltr'>sta-</span> 
     </span>
     <span class='ocr_line' id='line_1_74' title="bbox 1502 2884 2509 2957; baseline 0.005 -21"><span class='ocrx_word' id='word_1_418' title='bbox 1502 2884 1698 2937; x_wconf 84' lang='lat' dir='ltr'>tionem</span> <span class='ocrx_word' id='word_1_419' title='bbox 1750 2886 1963 2939; x_wconf 77' lang='lat' dir='ltr'>navium</span> <span class='ocrx_word' id='word_1_420' title='bbox 2012 2887 2238 2957; x_wconf 81' lang='lat' dir='ltr'>pertinet</span> <span class='ocrx_word' id='word_1_421' title='bbox 2291 2892 2509 2956; x_wconf 80' lang='lat' dir='ltr'>crepido,</span> 
     </span>
     <span class='ocr_line' id='line_1_75' title="bbox 1501 2964 2517 3037; baseline 0.005 -21"><span class='ocrx_word' id='word_1_422' title='bbox 1501 2964 1585 3016; x_wconf 82' lang='lat' dir='ltr'>vel</span> <span class='ocrx_word' id='word_1_423' title='bbox 1607 2966 1801 3018; x_wconf 77' lang='lat' dir='ltr'>munita</span> <span class='ocrx_word' id='word_1_424' title='bbox 1829 2978 1881 3018; x_wconf 91' lang='lat' dir='ltr'>et</span> <span class='ocrx_word' id='word_1_425' title='bbox 1902 2976 2207 3037; x_wconf 76' lang='lat' dir='ltr'>exaggerata</span> <span class='ocrx_word' id='word_1_426' title='bbox 2237 2977 2375 3021; x_wconf 74' lang='lat' dir='ltr'>terra</span> <span class='ocrx_word' id='word_1_427' title='bbox 2401 2969 2517 3021; x_wconf 91' lang='lat' dir='ltr'>lito-</span> 
     </span>
     <span class='ocr_line' id='line_1_76' title="bbox 1498 3040 2512 3118; baseline 0.006 -24"><span class='ocrx_word' id='word_1_428' title='bbox 1498 3042 1664 3108; x_wconf 77' lang='lat' dir='ltr'>ris‚sd</span> <span class='ocrx_word' id='word_1_429' title='bbox 1684 3062 1845 3115; x_wconf 77' lang='lat' dir='ltr'>quarn</span> <span class='ocrx_word' id='word_1_430' title='bbox 1860 3048 2157 3118; x_wconf 78' lang='lat' dir='ltr'>junguntur</span> <span class='ocrx_word' id='word_1_431' title='bbox 2174 3046 2255 3097; x_wconf 75' lang='lat' dir='ltr'>vel</span> <span class='ocrx_word' id='word_1_432' title='bbox 2272 3040 2512 3099; x_wconf 71' lang='lat' dir='ltr'>vinciun-</span> 
     </span>
     <span class='ocr_line' id='line_1_77' title="bbox 1500 3124 2509 3194; baseline 0.004 -21"><span class='ocrx_word' id='word_1_433' title='bbox 1500 3136 1587 3175; x_wconf 83' lang='lat' dir='ltr'>tur</span> <span class='ocrx_word' id='word_1_434' title='bbox 1606 3142 1776 3176; x_wconf 85' lang='lat' dir='ltr'>naves.</span> <span class='ocrx_word' id='word_1_435' title='bbox 1804 3124 1937 3177; x_wconf 83' lang='lat' dir='ltr'>Hinc</span> <span class='ocrx_word' id='word_1_436' title='bbox 1952 3124 2103 3194; x_wconf 82' lang='lat' dir='ltr'>Virg.</span> <span class='ocrx_word' id='word_1_437' title='bbox 2124 3128 2247 3177; x_wconf 66' lang='grc' dir='ltr'>ΑΕΒ.</span> <span class='ocrx_word' id='word_1_438' title='bbox 2270 3125 2345 3191; x_wconf 79' lang='lat' dir='ltr'>X,</span> <span class='ocrx_word' id='word_1_439' title='bbox 2372 3128 2474 3179; x_wconf 86' lang='lat'>653</span> <span class='ocrx_word' id='word_1_440' title='bbox 2496 3147 2509 3177; x_wconf 71' lang='grc' dir='ltr'><strong>ε</strong></span> 
     </span>
     <span class='ocr_line' id='line_1_78' title="bbox 1498 3202 2516 3276; baseline 0.003 -22"><span class='ocrx_word' id='word_1_441' title='bbox 1498 3228 1522 3247; x_wconf 68' lang='grc' dir='ltr'><strong>α</strong></span> <span class='ocrx_word' id='word_1_442' title='bbox 1543 3203 1699 3255; x_wconf 83' lang='lat' dir='ltr'>Forte</span> <span class='ocrx_word' id='word_1_443' title='bbox 1726 3205 1851 3255; x_wconf 76' lang='lat' dir='ltr'>ratis</span> <span class='ocrx_word' id='word_1_444' title='bbox 1885 3202 2009 3256; x_wconf 87' lang='lat' dir='ltr'>celsi</span> <span class='ocrx_word' id='word_1_445' title='bbox 2044 3206 2323 3275; x_wconf 74' lang='lat' dir='ltr'>conjunctu</span> <span class='ocrx_word' id='word_1_446' title='bbox 2350 3208 2516 3276; x_wconf 86' lang='lat' dir='ltr'>crepi-</span> 
     </span>
     <span class='ocr_line' id='line_1_79' title="bbox 1500 3280 2520 3352; baseline 0.002 -19"><span class='ocrx_word' id='word_1_447' title='bbox 1500 3280 1621 3333; x_wconf 86' lang='lat' dir='ltr'>dine</span> <span class='ocrx_word' id='word_1_448' title='bbox 1649 3282 1759 3334; x_wconf 82' lang='lat' dir='ltr'>saxi</span> <span class='ocrx_word' id='word_1_449' title='bbox 1785 3283 1967 3337; x_wconf 76' lang='lat' dir='ltr'>Stabat</span> <span class='ocrx_word' id='word_1_450' title='bbox 1990 3307 2034 3334; x_wconf 75' lang='lat' dir='ltr'>a.</span> <span class='ocrx_word' id='word_1_451' title='bbox 2068 3313 2137 3322; x_wconf 92' lang='lat'>—</span> <span class='ocrx_word' id='word_1_452' title='bbox 2161 3286 2341 3335; x_wconf 81' lang='lat' dir='ltr'>Tacita·</span> <span class='ocrx_word' id='word_1_453' title='bbox 2366 3288 2520 3352; x_wconf 78' lang='lat' dir='ltr'>crepi-</span> 
     </span>
     <span class='ocr_line' id='line_1_80' title="bbox 1499 3364 2513 3433; baseline 0.006 -22"><span class='ocrx_word' id='word_1_454' title='bbox 1499 3364 1638 3412; x_wconf 81' lang='lat' dir='ltr'>dines</span> <span class='ocrx_word' id='word_1_455' title='bbox 1684 3374 1831 3427; x_wconf 81' lang='lat' dir='ltr'>sunt‚</span> <span class='ocrx_word' id='word_1_456' title='bbox 1864 3381 1981 3433; x_wconf 75' lang='lat' dir='ltr'>quae</span> <span class='ocrx_word' id='word_1_457' title='bbox 2022 3376 2201 3415; x_wconf 82' lang='lat' dir='ltr'>carent</span> <span class='ocrx_word' id='word_1_458' title='bbox 2240 3364 2407 3415; x_wconf 86' lang='lat' dir='ltr'>ventis</span> <span class='ocrx_word' id='word_1_459' title='bbox 2460 3376 2513 3417; x_wconf 90' lang='lat' dir='ltr'>et</span> 
     </span>
     <span class='ocr_line' id='line_1_81' title="bbox 1498 3441 2515 3515; baseline 0.005 -25"><span class='ocrx_word' id='word_1_460' title='bbox 1498 3441 1889 3511; x_wconf 77' lang='lat' dir='ltr'>tempestatibus</span> <span class='ocrx_word' id='word_1_461' title='bbox 1903 3481 1919 3507; x_wconf 88' lang='lat'>,</span> <span class='ocrx_word' id='word_1_462' title='bbox 1952 3442 2221 3515; x_wconf 85' lang='lat' dir='ltr'>quomodo</span> <span class='ocrx_word' id='word_1_463' title='bbox 2232 3442 2481 3495; x_wconf 82' lang='lat' dir='ltr'>Horatius</span> <span class='ocrx_word' id='word_1_464' title='bbox 2498 3484 2515 3510; x_wconf 83' lang='lat'><strong>,</strong></span> 
     </span>
     <span class='ocr_line' id='line_1_82' title="bbox 1501 3518 2511 3592; baseline 0.002 -21"><span class='ocrx_word' id='word_1_465' title='bbox 1501 3518 1675 3571; x_wconf 79' lang='lat' dir='ltr'>Carm.</span> <span class='ocrx_word' id='word_1_466' title='bbox 1710 3520 1821 3584; x_wconf 88' lang='lat'>111,</span> <span class='ocrx_word' id='word_1_467' title='bbox 1865 3540 1965 3587; x_wconf 79' lang='lat'>29,</span> <span class='ocrx_word' id='word_1_468' title='bbox 2005 3529 2101 3586; x_wconf 71' lang='lat'>24,</span> <span class='ocrx_word' id='word_1_469' title='bbox 2141 3519 2209 3574; x_wconf 86' lang='lat' dir='ltr'>de</span> <span class='ocrx_word' id='word_1_470' title='bbox 2255 3520 2371 3592; x_wconf 76' lang='lat' dir='ltr'>ripa</span> <span class='ocrx_word' id='word_1_471' title='bbox 2408 3520 2511 3574; x_wconf 79' lang='lat' dir='ltr'>ait:</span> 
     </span>
     <span class='ocr_line' id='line_1_83' title="bbox 1499 3599 2514 3671; baseline 0.004 -23"><span class='ocrx_word' id='word_1_472' title='bbox 1499 3624 1523 3641; x_wconf 72' lang='grc' dir='ltr'><strong><em>κ</em></strong></span> <span class='ocrx_word' id='word_1_473' title='bbox 1537 3611 1787 3669; x_wconf 72' lang='lat' dir='ltr'>caretque</span> <span class='ocrx_word' id='word_1_474' title='bbox 1806 3600 1933 3670; x_wconf 77' lang='lat' dir='ltr'>Ripa</span> <span class='ocrx_word' id='word_1_475' title='bbox 1953 3599 2095 3671; x_wconf 78' lang='lat' dir='ltr'>vagis</span> <span class='ocrx_word' id='word_1_476' title='bbox 2115 3600 2371 3653; x_wconf 78' lang='lat' dir='ltr'>taciturna</span> <span class='ocrx_word' id='word_1_477' title='bbox 2394 3618 2514 3652; x_wconf 90' lang='lat' dir='ltr'>ven·</span> 
     </span>
     <span class='ocr_line' id='line_1_84' title="bbox 1499 3676 2511 3747; baseline 0.004 -20"><span class='ocrx_word' id='word_1_478' title='bbox 1499 3676 1565 3727; x_wconf 89' lang='lat' dir='ltr'>tis</span> <span class='ocrx_word' id='word_1_479' title='bbox 1590 3702 1636 3728; x_wconf 72' lang='lat' dir='ltr'>n.</span> <span class='ocrx_word' id='word_1_480' title='bbox 1666 3676 1747 3729; x_wconf 89' lang='lat' dir='ltr'>Ne</span> <span class='ocrx_word' id='word_1_481' title='bbox 1770 3678 1967 3747; x_wconf 82' lang='lat' dir='ltr'>plurali</span> <span class='ocrx_word' id='word_1_482' title='bbox 1992 3680 2311 3746; x_wconf 78' lang='lat' dir='ltr'>crepidinibus</span> <span class='ocrx_word' id='word_1_483' title='bbox 2338 3679 2511 3731; x_wconf 75' lang='lat' dir='ltr'>offen-</span> 
     </span>
     <span class='ocr_line' id='line_1_85' title="bbox 1500 3756 2513 3823; baseline 0.002 -13"><span class='ocrx_word' id='word_1_484' title='bbox 1500 3756 1670 3823; x_wconf 82' lang='lat' dir='ltr'>daris,</span> <span class='ocrx_word' id='word_1_485' title='bbox 1706 3776 1827 3810; x_wconf 84' lang='lat' dir='ltr'>ecce</span> <span class='ocrx_word' id='word_1_486' title='bbox 1862 3758 2133 3821; x_wconf 78' lang='lat' dir='ltr'>Manilius,</span> <span class='ocrx_word' id='word_1_487' title='bbox 2160 3757 2257 3821; x_wconf 89' lang='lat' dir='ltr'>IV,</span> <span class='ocrx_word' id='word_1_488' title='bbox 2299 3776 2373 3808; x_wconf 81' lang='lat' dir='ltr'>vs.</span> <span class='ocrx_word' id='word_1_489' title='bbox 2409 3758 2513 3821; x_wconf 68' lang='lat'>48:</span> 
     </span>
     <span class='ocr_line' id='line_1_86' title="bbox 1502 3835 2516 3912; baseline 0 -23"><span class='ocrx_word' id='word_1_490' title='bbox 1502 3864 1525 3881; x_wconf 73' lang='lat' dir='ltr'>u</span> <span class='ocrx_word' id='word_1_491' title='bbox 1547 3842 1691 3908; x_wconf 79' lang='lat' dir='ltr'>Eque</span> <span class='ocrx_word' id='word_1_492' title='bbox 1726 3836 2081 3909; x_wconf 86' lang='lat' dir='ltr'>crepidinibus</span> <span class='ocrx_word' id='word_1_493' title='bbox 2122 3835 2260 3907; x_wconf 90' lang='lat' dir='ltr'>cepit</span> <span class='ocrx_word' id='word_1_494' title='bbox 2299 3836 2516 3912; x_wconf 62' lang='lat' dir='ltr'>Carthe-</span> 
     </span>
     <span class='ocr_line' id='line_1_87' title="bbox 1500 3914 2516 3987; baseline 0.002 -20"><span class='ocrx_word' id='word_1_495' title='bbox 1500 3916 1634 3987; x_wconf 77' lang='lat' dir='ltr'>ginis</span> <span class='ocrx_word' id='word_1_496' title='bbox 1680 3916 1867 3969; x_wconf 88' lang='lat' dir='ltr'>urbem</span> <span class='ocrx_word' id='word_1_497' title='bbox 1910 3940 1951 3967; x_wconf 73' lang='grc'>».</span> <span class='ocrx_word' id='word_1_498' title='bbox 2003 3914 2171 3967; x_wconf 83' lang='lat' dir='ltr'>Possis</span> <span class='ocrx_word' id='word_1_499' title='bbox 2213 3915 2367 3967; x_wconf 78' lang='lat' dir='ltr'>etiam</span> <span class='ocrx_word' id='word_1_500' title='bbox 2416 3935 2516 3987; x_wconf 84' lang='lat' dir='ltr'>pro</span> 
     </span>
     <span class='ocr_line' id='line_1_88' title="bbox 1499 3994 2516 4065; baseline 0.001 -18"><span class='ocrx_word' id='word_1_501' title='bbox 1499 4000 1639 4047; x_wconf 75' lang='lat' dir='ltr'>victa</span> <span class='ocrx_word' id='word_1_502' title='bbox 1662 3996 1833 4065; x_wconf 81' lang='lat' dir='ltr'>legere</span> <span class='ocrx_word' id='word_1_503' title='bbox 1858 4008 1959 4044; x_wconf 78' lang='lat' dir='ltr'>tuta</span> <span class='ocrx_word' id='word_1_504' title='bbox 1998 3995 2080 4047; x_wconf 83' lang='lat' dir='ltr'>vel</span> <span class='ocrx_word' id='word_1_505' title='bbox 2092 3996 2235 4065; x_wconf 80' lang='lat' dir='ltr'>fida,</span> <span class='ocrx_word' id='word_1_506' title='bbox 2271 4005 2327 4046; x_wconf 87' lang='lat' dir='ltr'>ut</span> <span class='ocrx_word' id='word_1_507' title='bbox 2364 3994 2424 4045; x_wconf 83' lang='lat' dir='ltr'>fit</span> <span class='ocrx_word' id='word_1_508' title='bbox 2458 3996 2516 4048; x_wconf 88' lang='lat' dir='ltr'>in</span> 
     </span>
     <span class='ocr_line' id='line_1_89' title="bbox 1500 4070 2517 4143; baseline 0.001 -17"><span class='ocrx_word' id='word_1_509' title='bbox 1500 4074 1590 4126; x_wconf 89' lang='lat' dir='ltr'>illo</span> <span class='ocrx_word' id='word_1_510' title='bbox 1614 4072 1819 4143; x_wconf 81' lang='lat' dir='ltr'>Virgilii</span> <span class='ocrx_word' id='word_1_511' title='bbox 1840 4070 2048 4125; x_wconf 82' lang='lat' dir='ltr'>AEneid.</span> <span class='ocrx_word' id='word_1_512' title='bbox 2072 4072 2152 4137; x_wconf 91' lang='lat'>11,</span> <span class='ocrx_word' id='word_1_513' title='bbox 2177 4070 2239 4123; x_wconf 79' lang='lat'>23</span> <span class='ocrx_word' id='word_1_514' title='bbox 2262 4090 2275 4123; x_wconf 75' lang='grc' dir='ltr'><strong><em>ε</em></strong></span> <span class='ocrx_word' id='word_1_515' title='bbox 2319 4098 2341 4119; x_wconf 81' lang='grc' dir='ltr'>ι</span> <span class='ocrx_word' id='word_1_516' title='bbox 2364 4073 2517 4128; x_wconf 86' lang='lat' dir='ltr'>Nunc</span> 
     </span>
    </p>
   </div>
  </div>
 </body>
</html>
