2975 4684
508 409 643 453 202
852 455 865 466 ,
1202 385 1732 454 EXCURSUS
1793 387 1938 454 VII

503 520 810 585 ruerunt,
844 519 919 568 ut
957 503 1133 568 illaesi
1176 504 1357 592 ignes
1386 503 1676 570 AEtnaeos
1711 505 2076 570 evaderent.
2108 507 2186 571 In
2221 509 2486 597 antiqua
2523 511 2626 574 in-

503 594 852 696 scriptione
886 607 1104 670 Graeca
1134 605 1311 694 apud
1346 605 1676 672 Gualther.
1717 607 1786 670 in
1817 607 1976 672 Tul).
2004 611 2162 673 Ant.'
2195 609 2396 673 Inscr.
2443 611 2619 677 sicil.

502 730 643 797 pag.
681 708 763 773 28
798 707 951 772 edit.
985 707 1287 772 Panorm.
1333 729 1531 796 quam
1569 709 1640 774 P.
1687 711 2096 775 Burmannus
2133 712 2176 776 l.
2213 733 2271 776 c.
2316 734 2460 802 pag.
2497 713 2628 801 319

501 797 771 900 allegat}
813 811 1048 874 Catana
1080 811 1221 898 ipsa
1250 808 1489 874 dicitur
1513 824 1848 874 ΕΥΣΕΒῈΩΝ
1875 827 2143 878 ΚΛΠῸΝ
2169 826 2368 894 ΔΣΤΥ,
2409 837 2629 904 neque

501 935 577 976 ea
602 913 941 1002 appeliatio
972 913 1143 978 solos
1174 911 1401 976 fratres
1430 915 1818 978 Catanenses
1841 915 2158 1002 respicere
2179 913 2458 982 videtur.
2485 919 2630 982 Cla·

500 1014 636 1077 rius
672 1015 1013 1103 scriptores
1034 1063 1052 1096 ‚
1090 1014 1205 1102 qui
1237 1014 1660 1079 calamitatem
1697 1015 2154 1078 Catanensium
2191 1023 2456 1080 narrant
2475 1065 2494 1099 ‚
2527 1034 2627 1080 τῶν

498 1123 727 1178 moneas·
760 1117 1025 1179 nomine
1058 1130 1355 1204 parentes
1390 1139 1522 1181 una
1557 1137 1708 1180 cum
1745 1115 1890 1180 filiis
1906 1163 1924 1196 ,
1959 1116 2072 1204 qui
2105 1139 2218 1182 eos
2249 1135 2588 1182 servarunt
2605 1167 2628 1200 ,

499 1212 888 1306 intelligunt.
918 1217 1294 1282 Aristoteles
1310 1265 1329 1300 ‚
1358 1217 1494 1282 sive
1521 1233 1750 1282 auctor
1779 1217 1862 1282 de
1895 1216 2183 1282 Mundo:
2207 1229 2321 1282 ἔνθα
2341 1231 2428 1283 καὶ
2449 1232 2506 1283 τὸ
2526 1237 2628 1283 τῶν

498 1325 709 1380 εὐωδῶν
736 1330 871 1400 γένος
898 1329 1074 1398 ἐξόχως
1105 1329 1308 1400 ‘rip-‘mn
1340 1331 1397 1383 τὸ
1425 1324 1704 1400 δαιμόνιον,
1731 1331 2246 1402 περικαταληφθὲντον
2275 1331 2372 1384 bez-t
2401 1336 2488 1384 τοῦ
2519 1332 2628 1402 ῥεύ-

497 1443 656 1493 ματος
673 1445 686 1460 ·
716 1432 784 1480 et
816 1418 1033 1505 paullo
1069 1433 1219 1506 post
1237 1466 1256 1500 ‚
1294 1425 1378 1480 καὶ
1414 1427 1646 1498 ἐτήρησεν
1692 1424 1930 1490 &achaic
1977 1427 2087 1498 ἅμα
2128 1429 2228 1489 τοῖς
2265 1433 2458 1498 γονεῦσι
2514 1429 2628 1490 τοὺς

495 1525 791 1588 νεανίσκους·
823 1517 1192 1609 Lycurgum
1208 1569 1227 1603 ‚
1254 1519 1590 1610 superiore
1621 1519 1918 1584 Excursu
1944 1520 2079 1600 jam,
2109 1519 2589 1586 observavimus
2609 1569 2630 1602 ‚

496 1639 855 1684 memorare
873 1669 891 1702 ‚
915 1644 1128 1686 unum
1154 1638 1410 1687 tantum
1444 1620 1649 1686 filium
1680 1645 1834 1686 cum
1865 1637 2044 1711 patre
2069 1643 2148 1685 ex
2171 1620 2476 1686 incendio
2503 1644 2636 1687 ser-

497 1735 755 1802 vatum3
786 1738 851 1787 et
880 1721 989 1787 hic
1023 1739 1241 1788 tamen
1273 1746 1425 1788 eum
1457 1723 1716 1805 locum,
1753 1721 1870 1786 ubi
1900 1722 1971 1785 hi
2005 1720 2140 1786 duo
2173 1721 2406 1786 servati
2436 1739 2629 1803 sunt,

496 1819 656 1887 dicit
684 1841 783 1888 τῶν
810 1833 1036 1889 Ebc-Gan·
1066 1843 1219 1908 χῶρον
1246 1841 1548 1890 vooetum
1601 1847 1759 1890 esse.
1805 1824 2011 1889 Porro
2059 1838 2278 1888 autem
2327 1846 2407 1887 ex
2445 1825 2632 1888 testi-

497 1925 732 1990 moniis
764 1927 1152 2016 scriptorum
1182 1930 1542 1994 accuratius
1564 1927 1979 1994 consideratis
2015 1925 2416 2016 intelligitur,
2437 1926 2634 1990 Cam-

494 2045 656 2112 pum
688 2027 955 2092 Piorum
985 2028 1237 2095 dictum
1266 2051 1406 2095 esse
1434 2051 1572 2095 non
1603 2053 1641 2094 a
1670 2029 1978 2118 sepulcris
2009 2027 2272 2116 piorum
2319 2027 2592 2092 fratrum
2611 2068 2634 2108 5

496 2125 612 2190 sed
632 2127 813 2214 quod
846 2151 927 2193 eo
961 2130 1109 2194 loco
1144 2129 1421 2215 flamma,
1436 2153 1644 2220 quum
1683 2152 1793 2195 eos
1824 2153 2007 2218 paene
2037 2129 2520 2218 apprehendere
2535 2130 2634 2194 vi-

498 2227 786 2312 deretur,
808 2232 1009 2296 veluti
1044 2231 1289 2298 diffissa
1322 2233 1686 2298 discesserit
1699 2281 1720 2316 ,
1747 2248 1811 2297 et
1845 2231 2246 2322 fugientibus
2273 2246 2480 2296 tutam
2507 2247 2638 2296 sta-

499 2330 745 2396 tionem
763 2333 1129 2420 proebuerit.
1147 2335 1329 2398 Clare
1345 2335 1473 2398 hoc
1493 2334 1686 2399 tradit
1701 2335 1956 2414 Conon,
1971 2333 2217 2397 sirecte
2238 2331 2631 2396 attendatur.

502 2431 637 2514 Qui
672 2450 1017 2522 postquam
1052 2435 1246 2518 dixit,
1281 2434 1606 2500 flammam
1651 2437 1808 2501 alios
1849 2452 2224 2499 exurentem
2276 2433 2442 2498 circa
2485 2435 2634 2522 pios

497 2524 727 2600 fratres
750 2533 1003 2601 diffindi
1026 2537 1225 2602 visam
1241 2587 1261 2620 ‚
1286 2553 1364 2602 ut
1390 2538 1574 2602 locus
1599 2539 1750 2628 igne
1775 2537 1939 2602 liber
1971 2535 2184 2618 fieret,
2213 2551 2354 2600 tum
2383 2538 2596 2625 pergit
2613 2584 2632 2617 ‚

499 2645 593 2701 Διὰ
616 2653 783 2702 ταῦτα.
813 2651 855 2702 οἱ
891 2654 1177 2740 nautor-ae
1204 2651 1287 2703 τὸν
1318 2647 1378 2704 ὃὸ
1403 2656 1556 2721 χῶρον
1589 2653 1762 2703 ἐκεῖνον
1793 2647 2020 2703 nse-652
2055 2649 2218 2722 χώραν
2253 2648 2509 2703 διέλκειν·
2547 2649 2634 2702 καὶ

496 2744 675 2806 λιθίνας
704 2745 889 2809 εἰκόνας
914 2750 962 2801 ἐν
987 2749 1123 2820 αὐτῷ
1146 2753 1244 2801 τῶν
1272 2743 1461 2820 ἀνδρῶν
1484 2755 1558 2818 τῷ
1582 2749 1828 2819 μνημείῳ.
1849 2749 1985 2803 θείων
2005 2769 2061 2800 τι
2081 2749 2192 2819 ἅμα.
2213 2746 2298 2800 καὶ
2321 2747 2632 2818 ἀνθρωπίνων

499 2841 674 2913 ἔργων,
700 2841 949 2897 ἀνέθεσαν.
974 2835 1209 2924 Aperte
1235 2835 1345 2900 hic
1370 2836 1668 2900 enuntiat
1686 2883 1704 2916 ,
1729 2858 1884 2900 eum
1915 2835 2130 2924 ipsum
2157 2835 2376 2899 locum
2391 2881 2412 2916 ‚
2433 2853 2632 2920 quem

496 2931 753 2999 flamma
778 2934 1091 3001 absistens
1114 2935 1395 3012 liberum
1418 2937 1542 3026 piis
1557 2935 1908 3019 juvenibus
1936 2937 2271 3026 reliquerit
2289 2983 2308 3017 ,
2326 2951 2632 2999 vocatum

497 3061 635 3103 esse
664 3037 931 3104 Piorum
959 3039 1313 3130 regionem.
1348 3039 1527 3104 Dicit
1558 3039 1826 3128 quidem
1863 3053 2368 3104 monumentum
2400 3037 2476 3100 iis
2511 3037 2634 3100 hac

494 3139 565 3202 in
614 3139 880 3230 regione
928 3157 1250 3223 erectum,
1294 3140 1410 3206 sed
1453 3157 1695 3206 statuas
1729 3141 1787 3204 ei
1821 3139 2151 3230 impositas
2193 3155 2388 3204 testes
2432 3139 2633 3203 fuisse

496 3240 868 3306 divinorum
910 3241 1093 3321 juxta
1136 3267 1211 3309 ac
1255 3244 1698 3307 humanorum
1741 3243 1816 3306 in
1861 3265 1936 3306 ea
1982 3241 2246 3331 regione
2290 3240 2631 3304 factorum.

496 3343 636 3407 Jam
660 3343 1022 3408 humanum
1050 3345 1383 3433 quodnam
1402 3345 1646 3410 factum
1671 3346 1738 3408 in
1767 3367 1842 3408 ea
1873 3342 2136 3433 regione
2161 3341 2494 3421 exstiterit,
2515 3363 2636 3430 per

496 3467 564 3507 se
587 3459 791 3532 patet,
817 3469 1049 3534 nempe
1065 3447 1383 3526 juvenum
1404 3461 1703 3535 parentes
1721 3469 1874 3510 suos
1891 3443 2162 3510 flammis
2179 3443 2422 3532 eripien
2430 3445 2598 3507 tium
2614 3468 2634 3523 3

494 3545 609 3610 sed
638 3545 947 3637 alterum,
975 3547 1267 3612 divinum
1293 3597 1311 3632 ,
1336 3549 1457 3612 nisi
1490 3545 1747 3612 flamma
1779 3548 1978 3616 fuerit
2007 3545 2317 3612 divinitus
2350 3545 2634 3626 directa,

494 3664 559 3712 et
584 3647 931 3728 juvenibus
979 3667 1276 3739 parentes
1320 3651 1679 3716 ferentibus
1722 3651 1942 3716 locum
1974 3671 2250 3714 vacuum
2286 3663 2636 3736 tutumque

491 3748 867 3838 relinquens
885 3800 903 3835 ,
930 3753 1149 3817 nescio
1177 3751 1482 3840 equidem
1505 3803 1524 3836 ,
1550 3752 1884 3842 quodnam
1916 3751 2090 3815 aliud
2121 3749 2392 3839 intelligi
2415 3766 2632 3836 queat.

496 3849 909 3940 Relinquitur
942 3877 1099 3944 ergo
1118 3903 1137 3935 ‚
1168 3870 1244 3918 ut
1282 3853 1586 3946 Campum
1627 3855 1884 3919 Piorum
1919 3852 2074 3917 inde
2109 3851 2360 3916 dictum
2393 3851 2636 3939 prima·

492 3951 591 4017 rio
638 3971 943 4043 putemus
963 4005 983 4036 ,
1020 3956 1200 4046 quod
1248 3980 1328 4021 eo
1369 3957 1515 4021 loco
1555 3956 1666 4022 filii
1699 3980 1848 4022 cum
1889 3955 2264 4044 parentibus
2300 3977 2337 4017 e
2377 3949 2633 4015 flamma

387 4089 397 4094 -
494 4053 729 4142 ereptis
777 4057 1182 4121 substiterint
1229 4058 1292 4122 in
1334 4073 1503 4122 tuto,
1549 4057 1798 4123 Eodem
1835 4058 1980 4122 loco
2019 4073 2240 4144 postea
2279 4052 2424 4118 filiis
2447 4052 2632 4132 juxta

494 4169 557 4219 et
590 4157 961 4243 parentibus
996 4157 1318 4225 defunctis
1354 4177 1856 4226 monumentum
1880 4207 1898 4241 ,
1927 4156 2006 4223 ad
2043 4157 2350 4237 majorem
2379 4155 2472 4218 rei
2501 4175 2636 4217 me-
