2975 4684
654 382 1129 450 EXCURSUS
1183 383 1216 449 I
1268 381 1394 450 AD
1441 379 1843 451 LICENTII
1893 382 2300 451 CARMEN.
2406 379 2549 466 443

414 501 584 588 plina
629 502 992 566 Christiana
1033 501 1194 565 nulli
1241 518 1428 582 sunt,
1462 522 1795 590 exaequare
1838 501 2133 582 Christo,
2168 517 2363 591 atque
2396 525 2547 566 eum

413 625 547 667 non
573 603 772 667 alium
789 652 808 685 ,
833 626 1028 693 quam
1052 604 1224 667 Deos
1249 603 1589 692 gentilium
1609 651 1628 686 ,
1655 603 2016 666 existimare
2038 601 2314 667 videtur.
2340 603 2547 668 Miror

411 705 662 793 itaque,
695 728 910 793 neque
935 705 1410 794 Augustinum,
1441 727 1657 792 neque
1690 704 2057 768 Paullinum
2093 702 2159 765 in
2196 703 2499 790 Epistolis
2520 751 2541 785 ,

411 806 650 894 quibus
677 806 1039 892 Licentium
1071 803 1154 870 ad
1185 804 1535 870 vivendum
1569 804 1829 870 Christo
1860 804 2081 868 multis
2109 804 2541 892 gravibusque

407 907 618 971 verbis
645 907 1014 984 hortantur,
1043 908 1374 996 multaque
1403 906 1601 987 hujus
1639 907 1940 971 carminis
1974 905 2145 970 dicta
2175 906 2536 995 attingunt,

407 1007 576 1071 hanc
620 1007 756 1087 ejus
805 1007 1140 1096 profanam
1187 1023 1470 1072 mentem
1497 1008 2012 1095 verborumque,
2052 1024 2129 1071 ut
2167 1007 2257 1071 ita
2292 1006 2499 1070 dicam
2518 1055 2536 1089 ,

407 1109 827 1198 gentilitatem
859 1131 995 1172 non
1022 1108 1548 1198 reprehendisse,
1570 1109 1721 1173 licet
1746 1132 1882 1173 non
1914 1109 2135 1172 leviter
2160 1109 2229 1172 in
2258 1131 2409 1172 eum
2435 1109 2538 1172 in-

403 1209 679 1272 vehatur
704 1209 1108 1299 Augustinus
1126 1259 1144 1290 ,
1179 1231 1463 1299 eumque
1483 1211 1657 1274 inter
1677 1209 1797 1274 alia
1824 1208 1996 1274 dicat
2021 1210 2284 1299 ingenio
2302 1259 2320 1291 ‚
2357 1206 2537 1298 quod

405 1333 442 1372 a
459 1311 598 1374 Deo
610 1310 949 1398 acceperit,
965 1333 1164 1374 aureo
1183 1311 1971 1393 ministrarelibidinihus,
1992 1326 2057 1375 et
2076 1311 2145 1374 in
2164 1311 2276 1375 illo
2289 1311 2537 1376 Satanae

404 1413 770 1500 propinare.
815 1413 1056 1494 Immo,
1088 1413 1270 1501 quod
1303 1413 1507 1503 magis
1551 1413 1799 1477 mireris
1820 1461 1837 1494 ,
1862 1413 2270 1504 Augustinus
2296 1413 2434 1501 ipse
2466 1413 2535 1474 in

401 1511 658 1601 dialogo
675 1561 694 1594 ,
719 1535 913 1601 quem
941 1535 1092 1576 cum
1117 1515 1440 1596 Licentio,
1466 1515 1723 1603 alioque
1744 1536 2018 1578 suorum
2044 1512 2363 1578 sodalium
2386 1515 2539 1601 Try-

400 1615 605 1702 getio,
632 1614 943 1695 instituit,
966 1613 1134 1678 libro
1164 1617 1196 1679 I
1231 1614 1314 1680 de
1346 1615 1629 1698 Ordine,
1658 1639 1797 1704 cap.
1828 1620 1901 1697 4,
1930 1616 2119 1705 plane
2154 1615 2345 1679 simili
2390 1639 2535 1680 sen-

399 1715 600 1778 tentia
635 1715 867 1794 utitur,
901 1730 966 1778 et
1003 1715 1338 1780 Christum
1381 1739 1517 1780 una
1558 1739 1711 1781 cum
1756 1717 1898 1780 Deo
1940 1732 2158 1804 patre,
2199 1717 2405 1804 petito
2456 1741 2535 1780 ex

395 1816 674 1880 lectione
716 1815 968 1906 Virgilii
1017 1817 1228 1905 elogio
1247 1866 1267 1898 ‚
1311 1817 1721 1881 condecorat.
1774 1817 1941 1880 Nam
2001 1816 2115 1879 ubi
2164 1817 2529 1880 Licentium

396 1918 594 1982 sentit
614 1939 795 2006 spem
819 1918 1097 2008 aliquam
1120 1917 1556 2008 amplexandae
1582 1919 1865 1983 melioris
1895 1917 2353 2007 philosophiae,
2383 1939 2527 2006 quae

394 2017 463 2080 in
493 2015 785 2082 doctrina
811 2018 1174 2084 Christiana
1205 2035 1302 2083 est
1318 2069 1335 2102 ‚
1364 2019 1577 2082 facere
1593 2068 1610 2101 ,
1639 2019 1879 2108 gaudio
1912 2031 2315 2107 pertentatus
2348 2021 2528 2086 hunc

394 2139 654 2182 versum
688 2120 1105 2208 pronuntiat:

671 2349 754 2402 Sic
791 2362 937 2421 pater
975 2349 1064 2402 iile
1101 2351 1244 2403 Deus
1281 2349 1471 2416 faciat,
1508 2349 1583 2402 sic
1618 2349 1755 2402 altus
1783 2349 1995 2422 Apollo.

387 2600 473 2662 Et
501 2599 712 2666 editor
743 2601 1067 2666 Benedict.
1107 2603 1214 2666 hic
1244 2601 1551 2682 adnotat,
1581 2603 1913 2666 nonnullis
1938 2604 2004 2666 in
2037 2605 2341 2692 exemplis
2369 2607 2523 2670 scri-

388 2717 570 2788 ptum
621 2719 868 2767 exstare
899 2707 987 2766 sic
1031 2703 1199 2767 altus
1233 2703 1406 2768 Iesus
1419 2751 1440 2784 ,
1474 2701 1657 2791 quod
1700 2703 1877 2767 haud
1926 2703 2125 2770 dubie
2173 2729 2211 2770 a
2258 2707 2521 2772 librario

385 2802 628 2868 factum
661 2822 792 2888 est,
820 2806 934 2894 qui
967 2805 1233 2870 nomine
1259 2805 1578 2892 Apollinis
1610 2804 2082 2870 offendebatur.
2120 2803 2247 2870 Sed
2280 2807 2519 2897 dignus

381 2905 642 2970 videtur
670 2908 888 2988 locus,
921 2929 1117 2996 quem
1150 2907 1482 2993 aliquanto
1515 2905 1873 2993 pleniorem
1918 2906 2027 2970 hic
2072 2929 2517 2995 apponamus:

384 3035 410 3062 α
435 3009 558 3072 Hic
599 3031 722 3098 ego
767 3010 976 3074 multo
1011 3008 1276 3076 uberius
1316 3029 1589 3072 cernens
1633 3005 1965 3071 abundare
2011 3009 2255 3072 laetitias
2300 3033 2474 3074 meas
2496 3057 2515 3090 ‚

383 3130 580 3197 quam
592 3113 695 3175 vel
717 3127 940 3200 optare
961 3110 1308 3200 aliquando
1329 3129 1527 3174 ausus
1550 3131 1727 3191 sum,
1740 3129 1999 3174 versum
2018 3111 2216 3174 istum
2234 3113 2515 3200 gestiens

382 3209 623 3276 effudi:
648 3211 751 3276 Sic
765 3227 960 3301 pater·
984 3211 1089 3276 ille
1115 3214 1278 3277 Deus
1289 3210 1522 3300 faciat
1533 3257 1554 3290 ,
1590 3213 1679 3274 sic
1708 3209 1877 3274 altus
1908 3212 2162 3301 Apollo·
2200 3213 2479 3302 Incipias
2496 3263 2515 3296 ,

379 3311 696 3396 perducet
728 3315 904 3378 enim
935 3315 1108 3401 ipse,
1135 3317 1190 3378 si
1225 3314 1585 3402 sequimur,
1619 3335 1753 3400 quo
1792 3335 1912 3378 nos
1943 3313 2037 3377 ire
2062 3314 2281 3396 jubet,
2315 3332 2513 3405 atque

379 3412 496 3476 ubi
549 3437 792 3502 ponere
839 3414 1060 3480 sedem
1078 3463 1096 3500 ‚
1129 3416 1253 3504 ¹qui
1297 3414 1408 3480 dat
1459 3412 1659 3477 modo
1712 3415 2058 3502 augurium
2084 3463 2103 3497 ,
2144 3417 2513 3506 nostrisque

376 3512 661 3579 illabitur
679 3517 930 3581 animis.
957 3518 1094 3582 Nec
1119 3518 1293 3583 enim
1317 3517 1484 3582 altus
1506 3515 1736 3603 Apollo
1760 3533 1889 3598 est,
1911 3517 2025 3605 qui
2051 3517 2119 3580 in
2148 3519 2474 3608 speluncis
2490 3568 2509 3600 ,

375 3613 444 3677 in
475 3617 808 3682 montibus
823 3668 842 3703 ‚
871 3620 940 3683 in
980 3620 1354 3684 nemoribus
1397 3616 1628 3682 nidore
1654 3619 1817 3684 turis
1850 3618 2311 3707 pecudumque
2346 3622 2511 3688 cala-

375 3721 601 3788 mitate
647 3725 1006 3791 concitatus
1052 3726 1277 3816 implet
1325 3727 1621 3806 insanos;
1650 3725 1765 3790 sed
1809 3726 1971 3790 alius
2024 3726 2317 3814 profecto
2367 3745 2501 3807 est,

372 3823 534 3890 alius
568 3825 672 3889 ille
705 3827 873 3891 altus
905 3828 1224 3893 veridicus
1244 3877 1264 3909 ,
1295 3843 1490 3915 atque
1524 3827 1660 3914 ipsa
1684 3826 1881 3914 (quid
1914 3829 2090 3891 enim
2120 3829 2333 3892 verbis
2368 3852 2507 3893 am-

370 3923 588 4014 biam)
626 3929 877 3993 veritas.
923 3927 1124 4008 Cujus
1169 3945 1342 3992 vates
1397 3943 1553 3992 sunt
1572 3975 1590 4006 ,
1633 3930 2032 4017 quicumque
2068 3946 2345 4014 possunt
2371 3953 2507 3996 esse

369 4027 708 4114 sapientes.
735 4059 760 4086 ι»
783 4028 1213 4120 Agnoscimus
1243 4047 1442 4096 totam
1468 4031 1810 4121 Augustini
1838 4031 2199 4094 orationem
2223 4031 2305 4095 ad
2330 4033 2505 4098 locos

368 4128 686 4216 quosdam
703 4131 952 4221 Virgilii
973 4129 1273 4198 alludere.
1297 4135 1513 4222 Atque
1530 4134 1631 4198 illa
1655 4132 1919 4222 quidem
1944 4133 2137 4197 verba
2157 4133 2463 4223 :Incipias
2478 4185 2499 4218 ,
