2975 4684
805 371 1394 459 EORUMQUE
1453 375 2101 447 FRAGMENTA.
2376 378 2509 471 491

387 498 678 573 discedit.
712 506 768 571 E
800 507 1214 569 Catacausmo
1241 505 1434 603 etiam
1465 504 1735 571 Vossius
1762 522 1828 569 et
1862 504 2375 593 Oudendorpius
2406 529 2521 593 pu-

386 630 526 679 tant
561 636 701 679 esse
745 635 996 693 versus,
1021 635 1188 699 quos
1221 613 1519 677 Lutatius
1564 612 1647 677 ad
1682 612 1839 677 Stat.
1878 612 2087 677 Theb.
2128 613 2260 693 IX,
2288 616 2454 695 424,
2482 636 2518 677 e

386 721 630 787 Lucani
669 719 1022 807 Catagonio
1052 717 1318 783 adducit
1344 742 1360 784 :

667 874 893 927 Thebais
907 876 1160 928 Alcmene
1173 912 1188 937 ,
1215 893 1320 947 qua
1347 873 1476 927 dum
1506 875 1771 928 fineretur
1794 874 2011 947 Olympi

667 965 880 1030 Rector,
899 964 1206 1017 Luciferum
1229 976 1307 1017 ter
1317 968 1544 1037 jusserat
1562 962 1831 1035 Hesperon
1852 981 1982 1016 esse.

387 1118 512 1185 Sed
549 1120 638 1183 ibi
671 1143 792 1207 pro
824 1123 1164 1208 catagonio
1200 1121 1478 1210 Scaliger
1518 1122 1675 1210 legit
1718 1120 2048 1207 catalogo,
2090 1134 2156 1181 et
2185 1118 2521 1181 Lucanum

385 1243 605 1291 censet
637 1226 996 1291 Heroidum
1033 1229 1394 1317 catalogum
1442 1228 1779 1317 reliquisse
1821 1228 2027 1291 instar
2069 1224 2372 1299 Hesiodi,
2407 1223 2521 1311 qui

383 1342 524 1403 ἤοίας
552 1334 836 1423 scripsit,
863 1348 928 1398 et
958 1345 1250 1415 καταῦογον.
1279 1336 1420 1424 Ego
1449 1357 1605 1398 vero
1636 1334 1853 1399 neutri
1889 1332 2221 1397 sententiae
2251 1352 2520 1419 possum

384 1439 826 1537 subscribere,
853 1459 1047 1532 atque
1070 1443 1166 1506 uti
1192 1466 1229 1508 e
1257 1460 1693 1525 catacausmo‚
1719 1442 1787 1505 h.
1818 1464 1875 1505 e.
1906 1439 2073 1505 libro
2103 1439 2185 1504 de
2216 1436 2521 1503 incendio

385 1545 565 1611 urbis
583 1594 601 1627 ,
621 1562 909 1636 repetere
935 1570 1065 1612 non
1093 1570 1359 1637 possum
1379 1570 1604 1613 versus
1622 1597 1640 1630 ,
1666 1548 1777 1637 qui
1806 1547 1889 1612 de
1915 1550 1947 1612 J
1953 1547 2090 1611 ovis
2112 1563 2177 1609 et
2197 1546 2521 1610 Alcmenae

385 1653 744 1717 concubitu
781 1672 986 1743 agunt
1007 1704 1023 1737 ‚
1057 1656 1143 1718 ita
1181 1678 1396 1743 neque
1429 1654 1701 1745 catalogi
1736 1654 1998 1719 titulum
2036 1651 2375 1743 catagonio
2404 1648 2521 1714 ad-

385 1756 658 1821 modum
699 1759 976 1822 similem
1009 1760 1262 1846 reperio
1288 1808 1306 1841 ,
1339 1775 1416 1823 ut
1445 1761 1643 1824 latere
1675 1760 1741 1823 in
1778 1760 1903 1823 isto
1929 1758 2246 1822 vocabulo
2279 1756 2521 1845 possit3

383 1878 580 1952 atque
615 1864 810 1945 hujus
851 1865 1134 1929 nominis
1170 1866 1424 1931 nullum
1461 1866 1703 1931 librum
1740 1864 1985 1930 Lucani
2022 1888 2059 1927 a
2087 1879 2346 1928 vetusto
2384 1862 2523 1942 ejus

381 1970 528 2034 vitae
561 1969 872 2062 scriptore
905 1972 1248 2035 memorari
1269 1971 1478 2037 video.
1508 1972 1673 2036 Mihi
1702 1972 1910 2036 multo
1934 1970 2332 2060 probabilius
2354 1967 2526 2033 vide-

385 2090 514 2154 tur,
547 2076 812 2140 titulum
841 2077 1024 2158 libri,
1050 2076 1166 2165 qui
1199 2077 1268 2139 in
1301 2078 1543 2141 Lutatii
1574 2076 1978 2165 adlegatione
2009 2078 2390 2166 catagonion
2426 2073 2523 2138 di-

385 2184 576 2264 citur,
597 2182 796 2246 fuisse
819 2194 1148 2264 καταγῦναιον
1165 2230 1183 2259 ,
1203 2183 1306 2246 vel
1331 2193 1675 2264 καταγυναίων
1690 2232 1709 2257 ‚
1730 2184 1796 2246 in
1828 2205 2040 2271 eoque
2066 2198 2359 2246 tractatas
2388 2203 2527 2245 esse

383 2286 636 2352 fabulas
661 2303 1004 2375 poetarum
1028 2287 1109 2351 de
1137 2287 1466 2351 amoribus
1490 2288 1784 2351 Deorum
1810 2304 1877 2352 et
1901 2288 2179 2351 heroum
2210 2310 2526 2376 quorum-

387 2393 538 2458 dam
573 2395 1076 2459 mulierosorum
1109 2393 1609 2475 celebrioribus;
1642 2393 2031 2482 easdemque
2072 2416 2209 2457 esse
2251 2392 2526 2459 Salticas

363 2499 680 2589 fabulas,
712 2524 870 2588 quas
910 2517 1139 2565 auctor
1164 2502 1310 2565 vitae
1355 2501 1601 2565 Lucani
1643 2503 1815 2565 inter
1852 2502 2087 2590 scripta
2132 2502 2269 2581 ejus
2307 2502 2522 2564 refert.

387 2609 660 2673 Vossius
681 2608 811 2689 jam
841 2610 996 2673 huic
1033 2609 1369 2674 sententiae
1401 2610 1671 2698 propior
1701 2626 1831 2692 est,
1871 2631 2078 2698 quum
2108 2607 2367 2675 saltc’cas
2398 2606 2525 2671 dici

388 2729 612 2804 putat,
655 2713 840 2802 quod
887 2738 988 2779 res
1035 2732 1372 2781 narrarent
1419 2713 1502 2780 ad
1552 2715 1750 2781 saltus
1804 2718 2205 2805 pertinentes
2230 2763 2247 2794 ,
2290 2736 2529 2802 nempe

389 2842 644 2885 amores
675 2821 1055 2909 Satyrorum
1093 2837 1159 2887 et
1191 2822 1668 2911 Nympharum.
1701 2822 1843 2912 Ego
1874 2822 2094 2885 malim
2129 2821 2529 2901 existimare,

392 2928 518 2991 nisi
539 2928 848 2993 vitiosum
875 2943 974 2992 est
991 2929 1420 3012 vocabulum,
1445 2952 1480 2993 a
1510 2930 1776 2993 Lucano
1800 2927 1869 2992 id
1894 2926 2245 2992 formatum
2271 2950 2308 2991 e
2327 2924 2529 2990 verbo

391 3034 552 3099 salio
578 3053 645 3099 et
668 3034 839 3100 saltu
860 3035 962 3100 vel
983 3036 1275 3100 salitione
1304 3058 1444 3101 esse
1460 3084 1478 3119 ,
1508 3052 1585 3101 ut
1609 3056 1861 3100 amores
1892 3036 2183 3099 Deorum
2214 3055 2531 3121 quorum-

395 3138 546 3203 dam
581 3141 963 3205 salaciorum
997 3141 1414 3229 exprimeret,
1453 3164 1621 3229 quos
1653 3141 1775 3229 ipsi
1809 3141 2003 3205 etiam
2040 3141 2205 3204 saltu
2244 3154 2309 3202 et
2340 3140 2531 3203 salta·

395 3247 574 3312 tione
605 3246 962 3337 significare
993 3246 1325 3331 di‘cuntur,
1355 3263 1433 3311 ut
1461 3248 1637 3337 apud
1665 3248 1891 3338 virgil.
1924 3248 2061 3311 Ecl.
2093 3247 2175 3329 V,
2204 3269 2281 3335 71
2310 3269 2325 3310 ε
2356 3245 2531 3309 «Sal-

400 3368 608 3417 tantes
634 3354 894 3441 Satyros
925 3354 1286 3418 imitabitur
1309 3353 1760 3441 Alp'hesiboeus
1787 3352 1881 3441 (1)
1899 3384 1945 3418 ιι.
1984 3355 2061 3417 In
2092 3354 2203 3419 tali
2231 3366 2533 3442 poemate

467 3602 548 3671 (ι)
573 3600 634 3655 Ρ.
659 3603 729 3655 D.
756 3600 980 3655 Huetius
997 3641 1012 3667 ,
1043 3602 1110 3655 de
1139 3602 1342 3674 origine
1365 3602 1531 3655 fabul.
1550 3604 1864 3657 Romanens.
1884 3620 1936 3676 p.
1962 3604 2057 3673 78,
2089 3602 2332 3675 conjicit,
2359 3601 2532 3654 Luce-

397 3708 528 3742 num
555 3690 750 3743 fabulis
776 3691 983 3744 Salticis
1009 3690 1066 3743 id
1095 3708 1292 3744 nomen
1324 3692 1663 3764 imposuisse,
1709 3691 1853 3764 qnod
1873 3729 1889 3756 ,
1917 3690 2371 3763 quemadmodum
2399 3690 2532 3743 Ter-

398 3778 650 3832 tullianus
679 3778 970 3832 Herodiadi
1011 3780 1215 3835 Salticoe
1254 3798 1482 3845 nomen,
1532 3779 1635 3833 hoc
1674 3794 1751 3833 est
1770 3819 1785 3844 ,
1825 3781 2158 3841 saltationis,
2194 3778 2419 3845 indidit,
2454 3778 2539 3832 lm

399 3864 472 3920 ad
496 3868 782 3922 saltationis
819 3886 974 3921 usum
1007 3868 1308 3940 composite
1344 3868 1564 3921 fuissent
1586 3907 1603 3933 ,
1646 3870 1792 3940 quasi
1826 3869 1947 3943 quis
1978 3868 2140 3923 hodie
2161 3866 2537 3940 Tripudiornm

399 3957 727 4011 narrationes
756 3956 919 4011 dieat.
945 3958 1086 4010 Tum
1119 3958 1326 4031 subjicit
1363 3958 1544 4011 forsan
1575 3958 1889 4011 Salticarum
1918 3978 2113 4011 nomen
2152 3956 2505 4031 depravatum
2524 3996 2539 4023 ,

403 4056 454 4098 et
471 4048 710 4098 psalticas
731 4045 997 4099 vocandas
1034 4066 1146 4101 esse
1164 4086 1179 4112 ,
1215 4048 1366 4119 quasi
1405 4047 1472 4102 ad
1513 4048 1835 4103 cantandum
1872 4048 2311 4103 accommodatas.
2350 4046 2543 4112 Qualia

408 4147 530 4187 sunt
561 4152 681 4207 quare
713 4147 970 4189 nostrates
998 4142 1162 4205 Opera
1191 4137 1438 4192 vocitant.
1482 4137 1585 4189 En.
