<?xml version="1.0" encoding="UTF-8"?>
<!DOCTYPE html PUBLIC "-//W3C//DTD XHTML 1.0 Transitional//EN"
    "http://www.w3.org/TR/xhtml1/DTD/xhtml1-transitional.dtd">
<html xmlns="http://www.w3.org/1999/xhtml" xml:lang="en" lang="en">
 <head>
  <title>
</title>
<meta http-equiv="Content-Type" content="text/html;charset=utf-8" />
  <meta name='ocr-system' content='tesseract 3.04.00' />
  <meta name='ocr-capabilities' content='ocr_page ocr_carea ocr_par ocr_line ocrx_word'/>
</head>
<body>
  <div class='ocr_page' id='page_1' title='image "./poetaelatinimin00unkngoog_0477.png"; bbox 0 0 2975 4684; ppageno 0'>
   <div class='ocr_carea' id='block_1_1' title="bbox 523 351 1895 450">
    <p class='ocr_par' dir='ltr' id='par_1_1' title="bbox 523 351 1895 450">
     <span class='ocr_line' id='line_1_1' title="bbox 523 351 1895 450; baseline 0 -16"><span class='ocrx_word' id='word_1_1' title='bbox 523 361 664 450; x_wconf 76' lang='lat'><strong>468</strong></span> <span class='ocrx_word' id='word_1_2' title='bbox 717 407 722 412; x_wconf 87' lang='lat'><em>-</em></span> <span class='ocrx_word' id='word_1_3' title='bbox 1301 365 1433 434; x_wconf 87' lang='lat' dir='ltr'><strong>DE</strong></span> <span class='ocrx_word' id='word_1_4' title='bbox 1487 351 1895 434; x_wconf 74' lang='lat' dir='ltr'><strong>NOMINE</strong></span> 
     </span>
    </p>
   </div>
   <div class='ocr_carea' id='block_1_2' title="bbox 809 491 2269 656">
    <p class='ocr_par' dir='ltr' id='par_1_2' title="bbox 809 491 2269 656">
     <span class='ocr_line' id='line_1_2' title="bbox 809 491 2151 568; baseline 0.001 -23"><span class='ocrx_word' id='word_1_5' title='bbox 809 491 1016 547; x_wconf 77' lang='lat' dir='ltr'><strong>Tendat</strong></span> <span class='ocrx_word' id='word_1_6' title='bbox 1045 505 1101 546; x_wconf 82' lang='lat' dir='ltr'><strong>ut</strong></span> <span class='ocrx_word' id='word_1_7' title='bbox 1125 492 1286 547; x_wconf 77' lang='lat' dir='ltr'><strong>infusi</strong></span> <span class='ocrx_word' id='word_1_8' title='bbox 1312 493 1533 546; x_wconf 82' lang='lat' dir='ltr'><strong>rutilum</strong></span> <span class='ocrx_word' id='word_1_9' title='bbox 1556 494 1747 568; x_wconf 78' lang='lat' dir='ltr'><strong>jubar-3</strong></span> <span class='ocrx_word' id='word_1_10' title='bbox 1776 495 1955 560; x_wconf 76' lang='lat' dir='ltr'><strong>altera,</strong></span> <span class='ocrx_word' id='word_1_11' title='bbox 1980 493 2151 548; x_wconf 76' lang='lat' dir='ltr'><strong>noctis</strong></span> 
     </span>
     <span class='ocr_line' id='line_1_3' title="bbox 809 581 2269 656; baseline 0.003 -23"><span class='ocrx_word' id='word_1_12' title='bbox 809 582 881 634; x_wconf 86' lang='lat' dir='ltr'><strong>Ut</strong></span> <span class='ocrx_word' id='word_1_13' title='bbox 907 581 1022 636; x_wconf 73' lang='lat' dir='ltr'><strong>face</strong></span> <span class='ocrx_word' id='word_1_14' title='bbox 1047 581 1339 636; x_wconf 73' lang='lat' dir='ltr'><strong>flammanti</strong></span> <span class='ocrx_word' id='word_1_15' title='bbox 1365 584 1667 636; x_wconf 74' lang='lat' dir='ltr'><strong>tenebrosos</strong></span> <span class='ocrx_word' id='word_1_16' title='bbox 1693 595 1907 656; x_wconf 79' lang='lat' dir='ltr'><strong>rumpat</strong></span> <span class='ocrx_word' id='word_1_17' title='bbox 1932 585 2157 638; x_wconf 82' lang='lat' dir='ltr'><strong>amictus</strong></span> <span class='ocrx_word' id='word_1_18' title='bbox 2175 587 2269 654; x_wconf 73' lang='grc' dir='ltr'><strong>(ι).</strong></span> 
     </span>
    </p>
   </div>
   <div class='ocr_carea' id='block_1_3' title="bbox 508 780 2663 3626">
    <p class='ocr_par' dir='ltr' id='par_1_3' title="bbox 517 780 2663 1376">
     <span class='ocr_line' id='line_1_4' title="bbox 522 780 2661 869; baseline 0 -25"><span class='ocrx_word' id='word_1_19' title='bbox 522 780 660 846; x_wconf 86' lang='lat' dir='ltr'><strong>Etsi</strong></span> <span class='ocrx_word' id='word_1_20' title='bbox 698 780 1202 869; x_wconf 85' lang='lat' dir='ltr'><strong>Cannegieterus</strong></span> <span class='ocrx_word' id='word_1_21' title='bbox 1229 781 1526 868; x_wconf 87' lang='lat' dir='ltr'><strong>ineptum</strong></span> <span class='ocrx_word' id='word_1_22' title='bbox 1554 802 1707 844; x_wconf 82' lang='lat' dir='ltr'><strong>eum</strong></span> <span class='ocrx_word' id='word_1_23' title='bbox 1739 802 1878 844; x_wconf 87' lang='lat' dir='ltr'><strong>esse</strong></span> <span class='ocrx_word' id='word_1_24' title='bbox 1902 781 2319 869; x_wconf 71' lang='lat' dir='ltr'><strong>pronuntiat,</strong></span> <span class='ocrx_word' id='word_1_25' title='bbox 2355 780 2476 869; x_wconf 84' lang='lat' dir='ltr'><strong>qui</strong></span> <span class='ocrx_word' id='word_1_26' title='bbox 2510 781 2661 846; x_wconf 89' lang='lat' dir='ltr'><strong>inde</strong></span> 
     </span>
     <span class='ocr_line' id='line_1_5' title="bbox 521 885 2662 952; baseline -0.001 0"><span class='ocrx_word' id='word_1_27' title='bbox 521 889 787 952; x_wconf 82' lang='lat' dir='ltr'><strong>Festum</strong></span> <span class='ocrx_word' id='word_1_28' title='bbox 817 887 1140 952; x_wconf 83' lang='lat' dir='ltr'><strong>Avienum</strong></span> <span class='ocrx_word' id='word_1_29' title='bbox 1173 885 1692 950; x_wconf 86' lang='lat' dir='ltr'><strong>Christianorum</strong></span> <span class='ocrx_word' id='word_1_30' title='bbox 1716 885 1911 950; x_wconf 87' lang='lat' dir='ltr'><strong>sacris</strong></span> <span class='ocrx_word' id='word_1_31' title='bbox 1946 885 2281 950; x_wconf 88' lang='lat' dir='ltr'><strong>addictum</strong></span> <span class='ocrx_word' id='word_1_32' title='bbox 2316 888 2523 952; x_wconf 82' lang='lat' dir='ltr'><strong>fuisse</strong></span> <span class='ocrx_word' id='word_1_33' title='bbox 2558 911 2662 950; x_wconf 81' lang='lat' dir='ltr'><strong>ar-</strong></span> 
     </span>
     <span class='ocr_line' id='line_1_6' title="bbox 519 991 2663 1082; baseline 0 -24"><span class='ocrx_word' id='word_1_34' title='bbox 519 994 832 1075; x_wconf 82' lang='lat' dir='ltr'><strong>bitretur,</strong></span> <span class='ocrx_word' id='word_1_35' title='bbox 865 992 1218 1081; x_wconf 64' lang='lat' dir='ltr'><strong>praesertim</strong></span> <span class='ocrx_word' id='word_1_36' title='bbox 1247 1013 1450 1080; x_wconf 85' lang='lat' dir='ltr'><strong>quum</strong></span> <span class='ocrx_word' id='word_1_37' title='bbox 1481 991 1685 1054; x_wconf 77' lang='lat' dir='ltr'><strong>multa</strong></span> <span class='ocrx_word' id='word_1_38' title='bbox 1708 991 1829 1054; x_wconf 81' lang='lat' dir='ltr'><strong>alia</strong></span> <span class='ocrx_word' id='word_1_39' title='bbox 1854 991 1935 1054; x_wconf 89' lang='lat' dir='ltr'><strong>ab</strong></span> <span class='ocrx_word' id='word_1_40' title='bbox 1968 991 2046 1056; x_wconf 86' lang='lat' dir='ltr'><strong>iis</strong></span> <span class='ocrx_word' id='word_1_41' title='bbox 2075 993 2475 1058; x_wconf 81' lang='lat' dir='ltr'><strong>abhorreant</strong></span> <span class='ocrx_word' id='word_1_42' title='bbox 2492 1043 2511 1068; x_wconf 87' lang='lat'><strong>,</strong></span> <span class='ocrx_word' id='word_1_43' title='bbox 2540 1016 2663 1082; x_wconf 86' lang='lat' dir='ltr'><strong>ego</strong></span> 
     </span>
     <span class='ocr_line' id='line_1_7' title="bbox 520 1096 2661 1188; baseline -0.001 -24"><span class='ocrx_word' id='word_1_44' title='bbox 520 1115 736 1164; x_wconf 80' lang='lat' dir='ltr'><strong>tamen</strong></span> <span class='ocrx_word' id='word_1_45' title='bbox 789 1099 1146 1188; x_wconf 80' lang='lat' dir='ltr'><strong>graviorem</strong></span> <span class='ocrx_word' id='word_1_46' title='bbox 1189 1098 1509 1161; x_wconf 87' lang='lat' dir='ltr'><strong>rationem</strong></span> <span class='ocrx_word' id='word_1_47' title='bbox 1556 1119 1690 1160; x_wconf 86' lang='lat' dir='ltr'><strong>non</strong></span> <span class='ocrx_word' id='word_1_48' title='bbox 1740 1096 1963 1179; x_wconf 83' lang='lat' dir='ltr'><strong>video,</strong></span> <span class='ocrx_word' id='word_1_49' title='bbox 2005 1119 2125 1162; x_wconf 89' lang='lat' dir='ltr'><strong>cur</strong></span> <span class='ocrx_word' id='word_1_50' title='bbox 2156 1098 2295 1186; x_wconf 83' lang='lat' dir='ltr'><strong>ipse</strong></span> <span class='ocrx_word' id='word_1_51' title='bbox 2326 1099 2661 1164; x_wconf 79' lang='lat' dir='ltr'><strong>Avienum</strong></span> 
     </span>
     <span class='ocr_line' id='line_1_8' title="bbox 521 1201 2662 1294; baseline -0.001 -22"><span class='ocrx_word' id='word_1_52' title='bbox 521 1205 726 1272; x_wconf 83' lang='lat' dir='ltr'><strong>Servii</strong></span> <span class='ocrx_word' id='word_1_53' title='bbox 751 1205 1188 1276; x_wconf 81' lang='lat' dir='ltr'><strong>Christianum</strong></span> <span class='ocrx_word' id='word_1_54' title='bbox 1213 1225 1354 1266; x_wconf 85' lang='lat' dir='ltr'><strong>esse</strong></span> <span class='ocrx_word' id='word_1_55' title='bbox 1377 1203 1709 1283; x_wconf 87' lang='lat' dir='ltr'><strong>maluerit,</strong></span> <span class='ocrx_word' id='word_1_56' title='bbox 1742 1201 1922 1291; x_wconf 91' lang='lat' dir='ltr'><strong>quod</strong></span> <span class='ocrx_word' id='word_1_57' title='bbox 1944 1203 2139 1268; x_wconf 82' lang='lat' dir='ltr'><strong>verba</strong></span> <span class='ocrx_word' id='word_1_58' title='bbox 2169 1229 2249 1269; x_wconf 85' lang='lat' dir='ltr'><strong>ex</strong></span> <span class='ocrx_word' id='word_1_59' title='bbox 2264 1206 2662 1294; x_wconf 79' lang='lat' dir='ltr'><strong>Evangelico</strong></span> 
     </span>
     <span class='ocr_line' id='line_1_9' title="bbox 517 1308 1406 1376; baseline -0.007 0"><span class='ocrx_word' id='word_1_60' title='bbox 517 1311 688 1376; x_wconf 87' lang='lat' dir='ltr'><strong>libro</strong></span> <span class='ocrx_word' id='word_1_61' title='bbox 723 1325 1058 1374; x_wconf 74' lang='lat' dir='ltr'><strong>mutuasse</strong></span> <span class='ocrx_word' id='word_1_62' title='bbox 1087 1308 1260 1372; x_wconf 80' lang='lat' dir='ltr'><strong>visus</strong></span> <span class='ocrx_word' id='word_1_63' title='bbox 1286 1324 1406 1372; x_wconf 86' lang='lat' dir='ltr'><strong>est.</strong></span> 
     </span>
    </p>

    <p class='ocr_par' dir='ltr' id='par_1_4' title="bbox 508 1412 2663 3626">
     <span class='ocr_line' id='line_1_10' title="bbox 606 1412 2659 1502; baseline 0 -22"><span class='ocrx_word' id='word_1_64' title='bbox 606 1417 936 1498; x_wconf 79' lang='lat' dir='ltr'><strong>Hactenus</strong></span> <span class='ocrx_word' id='word_1_65' title='bbox 962 1412 1226 1502; x_wconf 86' lang='lat' dir='ltr'><strong>quidem</strong></span> <span class='ocrx_word' id='word_1_66' title='bbox 1247 1412 1545 1478; x_wconf 80' lang='lat' dir='ltr'><strong>adductis</strong></span> <span class='ocrx_word' id='word_1_67' title='bbox 1564 1413 1925 1478; x_wconf 76' lang='lat' dir='ltr'><strong>rationibus</strong></span> <span class='ocrx_word' id='word_1_68' title='bbox 1944 1437 2202 1478; x_wconf 86' lang='lat' dir='ltr'><strong>carmen</strong></span> <span class='ocrx_word' id='word_1_69' title='bbox 2224 1417 2659 1481; x_wconf 85' lang='lat' dir='ltr'><strong>Homericum</strong></span> 
     </span>
     <span class='ocr_line' id='line_1_11' title="bbox 525 1518 2662 1608; baseline -0.001 -20"><span class='ocrx_word' id='word_1_70' title='bbox 525 1526 716 1588; x_wconf 84' lang='lat' dir='ltr'><strong>Festo</strong></span> <span class='ocrx_word' id='word_1_71' title='bbox 729 1521 977 1586; x_wconf 77' lang='lat' dir='ltr'><strong>Avieno</strong></span> <span class='ocrx_word' id='word_1_72' title='bbox 991 1518 1428 1586; x_wconf 81' lang='lat' dir='ltr'><strong>adserendum</strong></span> <span class='ocrx_word' id='word_1_73' title='bbox 1446 1519 1625 1602; x_wconf 75' lang='lat' dir='ltr'><strong>duxi,</strong></span> <span class='ocrx_word' id='word_1_74' title='bbox 1644 1541 1777 1584; x_wconf 89' lang='lat' dir='ltr'><strong>non</strong></span> <span class='ocrx_word' id='word_1_75' title='bbox 1804 1520 1987 1608; x_wconf 82' lang='lat' dir='ltr'><strong>quod</strong></span> <span class='ocrx_word' id='word_1_76' title='bbox 2010 1521 2190 1584; x_wconf 89' lang='lat' dir='ltr'><strong>hunc</strong></span> <span class='ocrx_word' id='word_1_77' title='bbox 2209 1523 2402 1586; x_wconf 87' lang='lat' dir='ltr'><strong>unice</strong></span> <span class='ocrx_word' id='word_1_78' title='bbox 2423 1545 2662 1586; x_wconf 85' lang='lat' dir='ltr'><strong>verum</strong></span> 
     </span>
     <span class='ocr_line' id='line_1_12' title="bbox 521 1625 2660 1715; baseline -0 -21"><span class='ocrx_word' id='word_1_79' title='bbox 521 1645 588 1694; x_wconf 84' lang='lat' dir='ltr'><strong>et</strong></span> <span class='ocrx_word' id='word_1_80' title='bbox 618 1643 870 1694; x_wconf 84' lang='lat' dir='ltr'><strong>certum</strong></span> <span class='ocrx_word' id='word_1_81' title='bbox 899 1642 1233 1691; x_wconf 85' lang='lat' dir='ltr'><strong>auctorem</strong></span> <span class='ocrx_word' id='word_1_82' title='bbox 1265 1641 1563 1714; x_wconf 88' lang='lat' dir='ltr'><strong>putarem</strong></span> <span class='ocrx_word' id='word_1_83' title='bbox 1580 1674 1599 1707; x_wconf 91' lang='lat'><strong>,</strong></span> <span class='ocrx_word' id='word_1_84' title='bbox 1636 1625 1753 1690; x_wconf 88' lang='lat' dir='ltr'><strong>sed</strong></span> <span class='ocrx_word' id='word_1_85' title='bbox 1784 1625 1966 1715; x_wconf 85' lang='lat' dir='ltr'><strong>quod</strong></span> <span class='ocrx_word' id='word_1_86' title='bbox 1992 1627 2321 1696; x_wconf 83' lang='lat' dir='ltr'><strong>neminem</strong></span> <span class='ocrx_word' id='word_1_87' title='bbox 2342 1628 2551 1692; x_wconf 87' lang='lat' dir='ltr'><strong>alium</strong></span> <span class='ocrx_word' id='word_1_88' title='bbox 2582 1653 2660 1714; x_wconf 66' lang='lat' dir='ltr'><strong>ex</strong></span> 
     </span>
     <span class='ocr_line' id='line_1_13' title="bbox 519 1731 2663 1812; baseline -0.001 -12"><span class='ocrx_word' id='word_1_89' title='bbox 519 1736 691 1801; x_wconf 84' lang='lat' dir='ltr'><strong>notis</strong></span> <span class='ocrx_word' id='word_1_90' title='bbox 723 1733 1088 1800; x_wconf 78' lang='lat' dir='ltr'><strong>certiorem.</strong></span> <span class='ocrx_word' id='word_1_91' title='bbox 1107 1733 1274 1798; x_wconf 83' lang='lat' dir='ltr'><strong>Nam</strong></span> <span class='ocrx_word' id='word_1_92' title='bbox 1298 1731 1685 1796; x_wconf 80' lang='lat' dir='ltr'><strong>testimoniis</strong></span> <span class='ocrx_word' id='word_1_93' title='bbox 1698 1731 2033 1812; x_wconf 80' lang='lat' dir='ltr'><strong>Veterum,</strong></span> <span class='ocrx_word' id='word_1_94' title='bbox 2064 1748 2177 1796; x_wconf 89' lang='lat' dir='ltr'><strong>aut</strong></span> <span class='ocrx_word' id='word_1_95' title='bbox 2204 1731 2515 1798; x_wconf 89' lang='lat' dir='ltr'><strong>codicum</strong></span> <span class='ocrx_word' id='word_1_96' title='bbox 2548 1757 2663 1798; x_wconf 89' lang='lat' dir='ltr'><strong>au-</strong></span> 
     </span>
     <span class='ocr_line' id='line_1_14' title="bbox 518 1837 2659 1928; baseline -0.002 -20"><span class='ocrx_word' id='word_1_97' title='bbox 518 1842 815 1908; x_wconf 74' lang='lat' dir='ltr'><strong>ctoritate</strong></span> <span class='ocrx_word' id='word_1_98' title='bbox 833 1840 942 1904; x_wconf 90' lang='lat' dir='ltr'><strong>hic</strong></span> <span class='ocrx_word' id='word_1_99' title='bbox 957 1839 1124 1904; x_wconf 84' lang='lat' dir='ltr'><strong>nihil</strong></span> <span class='ocrx_word' id='word_1_100' title='bbox 1140 1838 1353 1926; x_wconf 83' lang='lat' dir='ltr'><strong>agitur</strong></span> <span class='ocrx_word' id='word_1_101' title='bbox 1368 1887 1386 1920; x_wconf 90' lang='lat'><strong>,</strong></span> <span class='ocrx_word' id='word_1_102' title='bbox 1409 1854 1474 1902; x_wconf 91' lang='lat' dir='ltr'><strong>et</strong></span> <span class='ocrx_word' id='word_1_103' title='bbox 1489 1837 1752 1902; x_wconf 83' lang='lat' dir='ltr'><strong>abunde</strong></span> <span class='ocrx_word' id='word_1_104' title='bbox 1770 1854 2027 1904; x_wconf 88' lang='lat' dir='ltr'><strong>constat</strong></span> <span class='ocrx_word' id='word_1_105' title='bbox 2040 1887 2059 1920; x_wconf 95' lang='lat'>‚</span> <span class='ocrx_word' id='word_1_106' title='bbox 2079 1855 2415 1904; x_wconf 80' lang='lat' dir='ltr'><strong>auctorem</strong></span> <span class='ocrx_word' id='word_1_107' title='bbox 2432 1841 2659 1928; x_wconf 86' lang='lat' dir='ltr'><strong>ipsum</strong></span> 
     </span>
     <span class='ocr_line' id='line_1_15' title="bbox 519 1943 2655 2034; baseline -0.002 -19"><span class='ocrx_word' id='word_1_108' title='bbox 519 1971 764 2016; x_wconf 87' lang='lat' dir='ltr'><strong>nomen</strong></span> <span class='ocrx_word' id='word_1_109' title='bbox 789 1969 982 2012; x_wconf 88' lang='lat' dir='ltr'><strong>suum</strong></span> <span class='ocrx_word' id='word_1_110' title='bbox 1007 1945 1292 2034; x_wconf 82' lang='lat' dir='ltr'><strong>poemati</strong></span> <span class='ocrx_word' id='word_1_111' title='bbox 1317 1967 1450 2010; x_wconf 84' lang='lat' dir='ltr'><strong>non</strong></span> <span class='ocrx_word' id='word_1_112' title='bbox 1469 1943 1899 2033; x_wconf 78' lang='lat' dir='ltr'><strong>inscripsisse,</strong></span> <span class='ocrx_word' id='word_1_113' title='bbox 1916 1945 2114 2034; x_wconf 87' lang='lat' dir='ltr'><strong>idque</strong></span> <span class='ocrx_word' id='word_1_114' title='bbox 2133 1946 2498 2034; x_wconf 86' lang='lat' dir='ltr'><strong>antiquitus</strong></span> <span class='ocrx_word' id='word_1_115' title='bbox 2518 1969 2655 2012; x_wconf 85' lang='lat' dir='ltr'><strong>non</strong></span> 
     </span>
     <span class='ocr_line' id='line_1_16' title="bbox 520 2051 2659 2143; baseline -0.002 -21"><span class='ocrx_word' id='word_1_116' title='bbox 520 2057 645 2122; x_wconf 88' lang='lat' dir='ltr'><strong>alio</strong></span> <span class='ocrx_word' id='word_1_117' title='bbox 671 2055 797 2120; x_wconf 90' lang='lat' dir='ltr'><strong>sub</strong></span> <span class='ocrx_word' id='word_1_118' title='bbox 827 2053 1126 2134; x_wconf 87' lang='lat' dir='ltr'><strong>nomine,</strong></span> <span class='ocrx_word' id='word_1_119' title='bbox 1155 2074 1350 2140; x_wconf 81' lang='lat' dir='ltr'><strong>quam</strong></span> <span class='ocrx_word' id='word_1_120' title='bbox 1377 2052 1583 2139; x_wconf 87' lang='lat' dir='ltr'><strong>ipsius</strong></span> <span class='ocrx_word' id='word_1_121' title='bbox 1602 2051 1907 2134; x_wconf 86' lang='lat' dir='ltr'><strong>Homeri,</strong></span> <span class='ocrx_word' id='word_1_122' title='bbox 1936 2053 2275 2140; x_wconf 86' lang='lat' dir='ltr'><strong>cognitum</strong></span> <span class='ocrx_word' id='word_1_123' title='bbox 2304 2069 2371 2118; x_wconf 87' lang='lat' dir='ltr'><strong>et</strong></span> <span class='ocrx_word' id='word_1_124' title='bbox 2398 2053 2659 2143; x_wconf 77' lang='lat' dir='ltr'><strong>adlega-</strong></span> 
     </span>
     <span class='ocr_line' id='line_1_17' title="bbox 519 2158 2655 2245; baseline -0.001 -17"><span class='ocrx_word' id='word_1_125' title='bbox 519 2179 660 2228; x_wconf 87' lang='lat' dir='ltr'><strong>tum</strong></span> <span class='ocrx_word' id='word_1_126' title='bbox 681 2211 700 2244; x_wconf 91' lang='lat'>‚</span> <span class='ocrx_word' id='word_1_127' title='bbox 744 2177 809 2224; x_wconf 91' lang='lat' dir='ltr'><strong>et</strong></span> <span class='ocrx_word' id='word_1_128' title='bbox 840 2183 877 2224; x_wconf 91' lang='lat' dir='ltr'><strong>a</strong></span> <span class='ocrx_word' id='word_1_129' title='bbox 905 2159 1182 2224; x_wconf 84' lang='lat' dir='ltr'><strong>librariis</strong></span> <span class='ocrx_word' id='word_1_130' title='bbox 1213 2158 1606 2245; x_wconf 82' lang='lat' dir='ltr'><strong>exscriptum</strong></span> <span class='ocrx_word' id='word_1_131' title='bbox 1642 2179 1801 2224; x_wconf 87' lang='lat' dir='ltr'><strong>esse.</strong></span> <span class='ocrx_word' id='word_1_132' title='bbox 1843 2158 2415 2241; x_wconf 80' lang='lat' dir='ltr'><strong>Quemadmodum</strong></span> <span class='ocrx_word' id='word_1_133' title='bbox 2456 2161 2655 2225; x_wconf 88' lang='lat' dir='ltr'><strong>etiam</strong></span> 
     </span>
     <span class='ocr_line' id='line_1_18' title="bbox 515 2263 2652 2365; baseline -0.001 -31"><span class='ocrx_word' id='word_1_134' title='bbox 515 2292 668 2334; x_wconf 87' lang='lat' dir='ltr'><strong>cum</strong></span> <span class='ocrx_word' id='word_1_135' title='bbox 709 2266 890 2365; x_wconf 65' lang='lat' dir='ltr'><strong>Arati</strong></span> <span class='ocrx_word' id='word_1_136' title='bbox 921 2263 1408 2346; x_wconf 83' lang='lat' dir='ltr'><strong>Phaenomenis,</strong></span> <span class='ocrx_word' id='word_1_137' title='bbox 1442 2265 1649 2328; x_wconf 86' lang='lat' dir='ltr'><strong>latino</strong></span> <span class='ocrx_word' id='word_1_138' title='bbox 1682 2265 1910 2329; x_wconf 84' lang='lat' dir='ltr'><strong>Avieni</strong></span> <span class='ocrx_word' id='word_1_139' title='bbox 1960 2265 2243 2330; x_wconf 86' lang='lat' dir='ltr'><strong>carmine</strong></span> <span class='ocrx_word' id='word_1_140' title='bbox 2285 2268 2613 2332; x_wconf 82' lang='lat' dir='ltr'><strong>translatis</strong></span> <span class='ocrx_word' id='word_1_141' title='bbox 2635 2314 2652 2349; x_wconf 91' lang='lat'>‚</span> 
     </span>
     <span class='ocr_line' id='line_1_19' title="bbox 516 2369 2653 2462; baseline -0.003 -20"><span class='ocrx_word' id='word_1_142' title='bbox 516 2379 758 2442; x_wconf 79' lang='lat' dir='ltr'><strong>factum</strong></span> <span class='ocrx_word' id='word_1_143' title='bbox 781 2371 1084 2459; x_wconf 79' lang='lat' dir='ltr'><strong>est-,quod</strong></span> <span class='ocrx_word' id='word_1_144' title='bbox 1101 2372 1290 2437; x_wconf 87' lang='lat' dir='ltr'><strong>subin</strong></span> <span class='ocrx_word' id='word_1_145' title='bbox 1298 2369 1379 2435; x_wconf 89' lang='lat' dir='ltr'><strong>de</strong></span> <span class='ocrx_word' id='word_1_146' title='bbox 1397 2371 1539 2436; x_wconf 90' lang='lat' dir='ltr'><strong>solo</strong></span> <span class='ocrx_word' id='word_1_147' title='bbox 1549 2371 1727 2438; x_wconf 78' lang='lat' dir='ltr'><strong>Arati</strong></span> <span class='ocrx_word' id='word_1_148' title='bbox 1747 2373 2014 2436; x_wconf 87' lang='lat' dir='ltr'><strong>nomine</strong></span> <span class='ocrx_word' id='word_1_149' title='bbox 2029 2371 2383 2462; x_wconf 81' lang='lat' dir='ltr'><strong>adlegatur,</strong></span> <span class='ocrx_word' id='word_1_150' title='bbox 2398 2373 2653 2438; x_wconf 85' lang='lat' dir='ltr'><strong>etiamsi</strong></span> 
     </span>
     <span class='ocr_line' id='line_1_20' title="bbox 517 2477 2648 2570; baseline -0.002 -24"><span class='ocrx_word' id='word_1_151' title='bbox 517 2505 651 2546; x_wconf 88' lang='lat' dir='ltr'><strong>non</strong></span> <span class='ocrx_word' id='word_1_152' title='bbox 694 2483 832 2570; x_wconf 89' lang='lat' dir='ltr'><strong>ipse</strong></span> <span class='ocrx_word' id='word_1_153' title='bbox 875 2479 1143 2544; x_wconf 79' lang='lat' dir='ltr'><strong>Graecus</strong></span> <span class='ocrx_word' id='word_1_154' title='bbox 1185 2493 1412 2566; x_wconf 86' lang='lat' dir='ltr'><strong>poeta,</strong></span> <span class='ocrx_word' id='word_1_155' title='bbox 1461 2477 1579 2541; x_wconf 87' lang='lat' dir='ltr'><strong>sed</strong></span> <span class='ocrx_word' id='word_1_156' title='bbox 1618 2479 1815 2543; x_wconf 88' lang='lat' dir='ltr'><strong>latina</strong></span> <span class='ocrx_word' id='word_1_157' title='bbox 1858 2479 2189 2544; x_wconf 83' lang='lat' dir='ltr'><strong>translatio</strong></span> <span class='ocrx_word' id='word_1_158' title='bbox 2231 2478 2648 2570; x_wconf 81' lang='lat' dir='ltr'><strong>intelligatur.</strong></span> 
     </span>
     <span class='ocr_line' id='line_1_21' title="bbox 517 2581 2653 2674; baseline 0 -24"><span class='ocrx_word' id='word_1_159' title='bbox 517 2590 734 2669; x_wconf 86' lang='lat' dir='ltr'><strong>Quam</strong></span> <span class='ocrx_word' id='word_1_160' title='bbox 767 2585 854 2650; x_wconf 89' lang='lat' dir='ltr'><strong>ob</strong></span> <span class='ocrx_word' id='word_1_161' title='bbox 881 2606 1170 2649; x_wconf 73' lang='lat' dir='ltr'><strong>oeussam</strong></span> <span class='ocrx_word' id='word_1_162' title='bbox 1197 2599 1262 2646; x_wconf 90' lang='lat' dir='ltr'><strong>et</strong></span> <span class='ocrx_word' id='word_1_163' title='bbox 1291 2581 1711 2648; x_wconf 86' lang='lat' dir='ltr'><strong>deserendam</strong></span> <span class='ocrx_word' id='word_1_164' title='bbox 1748 2586 1972 2673; x_wconf 73' lang='lat' dir='ltr'><strong>putavi</strong></span> <span class='ocrx_word' id='word_1_165' title='bbox 2005 2585 2415 2674; x_wconf 88' lang='lat' dir='ltr'><strong>opinionem,</strong></span> <span class='ocrx_word' id='word_1_166' title='bbox 2450 2609 2653 2674; x_wconf 81' lang='lat' dir='ltr'><strong>quam</strong></span> 
     </span>
     <span class='ocr_line' id='line_1_22' title="bbox 517 2689 2653 2780; baseline -0.001 -22"><span class='ocrx_word' id='word_1_167' title='bbox 517 2695 675 2758; x_wconf 84' lang='lat' dir='ltr'><strong>olim</strong></span> <span class='ocrx_word' id='word_1_168' title='bbox 711 2691 879 2772; x_wconf 82' lang='lat' dir='ltr'><strong>fovi,</strong></span> <span class='ocrx_word' id='word_1_169' title='bbox 913 2707 979 2756; x_wconf 90' lang='lat' dir='ltr'><strong>et</strong></span> <span class='ocrx_word' id='word_1_170' title='bbox 1001 2689 1163 2778; x_wconf 85' lang='lat' dir='ltr'><strong>(huj.</strong></span> <span class='ocrx_word' id='word_1_171' title='bbox 1183 2712 1289 2778; x_wconf 91' lang='lat' dir='ltr'><strong>op.</strong></span> <span class='ocrx_word' id='word_1_172' title='bbox 1309 2706 1480 2754; x_wconf 87' lang='lat' dir='ltr'><strong>nost.</strong></span> <span class='ocrx_word' id='word_1_173' title='bbox 1499 2706 1545 2754; x_wconf 86' lang='lat' dir='ltr'><strong>t.</strong></span> <span class='ocrx_word' id='word_1_174' title='bbox 1570 2692 1657 2772; x_wconf 89' lang='lat'><strong>11,</strong></span> <span class='ocrx_word' id='word_1_175' title='bbox 1682 2715 1745 2778; x_wconf 90' lang='lat' dir='ltr'><strong>p.</strong></span> <span class='ocrx_word' id='word_1_176' title='bbox 1774 2691 1927 2778; x_wconf 80' lang='lat'><strong>313)</strong></span> <span class='ocrx_word' id='word_1_177' title='bbox 1960 2693 2307 2780; x_wconf 83' lang='lat' dir='ltr'><strong>proposui,</strong></span> <span class='ocrx_word' id='word_1_178' title='bbox 2358 2691 2439 2758; x_wconf 90' lang='lat' dir='ltr'><strong>de</strong></span> <span class='ocrx_word' id='word_1_179' title='bbox 2474 2693 2653 2756; x_wconf 89' lang='lat' dir='ltr'><strong>Pen-</strong></span> 
     </span>
     <span class='ocr_line' id='line_1_23' title="bbox 519 2794 2654 2876; baseline -0.001 -14"><span class='ocrx_word' id='word_1_180' title='bbox 519 2798 692 2864; x_wconf 83' lang='lat' dir='ltr'><strong>tadio</strong></span> <span class='ocrx_word' id='word_1_181' title='bbox 725 2795 939 2861; x_wconf 86' lang='lat' dir='ltr'><strong>Iliadis</strong></span> <span class='ocrx_word' id='word_1_182' title='bbox 967 2794 1208 2860; x_wconf 84' lang='lat' dir='ltr'><strong>Latinae</strong></span> <span class='ocrx_word' id='word_1_183' title='bbox 1231 2809 1517 2860; x_wconf 86' lang='lat' dir='ltr'><strong>auctore.</strong></span> <span class='ocrx_word' id='word_1_184' title='bbox 1549 2796 1717 2859; x_wconf 90' lang='lat' dir='ltr'><strong>Nam</strong></span> <span class='ocrx_word' id='word_1_185' title='bbox 1750 2795 1804 2860; x_wconf 82' lang='lat' dir='ltr'><strong>si</strong></span> <span class='ocrx_word' id='word_1_186' title='bbox 1838 2812 2089 2860; x_wconf 89' lang='lat' dir='ltr'><strong>certum</strong></span> <span class='ocrx_word' id='word_1_187' title='bbox 2114 2811 2246 2876; x_wconf 88' lang='lat' dir='ltr'><strong>est,</strong></span> <span class='ocrx_word' id='word_1_188' title='bbox 2286 2819 2526 2860; x_wconf 88' lang='lat' dir='ltr'><strong>nomen</strong></span> <span class='ocrx_word' id='word_1_189' title='bbox 2556 2798 2654 2860; x_wconf 88' lang='lat' dir='ltr'><strong>in-</strong></span> 
     </span>
     <span class='ocr_line' id='line_1_24' title="bbox 517 2899 2651 2993; baseline -0.002 -23"><span class='ocrx_word' id='word_1_190' title='bbox 517 2904 809 2993; x_wconf 81' lang='lat' dir='ltr'><strong>terpretis</strong></span> <span class='ocrx_word' id='word_1_191' title='bbox 834 2901 1045 2966; x_wconf 87' lang='lat' dir='ltr'><strong>Latini</strong></span> <span class='ocrx_word' id='word_1_192' title='bbox 1075 2922 1288 2987; x_wconf 90' lang='lat' dir='ltr'><strong>neque</strong></span> <span class='ocrx_word' id='word_1_193' title='bbox 1306 2899 1388 2964; x_wconf 82' lang='lat' dir='ltr'><strong>ab</strong></span> <span class='ocrx_word' id='word_1_194' title='bbox 1409 2901 1717 2988; x_wconf 85' lang='lat' dir='ltr'><strong>Antiquis</strong></span> <span class='ocrx_word' id='word_1_195' title='bbox 1740 2900 1964 2988; x_wconf 90' lang='lat' dir='ltr'><strong>prodi,</strong></span> <span class='ocrx_word' id='word_1_196' title='bbox 2000 2923 2215 2988; x_wconf 89' lang='lat' dir='ltr'><strong>neque</strong></span> <span class='ocrx_word' id='word_1_197' title='bbox 2236 2901 2306 2964; x_wconf 89' lang='lat' dir='ltr'><strong>in</strong></span> <span class='ocrx_word' id='word_1_198' title='bbox 2318 2901 2651 2989; x_wconf 79' lang='lat' dir='ltr'><strong>antiquio·-</strong></span> 
     </span>
     <span class='ocr_line' id='line_1_25' title="bbox 515 3006 2649 3095; baseline -0.003 -17"><span class='ocrx_word' id='word_1_199' title='bbox 515 3013 698 3078; x_wconf 82' lang='lat' dir='ltr'><strong>ribus</strong></span> <span class='ocrx_word' id='word_1_200' title='bbox 741 3008 1074 3074; x_wconf 82' lang='lat' dir='ltr'><strong>codicibus</strong></span> <span class='ocrx_word' id='word_1_201' title='bbox 1119 3006 1419 3095; x_wconf 82' lang='lat' dir='ltr'><strong>reperiri,</strong></span> <span class='ocrx_word' id='word_1_202' title='bbox 1454 3007 1664 3094; x_wconf 83' lang='lat' dir='ltr'><strong>palam</strong></span> <span class='ocrx_word' id='word_1_203' title='bbox 1706 3022 1803 3070; x_wconf 89' lang='lat' dir='ltr'><strong>est</strong></span> <span class='ocrx_word' id='word_1_204' title='bbox 1822 3056 1841 3087; x_wconf 90' lang='lat'><strong>,</strong></span> <span class='ocrx_word' id='word_1_205' title='bbox 1880 3007 2003 3071; x_wconf 90' lang='lat' dir='ltr'><strong>sub</strong></span> <span class='ocrx_word' id='word_1_206' title='bbox 2056 3006 2317 3072; x_wconf 85' lang='lat' dir='ltr'><strong>Pindari</strong></span> <span class='ocrx_word' id='word_1_207' title='bbox 2348 3007 2649 3072; x_wconf 87' lang='lat' dir='ltr'><strong>Thebani</strong></span> 
     </span>
     <span class='ocr_line' id='line_1_26' title="bbox 516 3111 2646 3202; baseline -0.002 -20"><span class='ocrx_word' id='word_1_208' title='bbox 516 3121 819 3197; x_wconf 88' lang='lat' dir='ltr'><strong>nomine,</strong></span> <span class='ocrx_word' id='word_1_209' title='bbox 866 3112 1052 3202; x_wconf 86' lang='lat' dir='ltr'><strong>quod</strong></span> <span class='ocrx_word' id='word_1_210' title='bbox 1083 3113 1143 3176; x_wconf 90' lang='lat' dir='ltr'><strong>ei</strong></span> <span class='ocrx_word' id='word_1_211' title='bbox 1178 3112 1245 3176; x_wconf 89' lang='lat' dir='ltr'><strong>in</strong></span> <span class='ocrx_word' id='word_1_212' title='bbox 1277 3112 1750 3176; x_wconf 81' lang='lat' dir='ltr'><strong>recentioribus</strong></span> <span class='ocrx_word' id='word_1_213' title='bbox 1782 3111 2115 3177; x_wconf 87' lang='lat' dir='ltr'><strong>codicibus</strong></span> <span class='ocrx_word' id='word_1_214' title='bbox 2146 3135 2481 3201; x_wconf 85' lang='lat' dir='ltr'><strong>perperam</strong></span> <span class='ocrx_word' id='word_1_215' title='bbox 2514 3113 2646 3178; x_wconf 86' lang='lat' dir='ltr'><strong>im-</strong></span> 
     </span>
     <span class='ocr_line' id='line_1_27' title="bbox 508 3217 2643 3311; baseline -0.002 -25"><span class='ocrx_word' id='word_1_216' title='bbox 508 3224 799 3311; x_wconf 86' lang='lat' dir='ltr'><strong>positum</strong></span> <span class='ocrx_word' id='word_1_217' title='bbox 839 3234 968 3301; x_wconf 81' lang='lat' dir='ltr'><strong>est,</strong></span> <span class='ocrx_word' id='word_1_218' title='bbox 1001 3220 1198 3284; x_wconf 80' lang='lat' dir='ltr'><strong>latere</strong></span> <span class='ocrx_word' id='word_1_219' title='bbox 1218 3217 1607 3282; x_wconf 85' lang='lat' dir='ltr'><strong>Pentadium</strong></span> <span class='ocrx_word' id='word_1_220' title='bbox 1637 3239 1771 3281; x_wconf 87' lang='lat' dir='ltr'><strong>non</strong></span> <span class='ocrx_word' id='word_1_221' title='bbox 1802 3241 2022 3305; x_wconf 88' lang='lat' dir='ltr'><strong>posse,</strong></span> <span class='ocrx_word' id='word_1_222' title='bbox 2052 3219 2203 3282; x_wconf 88' lang='lat' dir='ltr'><strong>licet</strong></span> <span class='ocrx_word' id='word_1_223' title='bbox 2230 3219 2366 3298; x_wconf 88' lang='lat' dir='ltr'><strong>ejus</strong></span> <span class='ocrx_word' id='word_1_224' title='bbox 2400 3241 2643 3284; x_wconf 87' lang='lat' dir='ltr'><strong>nomen</strong></span> 
     </span>
     <span class='ocr_line' id='line_1_28' title="bbox 511 3323 2643 3413; baseline -0.001 -21"><span class='ocrx_word' id='word_1_225' title='bbox 511 3330 576 3392; x_wconf 85' lang='lat' dir='ltr'><strong>in</strong></span> <span class='ocrx_word' id='word_1_226' title='bbox 617 3325 944 3390; x_wconf 79' lang='lat' dir='ltr'><strong>veteribus</strong></span> <span class='ocrx_word' id='word_1_227' title='bbox 971 3325 1225 3412; x_wconf 84' lang='lat' dir='ltr'><strong>scriptis</strong></span> <span class='ocrx_word' id='word_1_228' title='bbox 1253 3347 1419 3412; x_wconf 83' lang='lat' dir='ltr'><strong>saepe</strong></span> <span class='ocrx_word' id='word_1_229' title='bbox 1455 3324 1525 3386; x_wconf 90' lang='lat' dir='ltr'><strong>in</strong></span> <span class='ocrx_word' id='word_1_230' title='bbox 1554 3323 1804 3388; x_wconf 73' lang='lat' dir='ltr'><strong>Pintati</strong></span> <span class='ocrx_word' id='word_1_231' title='bbox 1826 3323 1929 3388; x_wconf 81' lang='lat' dir='ltr'><strong>vel</strong></span> <span class='ocrx_word' id='word_1_232' title='bbox 1956 3324 2226 3388; x_wconf 77' lang='lat' dir='ltr'><strong>Pintadi</strong></span> <span class='ocrx_word' id='word_1_233' title='bbox 2252 3342 2643 3413; x_wconf 80' lang='lat' dir='ltr'><strong>cormptum</strong></span> 
     </span>
     <span class='ocr_line' id='line_1_29' title="bbox 511 3429 2643 3522; baseline -0.001 -24"><span class='ocrx_word' id='word_1_234' title='bbox 511 3432 888 3522; x_wconf 86' lang='lat' dir='ltr'><strong>reperiatur.</strong></span> <span class='ocrx_word' id='word_1_235' title='bbox 926 3430 1009 3493; x_wconf 85' lang='lat' dir='ltr'><strong>Et</strong></span> <span class='ocrx_word' id='word_1_236' title='bbox 1041 3429 1391 3494; x_wconf 82' lang='lat' dir='ltr'><strong>Pentadius</strong></span> <span class='ocrx_word' id='word_1_237' title='bbox 1437 3444 1746 3517; x_wconf 75' lang='lat' dir='ltr'><strong>praeterea</strong></span> <span class='ocrx_word' id='word_1_238' title='bbox 1778 3453 1813 3492; x_wconf 91' lang='lat' dir='ltr'><strong>e</strong></span> <span class='ocrx_word' id='word_1_239' title='bbox 1862 3431 2256 3494; x_wconf 85' lang='lat' dir='ltr'><strong>carminibus</strong></span> <span class='ocrx_word' id='word_1_240' title='bbox 2297 3431 2497 3496; x_wconf 86' lang='lat' dir='ltr'><strong>hodie</strong></span> <span class='ocrx_word' id='word_1_241' title='bbox 2528 3455 2643 3496; x_wconf 85' lang='lat' dir='ltr'><strong>ex·-</strong></span> 
     </span>
     <span class='ocr_line' id='line_1_30' title="bbox 517 3535 2641 3626; baseline -0.003 -20"><span class='ocrx_word' id='word_1_242' title='bbox 517 3539 835 3606; x_wconf 84' lang='lat' dir='ltr'><strong>stantibus</strong></span> <span class='ocrx_word' id='word_1_243' title='bbox 880 3537 934 3600; x_wconf 90' lang='lat' dir='ltr'><strong>is</strong></span> <span class='ocrx_word' id='word_1_244' title='bbox 979 3551 1172 3623; x_wconf 88' lang='lat' dir='ltr'><strong>poeta</strong></span> <span class='ocrx_word' id='word_1_245' title='bbox 1223 3551 1519 3624; x_wconf 83' lang='lat' dir='ltr'><strong>apparet,</strong></span> <span class='ocrx_word' id='word_1_246' title='bbox 1556 3537 1671 3621; x_wconf 89' lang='lat' dir='ltr'><strong>qui</strong></span> <span class='ocrx_word' id='word_1_247' title='bbox 1710 3535 1960 3600; x_wconf 83' lang='lat' dir='ltr'><strong>lusibus</strong></span> <span class='ocrx_word' id='word_1_248' title='bbox 2000 3537 2244 3626; x_wconf 83' lang='lat' dir='ltr'><strong>ingenii</strong></span> <span class='ocrx_word' id='word_1_249' title='bbox 2282 3552 2347 3600; x_wconf 88' lang='lat' dir='ltr'><strong>et</strong></span> <span class='ocrx_word' id='word_1_250' title='bbox 2368 3537 2641 3600; x_wconf 71' lang='lat' dir='ltr'><strong>artificio</strong></span> 
     </span>
    </p>
   </div>
   <div class='ocr_carea' id='block_1_4' title="bbox 506 3763 2641 4106">
    <p class='ocr_par' dir='ltr' id='par_1_5' title="bbox 506 3763 2641 4106">
     <span class='ocr_line' id='line_1_31' title="bbox 582 3763 2640 3840; baseline -0.002 -17"><span class='ocrx_word' id='word_1_251' title='bbox 582 3775 658 3840; x_wconf 85' lang='lat'><strong>(1)</strong></span> <span class='ocrx_word' id='word_1_252' title='bbox 673 3769 756 3822; x_wconf 78' lang='lat' dir='ltr'><strong>Ad</strong></span> <span class='ocrx_word' id='word_1_253' title='bbox 781 3768 926 3821; x_wconf 85' lang='lat' dir='ltr'><strong>hunc</strong></span> <span class='ocrx_word' id='word_1_254' title='bbox 948 3767 1126 3820; x_wconf 85' lang='lat' dir='ltr'><strong>locum</strong></span> <span class='ocrx_word' id='word_1_255' title='bbox 1149 3765 1396 3818; x_wconf 84' lang='lat' dir='ltr'><strong>Grotius:</strong></span> <span class='ocrx_word' id='word_1_256' title='bbox 1423 3790 1446 3811; x_wconf 82' lang='grc' dir='ltr'>ι</span> <span class='ocrx_word' id='word_1_257' title='bbox 1470 3763 1655 3818; x_wconf 82' lang='lat' dir='ltr'><strong>videri</strong></span> <span class='ocrx_word' id='word_1_258' title='bbox 1676 3765 1877 3836; x_wconf 80' lang='lat' dir='ltr'><strong>possint</strong></span> <span class='ocrx_word' id='word_1_259' title='bbox 1894 3766 2005 3818; x_wconf 78' lang='lat' dir='ltr'><strong>hoec</strong></span> <span class='ocrx_word' id='word_1_260' title='bbox 2028 3765 2302 3836; x_wconf 78' lang='lat' dir='ltr'><strong>desumpta</strong></span> <span class='ocrx_word' id='word_1_261' title='bbox 2320 3765 2640 3819; x_wconf 75' lang='lat' dir='ltr'><strong>verbotenus</strong></span> 
     </span>
     <span class='ocr_line' id='line_1_32' title="bbox 509 3856 2634 3924; baseline -0.003 -11"><span class='ocrx_word' id='word_1_262' title='bbox 509 3880 570 3914; x_wconf 85' lang='lat' dir='ltr'><strong>ex</strong></span> <span class='ocrx_word' id='word_1_263' title='bbox 597 3860 776 3921; x_wconf 80' lang='lat' dir='ltr'><strong>Mose,</strong></span> <span class='ocrx_word' id='word_1_264' title='bbox 801 3857 991 3910; x_wconf 85' lang='lat' dir='ltr'><strong>Genes.</strong></span> <span class='ocrx_word' id='word_1_265' title='bbox 1011 3856 1038 3907; x_wconf 90' lang='lat' dir='ltr'>I</span> <span class='ocrx_word' id='word_1_266' title='bbox 1067 3872 1081 3908; x_wconf 72' lang='grc' dir='ltr'><strong><em>ε</em></strong></span> <span class='ocrx_word' id='word_1_267' title='bbox 1111 3857 1333 3922; x_wconf 63' lang='lat' dir='ltr'><strong>fecitque</strong></span> <span class='ocrx_word' id='word_1_268' title='bbox 1357 3859 1490 3906; x_wconf 83' lang='lat' dir='ltr'><strong>Deus</strong></span> <span class='ocrx_word' id='word_1_269' title='bbox 1517 3859 1617 3906; x_wconf 70' lang='lat' dir='ltr'><strong>dno</strong></span> <span class='ocrx_word' id='word_1_270' title='bbox 1640 3858 1906 3907; x_wconf 71' lang='lat' dir='ltr'><strong>luminaria</strong></span> <span class='ocrx_word' id='word_1_271' title='bbox 1927 3873 2116 3924; x_wconf 75' lang='lat' dir='ltr'><strong>magna</strong></span> <span class='ocrx_word' id='word_1_272' title='bbox 2138 3875 2156 3904; x_wconf 90' lang='grc'><strong>.-</strong></span> <span class='ocrx_word' id='word_1_273' title='bbox 2180 3857 2424 3906; x_wconf 71' lang='lat' dir='ltr'><strong>luminare</strong></span> <span class='ocrx_word' id='word_1_274' title='bbox 2449 3859 2634 3924; x_wconf 78' lang='lat' dir='ltr'><strong>majus,</strong></span> 
     </span>
     <span class='ocr_line' id='line_1_33' title="bbox 512 3939 2641 4016; baseline -0.002 -19"><span class='ocrx_word' id='word_1_275' title='bbox 512 3964 566 3998; x_wconf 83' lang='lat' dir='ltr'><strong>ue</strong></span> <span class='ocrx_word' id='word_1_276' title='bbox 585 3961 825 4016; x_wconf 74' lang='lat' dir='ltr'><strong>proeesset</strong></span> <span class='ocrx_word' id='word_1_277' title='bbox 856 3949 957 3998; x_wconf 75' lang='lat' dir='ltr'><strong>diei</strong></span> <span class='ocrx_word' id='word_1_278' title='bbox 975 3967 996 4006; x_wconf 79' lang='lat'><strong>,-</strong></span> <span class='ocrx_word' id='word_1_279' title='bbox 1035 3945 1276 3996; x_wconf 73' lang='lat' dir='ltr'><strong>Iumivmre</strong></span> <span class='ocrx_word' id='word_1_280' title='bbox 1304 3945 1463 3995; x_wconf 78' lang='lat' dir='ltr'><strong>minus</strong></span> <span class='ocrx_word' id='word_1_281' title='bbox 1477 3981 1495 4003; x_wconf 93' lang='lat'><strong>,</strong></span> <span class='ocrx_word' id='word_1_282' title='bbox 1534 3957 1587 3993; x_wconf 76' lang='lat' dir='ltr'><strong>ret</strong></span> <span class='ocrx_word' id='word_1_283' title='bbox 1612 3939 1845 4012; x_wconf 62' lang='lat' dir='ltr'><strong>pra-esset</strong></span> <span class='ocrx_word' id='word_1_284' title='bbox 1877 3945 2025 3995; x_wconf 73' lang='grc' dir='ltr'><strong>ποι-τί.</strong></span> <span class='ocrx_word' id='word_1_285' title='bbox 2052 3943 2187 3995; x_wconf 71' lang='lat' dir='ltr'><strong>Nam</strong></span> <span class='ocrx_word' id='word_1_286' title='bbox 2214 3941 2486 3995; x_wconf 79' lang='lat' dir='ltr'><strong>luminaria</strong></span> <span class='ocrx_word' id='word_1_287' title='bbox 2512 3956 2641 3996; x_wconf 81' lang='lat' dir='ltr'><strong>sunt</strong></span> 
     </span>
     <span class='ocr_line' id='line_1_34' title="bbox 506 4028 2639 4106; baseline -0.002 -20"><span class='ocrx_word' id='word_1_288' title='bbox 506 4035 692 4088; x_wconf 82' lang='lat' dir='ltr'><strong>eadem</strong></span> <span class='ocrx_word' id='word_1_289' title='bbox 713 4075 728 4101; x_wconf 91' lang='lat'><strong>,</strong></span> <span class='ocrx_word' id='word_1_290' title='bbox 760 4051 877 4106; x_wconf 64' lang='lat' dir='ltr'><strong>que</strong></span> <span class='ocrx_word' id='word_1_291' title='bbox 915 4033 1144 4096; x_wconf 85' lang='lat' dir='ltr'><strong>lumina,</strong></span> <span class='ocrx_word' id='word_1_292' title='bbox 1185 4043 1244 4084; x_wconf 84' lang='lat' dir='ltr'><strong>ut</strong></span> <span class='ocrx_word' id='word_1_293' title='bbox 1282 4028 1423 4102; x_wconf 82' lang='lat' dir='ltr'><strong>apud</strong></span> <span class='ocrx_word' id='word_1_294' title='bbox 1461 4031 1771 4085; x_wconf 87' lang='lat' dir='ltr'><strong>Ciceronem</strong></span> <span class='ocrx_word' id='word_1_295' title='bbox 1795 4073 1809 4096; x_wconf 93' lang='lat'><strong>,</strong></span> <span class='ocrx_word' id='word_1_296' title='bbox 1848 4035 2066 4082; x_wconf 80' lang='lat' dir='ltr'><strong>nondum</strong></span> <span class='ocrx_word' id='word_1_297' title='bbox 2106 4045 2176 4082; x_wconf 78' lang='lat' dir='ltr'><strong>coe</strong></span> <span class='ocrx_word' id='word_1_298' title='bbox 2206 4033 2523 4082; x_wconf 74' lang='lat' dir='ltr'><strong>luminaribus</strong></span> <span class='ocrx_word' id='word_1_299' title='bbox 2552 4051 2639 4082; x_wconf 76' lang='lat' dir='ltr'><strong>ex-</strong></span> 
     </span>
    </p>
   </div>
   <div class='ocr_carea' id='block_1_5' title="bbox 451 4126 748 4176">
    <p class='ocr_par' dir='ltr' id='par_1_6' title="bbox 451 4126 748 4176">
     <span class='ocr_line' id='line_1_35' title="bbox 451 4126 748 4176; baseline -0.007 0"><span class='ocrx_word' id='word_1_300' title='bbox 451 4169 459 4176; x_wconf 87' lang='lat'><strong>.</strong></span> <span class='ocrx_word' id='word_1_301' title='bbox 503 4126 688 4176; x_wconf 60' lang='lat' dir='ltr'><strong>scincet}</strong></span> <span class='ocrx_word' id='word_1_302' title='bbox 708 4149 748 4174; x_wconf 69' lang='lat' dir='ltr'><strong>a.</strong></span> 
     </span>
    </p>
   </div>
  </div>
 </body>
</html>
