2975 4684
519 364 654 437 302

1095 364 1587 434 PETRONII
1650 366 2073 434 ARBITRI

615 492 772 561 Non
806 487 948 557 sine
983 484 1240 555 honore
1277 500 1468 555 tuum
1505 486 1725 579 patiar
1758 484 1959 555 decus
1992 511 2009 553 ε
2047 484 2173 554 ibit
2204 483 2290 554 ad
2330 508 2515 571 aras,

615 603 894 686 Sancte,
927 611 1074 667 tuas
1106 596 1369 683 hircus,
1411 596 1675 690 pecoris
1708 610 1901 691 pater
1936 595 2064 665 ibit
2094 595 2183 665 ad
2218 616 2368 666 amr»

613 710 965 807 Corniger,
1001 722 1070 777 et
1103 706 1398 801 querulae
1429 704 1607 775 fetus
1642 706 1810 792 suiS‚
1845 704 2071 775 hostia
2110 698 2415 793 lactens3'
2612 726 2655 764 ιε

615 818 968 915 Spumabit
1009 817 1255 911 pateris
1292 816 1547 885 hornus
1584 814 1827 910 liquor,
1858 830 1927 885 et
1962 829 2066 885 ter
2098 830 2411 885 ovantem

617 935 812 1006 Circa
859 930 1210 1001 delubrum
1252 954 1549 1025 gressum
1586 929 1755 999 feret
1788 930 1973 999 ebria
2012 930 2247 1023 puber».

599 1124 678 1178 13.
707 1128 820 1175 Non
849 1126 958 1174 sine
977 1124 1192 1182 bonore,
1216 1120 1274 1174 h.
1302 1139 1350 1174 e.
1381 1121 1543 1174 sacri-

523 1204 644 1259 ficio
669 1213 722 1256 et
747 1200 995 1255 victima:
1025 1210 1085 1253 ut
1106 1200 1254 1271 Virg.
1281 1202 1402 1253 AEn.
1431 1200 1545 1267 111,

525 1284 654 1337 118:
681 1309 706 1328 ‹-
723 1281 940 1333 meritos
965 1280 1072 1333 aria
1098 1280 1349 1333 mactavit
1373 1278 1545 1333 hono-

519 1382 604 1415 res
620 1388 666 1415 n.
693 1362 844 1415 Idem
871 1360 926 1411 in
956 1360 1124 1431 epigr.
1149 1359 1218 1412 ad
1243 1360 1421 1413 νειμ·
1440 1378 1547 1412 ma-

518 1443 658 1495 xima
677 1454 857 1493 taurus
871 1438 1102 1492 Victima
1125 1450 1358 1492 sacratos
1381 1438 1547 1510 tinget

519 1522 724 1573 honore
751 1519 898 1572 focos
917 1543 957 1570 ι.

595 1609 680 1665 14.
702 1605 904 1660 Sancte,
923 1613 1036 1649 tuas
1056 1599 1232 1648 hircus.
1253 1594 1412 1647 Hunc
1431 1614 1548 1647 ver-

523 1698 638 1733 sum
678 1678 852 1732 omisit
891 1675 1188 1747 Stephanus
1216 1686 1268 1727 et
1293 1671 1545 1745 Scaliger,

519 1772 571 1813 et
613 1760 669 1813 in
705 1758 818 1810 aliis
857 1755 1133 1809 codicibus
1167 1764 1334 1807 totum
1366 1754 1547 1806 abesse

518 1839 750 1893 affirmat
767 1836 1002 1888 Pithoeus
1015 1871 1030 1897 ,
1051 1833 1106 1887 in
1121 1831 1354 1886 editione
1365 1832 1549 1887 Patiar.

521 1938 692 1990 neque
707 1928 885 1969 tamen
903 1934 1024 1967 cum
1036 1913 1344 1965 Burmanno
1357 1912 1546 1979 sentio,

515 1999 748 2070 quicum
765 1996 918 2049 facile
939 1994 1174 2048 exsulare
1197 2008 1352 2064 posse
1373 1991 1549 2045 existi-

519 2090 627 2130 mat
646 2114 662 2140 ,
696 2076 822 2149 quia
863 2071 1178 2127 inconcinne
1219 2069 1329 2123 duo
1361 2090 1547 2124 versus

525 2156 578 2208 in
614 2155 806 2208 iisdem
826 2152 999 2204 verbis
1033 2154 1117 2202 ibit
1147 2153 1220 2200 ad
1253 2168 1372 2201 aras
1409 2149 1548 2203 deai-

514 2246 658 2287 nant.
697 2234 834 2286 Nam
879 2232 996 2283 haic
1043 2229 1290 2301 repetitio
1333 2230 1547 2300 elegans

517 2313 774 2385 promisso
831 2309 1040 2383 pondua
1083 2320 1134 2361 et
1183 2307 1545 2362 confirmatio-

517 2411 640 2446 nem
682 2390 861 2455 addit,
897 2400 1055 2461 atque
1101 2388 1213 2459 ipsa
1263 2388 1318 2439 in
1363 2404 1567 2465 caussa*

517 2471 616 2525 fuit
635 2511 649 2534 ‚
671 2482 732 2523 ut
759 2469 957 2525 librarii
997 2468 1301 2521 aberrantes
1340 2484 1548 2519 versum

519 2550 760 2605 similiter
773 2562 1047 2601 exeuntem
1066 2547 1410 2618 praeterirent.
1437 2546 1554 2599 Cae-

518 2644 690 2685 terum
729 2630 918 2701 Priapo
951 2627 1158 2680 hircum
1187 2628 1549 2692 immolatum,

517 2710 663 2784 quod
687 2727 879 2781 negare
902 2708 1237 2777 Burmannus
1258 2725 1378 2759 cum
1405 2706 1550 2759 Gon-

519 2792 648 2845 salio
673 2790 912 2855 videtur,
941 2787 1096 2839 facile
1134 2786 1324 2857 probat
1363 2786 1550 2839 Catul-

517 2870 600 2923 lus
641 2871 696 2922 in
738 2868 934 2939 Priapo
967 2884 980 2918 :
1036 2890 1059 2912 ι
1089 2864 1356 2936 Sanguine
1405 2865 1545 2917 hanc

518 2951 677 3003 etiam
722 2948 852 3001 mihi
869 2986 884 3011 ,
927 2944 1020 3000 sed
1081 2944 1320 2997 tacebitis
1339 2986 1355 3012 ,
1397 2962 1544 2998 aram

521 3032 776 3084 Barbatus
812 3024 932 3081 linit
969 3026 1210 3079 hirculus
1228 3066 1243 3091 ,
1281 3026 1547 3098 cornipes-

519 3130 623 3181 que
659 3108 864 3181 capella
885 3134 929 3159 n.

599 3190 684 3243 15.
728 3190 954 3257 Quemloe
968 3187 1112 3255 fetus
1153 3186 1271 3236 suis.
1307 3184 1389 3235 lta
1429 3200 1545 3235 cor-

519 3268 654 3323 rexit
667 3268 971 3330 Turnebua,
998 3263 1218 3316 Advera.
1250 3262 1431 3315 xxvl
1451 3300 1467 3326 ‚
1496 3282 1545 3315 c.

519 3352 552 3400 6
573 3386 589 3413 ‚
617 3364 782 3421 quum
822 3344 1146 3414 antiquiores
1173 3344 1396 3414 vulgatae
1429 3360 1547 3396 cor-

1632 1133 1787 1193 rupte
1808 1122 2064 1177 haberent
2072 1123 2241 1191 festus
2262 1125 2380 1175 suis.
2402 1124 2657 1197 Intelligi·

1634 1209 1723 1253 tur
1756 1200 2013 1272 porculus
2050 1200 2267 1255 lactens.
2308 1202 2476 1256 Porco
2514 1206 2657 1257 enim

1633 1280 1939 1351 frequenter
1954 1279 2116 1335 fiebat
2128 1281 2336 1354 Priapo.
2354 1282 2583 1337 Carmen
2602 1285 2659 1337 in

1632 1360 1914 1431 Priapeiia:
1949 1385 1972 1407 ι
1988 1361 2088 1413 Hic
2106 1360 2232 1426 tibi,
2254 1362 2349 1434 qui
2364 1374 2537 1415 rostro
2549 1380 2660 1417 cre-

1632 1439 1829 1493 scentia
1846 1438 1955 1492 lilia
1974 1441 2173 1508 mersit,
2184 1440 2421 1497 Caeditur
2434 1460 2466 1495 e
2482 1441 2661 1515 tepida

1632 1517 1849 1572 victima
1889 1536 2078 1590 porcus
2114 1520 2240 1573 hara
2272 1546 2317 1574 a.
2354 1521 2507 1575 Ratio
2545 1526 2663 1594 ejus

1632 1599 1864 1652 victima
1894 1597 2037 1651 haud
2073 1598 2264 1665 dubie,
2290 1600 2449 1673 qnia,
2478 1614 2540 1655 ut
2575 1602 2662 1655 Ci-

1636 1694 1760 1730 cero
1786 1678 1884 1739 ait,
1913 1704 1939 1723 «ae
1958 1696 2020 1730 ea
2054 1678 2264 1749 pecude
2302 1680 2437 1732 nihil
2482 1682 2665 1753 genuit

1636 1768 1831 1810 natura
1856 1756 2137 1809 fecundius
2154 1784 2201 1810 a.
2442 1746 2457 1768 ⁸

1713 1840 1791 1888 16.
1810 1839 2059 1904 Spumabit
2073 1841 2263 1906 pateris
2282 1842 2464 1890 hornus
2486 1842 2663 1907 liquor,

1636 1914 1693 1968 h.
1716 1934 1764 1968 e.
1783 1915 1965 1968 vinum
1984 1916 2275 1982 novellum,
2290 1917 2663 1982 hot-notium,

1635 1993 1795 2068 hujus
1816 1995 1973 2046 anni:
1998 1994 2449 2067 quemadmodum
2472 1998 2659 2052 Horat.

1635 2074 1811 2129 Carm.
1832 2074 1860 2125 Ι
1877 2114 1892 2140 ,
1919 2075 1979 2129 31
1998 2110 2015 2139 ,
2038 2094 2067 2125 α
2090 2090 2105 2126 :
2129 2100 2151 2121 α
2172 2076 2301 2148 quid
2322 2090 2471 2141 orat,
2488 2078 2557 2132 de
2572 2098 2664 2151 pa·

1636 2164 1747 2207 tera
1786 2170 1988 2206 novum
2026 2154 2282 2210 Fundena
2324 2156 2587 2229 liquorem
2605 2182 2627 2205 a
2645 2199 2658 2210 .

1635 2232 1820 2285 Innuit
1870 2231 2177 2287 libationem
2231 2236 2342 2287 vini
2399 2238 2662 2291 sacrificio

1634 2312 1935 2385 adjunctam
1956 2350 1972 2377 ,
1990 2326 2109 2385 quae
2135 2304 2253 2367 fieri
2288 2314 2517 2371 debebat
2540 2322 2663 2369 vino

1636 2395 1815 2453 homo,
1834 2391 1971 2446 sicut
1993 2392 2284 2446 immolatio
2308 2398 2658 2467 hornafmge,

1636 2490 1798 2543 qnam
1812 2483 1970 2525 vocat
1990 2472 2174 2525 Horat.
2201 2474 2285 2525 111
2306 2514 2321 2540 ,
2346 2476 2410 2528 23
2431 2512 2447 2537 ,
2470 2476 2661 2530 3.vid.

1640 2551 1893 2623 Calpurn.
1917 2552 2002 2616 11,
2030 2570 2115 2622 71.

1714 2646 1794 2696 17.
1836 2630 2073 2683 Ov'aneem
2104 2650 2329 2700 gressum
2340 2634 2479 2701 feret
2494 2676 2509 2700 ‚
2532 2634 2568 2686 i.
2609 2654 2659 2688 e.

1638 2709 1777 2762 circa
1817 2708 2097 2763 delubrum
2115 2750 2131 2776 ‚
2174 2712 2257 2764 vel
2300 2730 2447 2765 aram
2469 2755 2483 2779 ,
2533 2713 2665 2768 dum

1638 2789 1849 2841 victima
1876 2800 2163 2855 crematur,
2183 2790 2483 2846 laetabunda
2511 2794 2670 2847 salta-

1635 2867 1732 2919 bit.
1752 2869 1927 2934 Quem
1947 2870 2109 2922 ritum
2128 2869 2510 2925 sacrificiorum
2527 2892 2670 2945 prave-
2696 2884 2708 2889 ·

1632 2948 1787 3020 cipue
1806 2951 2091 3021 agrestium
2113 2951 2277 3005 fuisse
2292 2951 2495 3005 indicat
2506 2954 2667 3026 Virg.

1634 3030 1915 3094 AEn.vu1‚
1932 3032 2031 3083 285
2053 3048 2067 3084 :
2095 3030 2265 3083 anam
2288 3032 2415 3086 Salii
2442 3032 2512 3085 ad
2538 3052 2671 3087 can-

1632 3119 1749 3174 tus,
1776 3108 1990 3163 incensa
2012 3110 2193 3163 altaria
2226 3112 2427 3163 circu'm
2448 3150 2462 3175 ,
2490 3112 2670 3185 Popu-

1632 3185 1729 3239 leis
1746 3186 1940 3241 adsunt
1960 3188 2155 3242 evincti
2178 3202 2415 3260 tempora
2437 3192 2600 3245 ramis
2618 3218 2664 3243 u.

1636 3266 1775 3319 Nam
1810 3266 1939 3321 Salii
1964 3268 2053 3321 hic
2076 3286 2187 3323 non
2224 3269 2315 3321 alii
2348 3288 2463 3324 ease
2480 3270 2667 3325 viden-

1636 3356 1744 3409 tur,
1768 3364 1931 3417 qnam
1958 3347 2230 3403 saltatores
2252 3358 2303 3401 et
2328 3348 2593 3405 ludiones.

1057 3526 1197 3603 111.
1259 3535 1543 3603 SAGA
1592 3536 2025 3607 MULIER
2072 3538 2119 3605 ⁴¹.

617 3722 990 3811 anan
1029 3716 1100 3783 in
1143 3715 1306 3783 orbe
1341 3714 1555 3805 vides,
1592 3734 1781 3812 paret
1814 3720 2010 3791 mihi:
2052 3722 2289 3793 florida
2332 3723 2559 3809 telluS‚

593 3890 617 3912 '¹
657 3886 840 3942 Exstat
885 3884 938 3935 in
987 3882 1220 3936 Petronii
1265 3900 1382 3953 cap.
1429 3885 1547 3948 134.

525 3966 834 4021 Retulemnt
857 3963 1040 4036 Steph.
1073 3962 1132 4015 in
1170 3961 1211 4013 F
1212 3980 1377 4033 ragm.
1407 3975 1547 4034 poet.

523 4066 573 4118 p.
609 4055 703 4111 4⁰¹
726 4062 741 4107 ;
767 4043 1020 4115 Scaliger,
1047 4044 1302 4096 Catalect.
1335 4042 1424 4095 lib.
1453 4043 1509 4094 11
1532 4079 1547 4105 ,

521 4146 576 4196 p.
603 4126 699 4177 255
723 4140 737 4186 3
762 4124 1050 4177 Burmann.
1077 4122 1292 4179 Anthol.
1315 4122 1408 4175 lib.
1431 4122 1513 4173 v1
1531 4160 1547 4186 ‚

1638 3886 1799 3957 epigr.
1834 3888 1921 3956 93.
1941 3888 2139 3942 Totum
2182 3908 2245 3943 ex
2278 3892 2439 3945 veteri
2480 3892 2665 3946 codice

1637 3964 1887 4019 emendat
1913 3966 2091 4021 Delrio
2120 3969 2189 4023 ad
2214 3970 2500 4025 claudian.
2523 3972 2615 4025 lib.
2639 3974 2665 4025 1

1636 4044 1695 4097 in
1724 4044 1840 4099 Rus.
1872 4045 1967 4109 154
1988 4088 2003 4113 ,
2021 4048 2121 4101 uisi
2148 4048 2291 4121 quod
2318 4063 2423 4105 tres
2450 4052 2667 4105 ultimos

1610 4130 1621 4137 “
1638 4142 1823 4179 versus
1846 4144 1955 4177 uon
1984 4126 2166 4182 addat.
2198 4130 2276 4181 Ex
2307 4131 2466 4185 veteri
2500 4132 2661 4185 etiam
