2975 4684
1033 297 1503 436 canit-IRA
1566 343 1998 412 ΜΙΝΟΒΑ.

2448 340 2588 434 309

551 460 871 530 Battiadae
907 463 1148 530 veteris
1186 462 1472 531 vivendo
1513 461 1789 530 tradidit
1822 487 1983 532 aevo.

531 678 610 730 ¹7·
639 663 890 712 Battiaden
919 663 1100 713 veteris
1127 665 1361 716 vivendo.
1383 663 1472 716 Sic
1561 664 1853 736 perplacet,
1886 663 1920 715 i.
1962 681 2007 715 e.
2044 661 2350 715 Callimachi
2384 675 2553 734 poeto
2571 702 2588 729 ‚

455 737 624 792 edidit
643 739 904 811 scaliger,
931 758 1092 811 quem
1118 754 1372 813 sequutus
1397 755 1476 796 est

453 817 791 872 Burmannus
827 837 929 873 sec.
977 819 1276 894 Stephanus
1300 824 1477 874 Bucci-

457 915 580 948 neas
601 911 817 958 veteres,
843 900 936 970 qni
955 911 1130 954 umen
1159 900 1216 952 in
1241 902 1478 973 margine

455 977 705 1028 nmiadae
721 981 894 1031 mter-i.
917 978 1046 1032 Alio
1073 979 1332 1033 editiones
1355 999 1477 1034 cum

455 1053 637 1108 codice
650 1056 870 1128 Tragur.
885 1061 1161 1111 Bae-cineas
1177 1075 1369 1112 veteres
1387 1061 1479 1111 mi·-

457 1139 642 1196 mndo,
681 1153 844 1207 quam
905 1137 1184 1192 lectionem
1247 1139 1479 1194 servavit

451 1213 790 1267 Burmannus
811 1214 1001 1268 senior.
1023 1215 1157 1270 Inde
1173 1217 1476 1271 Gronovius

455 1293 736 1346 mirandam
755 1293 1038 1366 legendum
1059 1295 1294 1362 censuit,
1330 1295 1476 1387 quod

457 1389 581 1422 saue
599 1369 712 1443 ipse
737 1373 910 1426 velim.
939 1373 1006 1426 Et
1025 1372 1172 1446 quod
1192 1373 1282 1426 alii
1304 1376 1478 1446 conje-

457 1461 646 1504 cerunt
665 1489 684 1514 ‚
719 1455 965 1504 Baaeiadoe
999 1457 1165 1514 walt,
1212 1452 1270 1506 id
1307 1454 1480 1526 ipsum

1563 742 1656 814 qui
1680 741 1909 796 Hecalen
1936 745 2080 814 justo
2098 753 2339 812 poemate
2356 741 2586 796 celebra·

1564 822 1666 888 vit,
1700 832 1761 874 nt
1780 831 2002 874 testatur
2022 819 2225 873 Plinius
2241 860 2256 887 ,
2282 819 2373 872 lib.
2398 820 2558 874 xxn
2574 862 2590 887 ,

1568 921 1667 966 aa,
1700 911 1825 962 sect,
1854 906 1955 966 44,
1999 911 2053 954 et
2088 899 2244 964 alibi,
2280 899 2373 952 ubi
2403 899 2592 952 herbas

1566 979 1821 1052 quasdam
1868 980 2141 1044 nominat,
2180 997 2313 1051 quas
2352 977 2591 1032 Callima·

1568 1058 1701 1112 chus
1731 1057 1921 1112 dixerit
1951 1057 2183 1110 Hecalen
2200 1059 2410 1112 Theseo
2430 1077 2591 1130 appo-

1570 1138 1769 1192 tuisse:
1796 1148 2051 1209 preterea
2076 1136 2265 1192 Suidas
2301 1139 2361 1190 in
2394 1127 2593 1200 Ἑκάλη

1566 1227 1619 1269 et
1655 1215 1961 1288 Crinagoroe
1990 1215 2310 1288 epigramma
2334 1215 2401 1272 in
2429 1215 2595 1268 Heca-

1565 1295 1651 1348 len
1683 1293 2028 1358 Callimachi,
2058 1294 2207 1366 quod
2235 1306 2406 1347 exstat
2432 1294 2590 1347 Anth.

1568 1373 1661 1428 Gr.
1688 1373 1775 1427 lib.
1804 1374 1831 1424 Ι
1846 1391 2004 1445 ‚.cap
2026 1373 2406 1446 67inpoetas,
2429 1392 2486 1445 p.
2508 1375 2591 1442 95.

1570 1451 1769 1506 -vid.
1790 1451 2045 1506 schottus
2062 1491 2077 1515 ‚
2092 1451 2224 1506 obs.
2253 1454 2331 1516 11,
2362 1470 2443 1519 ²9·
2463 1453 2561 1506 En.

773 1653 854 1720 V.
923 1653 1060 1720 DE
1119 1653 1607 1722 MULIERE
1670 1647 2255 1722 FORMOSA*.

558 1836 856 1908 Candida
891 1837 1164 1907 sidereis
1204 1837 1560 1907 ardescunt
1598 1837 1853 1906 lumina
1896 1838 2219 1925 flammis3

566 1947 886 2016 Fundunt
920 1945 1090 2017 colla
1133 1971 1352 2036 rosaS,
1379 1963 1446 2016 et
1481 1947 1658 2016 cedit
1694 1947 1991 2016 crinibus
2026 1973 2301 2034 auru1n;

560 2055 800 2126 Mellca
839 2083 1251 2152 purpureum
1283 2057 1690 2152 depromunt
1722 2083 1845 2127 ora
1878 2047 2231 2145 ruborem,

559 2171 936 2263 Lacteaque
977 2167 1308 2237 admixtus
1340 2167 1659 2238 sublimat
1708 2182 1981 2262 pectora
2022 2166 2337 2261 sanguis:

531 2365 556 2384 ’
579 2363 809 2416 Primum
835 2362 999 2418 edidit
1015 2366 1230 2418 Binetus
1250 2406 1265 2431 ,
1294 2383 1483 2436 quam·-

463 2459 625 2514 quam
651 2441 1014 2510 vitiosissime,
1041 2444 1096 2496 in
1118 2455 1217 2496 vet.
1237 2454 1375 2515 poet.
1400 2462 1484 2515 ep.

463 2539 512 2590 p.
543 2539 627 2584 1²3
652 2520 798 2574 undo
815 2523 950 2575 inter
973 2523 1202 2574 Petronii
1227 2523 1490 2594 fragmen·

461 2611 512 2652 ta
570 2599 806 2654 exhibuit
869 2601 1032 2654 editio
1086 2601 1487 2666 paimoniam,

462 2697 514 2749 p.
557 2695 576 2729 ι
593 2679 686 2744 18;
733 2679 1062 2732 Frelloniana
1078 2721 1094 2746 ,
1127 2700 1181 2753 p.
1219 2679 1338 2732 182.
1383 2679 1483 2732 Ha-

463 2756 730 2811 drianides
767 2771 819 2811 et
859 2761 1196 2811 Burmannus
1232 2758 1369 2810 inter
1399 2777 1485 2810 ea-

463 2833 586 2888 dem
613 2837 790 2908 primo
818 2839 938 2890 loco
962 2849 1270 2910 posuerunt.
1295 2839 1358 2889 ln
1383 2837 1486 2890 Ste-

463 2915 630 2986 phani
651 2916 834 2988 fragm.
857 2927 997 2990 poet.
1022 2927 1123 2969 vet.
1141 2936 1252 2970 non
1279 2915 1483 2988 legitur.

463 2993 774 3066 Comparari
791 3007 959 3066 p‘otest
981 3014 1103 3050 cum
1120 2993 1354 3049 Petronii
1369 3016 1482 3068 cap.

473 3091 489 3124 ι
506 3077 570 3126 26
586 3114 601 3140 ,
643 3075 734 3126 ubi
763 3075 943 3127 similis
964 3075 1144 3128 formoe
1166 3073 1484 3128 emendatis·

465 3153 609 3206 siinae
629 3149 917 3227 descriptio
934 3165 1042 3215 est,
1069 3151 1162 3206 sed
1181 3153 1335 3206 etiam
1361 3173 1486 3207 cum

467 3233 676 3284 Arborii
714 3234 941 3304 elegiaco
968 3233 1204 3286 carmine
1229 3229 1298 3285 ad
1325 3232 1484 3305 virgi-

467 3329 589 3362 nem
615 3311 770 3364 nimis
787 3312 982 3366 cultam
1000 3353 1015 3378 ‚
1034 3323 1086 3366 et
1109 3311 1275 3384 lyrico
1299 3309 1368 3364 ad
1384 3313 1488 3385 Ly-

465 3389 634 3454 diam,
652 3390 796 3463 quod
815 3402 1099 3464 utrumque
1116 3403 1261 3445 tomo
1282 3391 1337 3442 11
1361 3390 1486 3443 Poe-

466 3480 644 3522 tarum
667 3470 798 3522 min.
821 3471 1215 3544 proposuimus.

545 3565 566 3598 1
579 3588 591 3599 .
613 3551 820 3600 Sidet-eis
842 3554 1108 3602 ardescunt
1123 3552 1310 3601 Ιιιηιίιιη
1326 3553 1487 3620 stam·

469 3631 584 3686 mis,
623 3625 682 3678 id
711 3639 787 3680 est
807 3668 822 3694 ,
861 3628 1004 3682 oculi
1048 3628 1214 3681 instar
1254 3626 1488 3681 siderum

465 3703 687 3758 radiant.
723 3705 934 3761 Petron.
973 3725 1088 3779 cap.
1117 3710 1253 3760 1²6:
1297 3733 1322 3752 u
1347 3707 1490 3759 oculi

469 3785 715 3837 clariores
735 3785 895 3838 stellis
916 3797 1060 3838 extra
1089 3785 1270 3837 lunam
1291 3783 1493 3855 fulgen·-

469 3863 610 3916 tibus
629 3890 668 3912 a.
689 3863 970 3917 Familiare
989 3864 1091 3918 hoc
1119 3862 1308 3936 poetis.
1333 3862 1489 3916 ovid.

470 3945 648 3995 Amor.
668 3941 782 4006 111,
805 3943 836 3996 3
852 3983 867 4007 ,
892 3963 925 4012 9
949 3960 962 3995 :
983 3943 1250 4013 “Argutos
1275 3941 1490 4008 habuit,

469 4021 684 4075 radians
705 4032 759 4074 ut
780 4021 950 4087 sidus,
965 4020 1158 4074 ocellos
1171 4046 1210 4072 n.
1239 4019 1493 4074 Arbon-ius

474 4099 543 4156 ad
568 4101 888 4175 nympham,
913 4119 958 4154 v.
990 4099 1054 4156 33
1083 4119 1094 4152 :

1575 2375 1775 2416 certare
1813 2363 1958 2416 Jov‘is
1991 2374 2077 2417 tua
2115 2362 2319 2416 lumina
2358 2376 2611 2436 possent,

1575 2443 1645 2494 Et
1672 2455 1885 2514 possent
1910 2441 2068 2496 radiis
2098 2441 2309 2495 vincere
2345 2443 2489 2514 signa
2517 2444 2605 2494 Jo-

1580 2523 1657 2576 vis
1681 2549 1723 2575 ·.
1762 2524 1829 2574 Et
1857 2522 2042 2575 confer
2068 2541 2188 2594 qum
2216 2521 2513 2574 notavimus
2537 2521 2603 2574 ad

1579 2601 1741 2654 Corn.
1762 2602 1902 2654 Galli
1922 2601 2087 2672 epigr.
2117 2600 2280 2665 2,15.

1653 2685 1983 2732 2.Eeced1e
2021 2683 2203 2731 crinibu
2186 2699 2231 2729 es
2274 2700 2338 2730 au
2342 2701 2415 2731 rur
2414 2701 2463 2730 ιι.
2520 2681 2604 2733 Sic

1573 2760 1802 2812 coirent
1840 2759 1895 2811 in
1940 2758 2172 2838 margine
2213 2757 2471 2822 Binetus,
2510 2759 2605 2830 qui

1574 2851 1823 2908 corrupte
1844 2834 2013 2889 edidit
2038 2839 2166 2888 cedit
2188 2850 2236 2886 ee
2258 2839 2444 2888 nvibus.
2484 2837 2602 2888 Fla-

1576 2935 1703 2970 vum
1730 2915 2064 2986 capillitium,
2094 2914 2246 2986 quasi
2275 2933 2521 2980 aureum,
2546 2915 2601 2967 in

1575 3011 1761 3064 magna
1801 2991 2105 3064 dignatione
2126 2991 2432 3045 Veteribus.
2472 2992 2601 3046 Car-

1574 3091 1697 3126 men
1723 3072 1790 3128 ad
1822 3071 2073 3144 Lydiam,
2108 3093 2157 3125 v.
2182 3077 2247 3125 6:
2273 3099 2297 3116 e«
2316 3070 2491 3144 pande
2515 3091 2602 3125 ca·

1575 3152 1789 3224 pillulos
1804 3151 2026 3217 Fhvos,
2066 3150 2303 3203 lucentes
2329 3163 2383 3202 ut
2412 3170 2603 3203 aurum

1574 3230 1801 3284 nitidum
1824 3257 1863 3282 ι.
1888 3231 2145 3282 Arbor-ius
2178 3227 2247 3282 ad
2282 3229 2467 3301 virgin.
2496 3247 2558 3281 ιι
2586 3249 2598 3280 :

1575 3335 1601 3356 α
1624 3310 1793 3363 Aurea
1819 3328 1944 3364 nam
1973 3307 2121 3362 nudo
2156 3309 2351 3361 vertice
2386 3320 2494 3361 tota
2524 3309 2603 3360 ni-

1575 3402 1652 3442 tes
1670 3415 1709 3440 ».
1753 3387 1972 3454 Gallus,
2013 3387 2174 3458 epigr.
2201 3405 2228 3438 2
2249 3426 2265 3449 ,
2291 3389 2357 3439 6:
2403 3413 2423 3432 n
2451 3389 2602 3443 Anne

1576 3487 1726 3522 coma
1751 3485 1815 3519 ex
1835 3485 1966 3519 auro
1988 3465 2119 3522 flava
2142 3466 2329 3518 esttibi
2349 3465 2539 3521 Gentia
2562 3493 2601 3517 n.

1650 3553 1696 3610 4.
1734 3547 2183 3614 Sublimacpeceora
2203 3547 2430 3611 sanguis.
2468 3545 2602 3596 Bur·

1580 3641 1804 3677 mannus
1832 3641 1937 3676 sec.
1965 3623 2191 3675 verbum
2226 3625 2455 3673 sublimae
2476 3624 2601 3696 reji-

1580 3703 1651 3755 cit
1665 3744 1680 3769 ,
1702 3715 1974 3774 tamquam
1994 3721 2102 3754 non
2122 3701 2440 3753 conveniens
2464 3704 2602 3754 aetati

1579 3781 1738 3855 hujus
1788 3791 1955 3854 poetoe
1972 3821 1987 3846 ,
2030 3793 2188 3851 atque
2234 3779 2281 3832 ei
2331 3778 2601 3833 substituit

1581 3863 1801 3921 sublinit,
1825 3859 1880 3912 id
1903 3871 1979 3914 est
1994 3900 2010 3926 ,
2037 3858 2301 3912 suffundit
2316 3898 2330 3923 ‚
2352 3859 2601 3912 ruborem

1580 3937 1799 3994 candori
1816 3939 2015 3996 miscet,
2029 3937 2144 4009 Ego
2160 3939 2388 3988 sublimae
2402 3946 2605 3988 rectum

1582 4029 1633 4071 et
1650 4019 1856 4091 elegans
1883 4035 1993 4070 esse
2012 4027 2143 4089 puto
2159 4054 2175 4079 ‚
2208 4014 2518 4087 accipioque
2536 4013 2603 4066 de

1130 4124 1152 4147 ι
1181 4097 1316 4152 Cum
1333 4097 1495 4152 radiis
1586 4097 1932 4169 amplitudine
1960 4094 2152 4150 decora
2180 4089 2407 4167 pectoris
2416 4112 2607 4169 ,quam
