2975 4684
882 386 1305 460 CARMEN
1372 391 1505 459 AD
1565 387 2050 466 PISONEM.

2409 396 2548 494 269

498 505 830 577 Auderem
874 530 1069 578 voees
1107 535 1227 605 per
1266 512 1565 581 carmina
1606 528 1833 583 nostra
1869 516 2126 587 -referre
2145 572 2165 605 ,

497 619 649 687 Piso
671 672 690 705 ‚
733 634 921 707 tuas;
980 620 1093 689 sed
1134 620 1304 690 fessa
1346 619 1540 692 labat
1566 624 1729 692 mihi
1765 625 2064 720 pondere
2093 629 2356 715 cervix,

499 733 587 799 Et
620 730 1007 801 tremefacta
1047 730 1298 801 cadunt
1329 734 1592 830 ’succiso
1638 734 1891 829 poplite
1929 738 2251 808 membra.

500 842 611 911 Sic
650 866 776 911 nec
805 840 1103 911 olorinos
1148 840 1351 912 audet
1398 842 1763 917 Pandionis
1801 844 1936 916 ales
2247 907 2260 915 .
2469 869 2543 906 ²⁵⁵

502 952 713 1019 Parva
748 950 995 1020 referre
1032 971 1266 1040 sonos,
1294 976 1450 1039 nec,
1480 954 1537 1023 si
1581 955 1741 1025 velit
1775 956 2114 1051 improba,
2147 960 2375 1055 possit.

501 1061 613 1129 Sir.
648 1075 717 1129 et
758 1061 1043 1131 aedonia
1091 1077 1496 1157 superantur
1535 1091 1697 1137 voce
1733 1066 2010 1156 cicadae,

500 1169 799 1241 Stridula
830 1196 1044 1266 quum
1088 1172 1325 1268 rapido
1357 1172 1614 1245 faciunt
1645 1178 1946 1247 convicia
1984 1178 2144 1250 Soli.

482 1374 577 1425 252
586 1412 600 1426 .
616 1378 862 1426 Auderem
875 1390 1044 1428 voces.
1058 1374 1140 1429 Cl.
1152 1374 1432 1430 Santenius

406 1452 746 1507 scribendum
761 1455 981 1527 putabat
998 1459 1155 1508 doces.
1171 1454 1273 1510 sed
1283 1473 1432 1507 voces

407 1544 673 1586 auctorem
687 1535 913 1588 voluisse
926 1571 941 1597 ,
960 1532 1194 1588 declarat
1208 1552 1434 1607 sequeus

408 1612 756 1683 comparatio,
774 1633 822 1665 v.
845 1613 943 1668 255
965 1618 1433 1685 seqq.—Auderem

408 1710 555 1741 voees
594 1712 690 1760 per·
736 1695 963 1744 earmina
1000 1706 1170 1745 nostra
1212 1695 1393 1761 referre
1412 1731 1429 1753 ,

318 1776 323 1783 '
409 1770 801 1841 eloquentiam,
825 1772 1125 1837 orationes,
1151 1772 1434 1826 sententias

411 1861 527 1902 tuae
566 1849 895 1906 carminibus
932 1851 1063 1904 meis
1104 1851 1325 1914 imitari,
1348 1850 1435 1904 vel

408 1940 663 2000 repetere.
689 1927 817 1981 Vid.
842 1947 1006 2001 supra
1032 1948 1081 1983 v.
1102 1930 1187 1982 80.

485 2010 601 2072 254.
634 2012 831 2061 Succiso
851 2013 1057 2078 poplite.
1093 2010 1305 2063 Petron.
1330 2009 1433 2060 Ar·

412 2088 577 2141 biter·
598 2090 776 2140 :Date
814 2088 943 2140 mihi
979 2088 1205 2154 ducem,
1228 2088 1320 2159 qui
1348 2106 1436 2140 me

411 2167 569 2220 ducat
593 2166 661 2220 ad
682 2167 879 2221 liberos
902 2186 1079 2233 meos,
1096 2186 1223 2221 num
1247 2164 1437 2221 succisi

412 2248 638 2319 poplites
682 2247 919 2301 membra
958 2266 1065 2301 nou
1111 2247 1414 2301 sustinent»

412 2328 980 2379 L1nnun.-Succisus
999 2328 1180 2401 poples
1199 2338 1315 2393 est,
1342 2286 1435 2399 qui

412 2404 643 2459 concidit
664 2418 718 2459 et
742 2403 1060 2479 prolabitur,
1085 2406 1238 2480 quasi
1260 2406 1437 2459 nervis

415 2485 659 2539 succisis:
710 2486 839 2539 alias
903 2487 1162 2537 succiduus
1225 2484 1435 2539 dicitur.

414 2564 575 2618 Ovid.
598 2565 725 2618 Met.
744 2566 823 2628 X,
846 2564 977 2627 458:
1000 2564 1244 2636 «Poplite
1266 2562 1436 2619 succi·

416 2643 525 2697 duo
572 2662 747 2716 genua
792 2644 1110 2697 intremuere
1127 2670 1173 2697 n.
1219 2644 1439 2714 Proprie

420 2722 691 2796 usurpavit
714 2722 855 2777 idem
876 2724 1096 2778 Metam.
1112 2724 1249 2777 VIII
1266 2765 1281 2791 ,
1300 2722 1435 2783 364:

421 2827 444 2848 α
468 2801 815 2875 trepidantem
836 2840 852 2869 ,
895 2814 947 2855 et
981 2815 1131 2875 terga
1164 2815 1439 2876 parantem

421 2884 669 2949 Vertere,
710 2883 915 2937 succiso
942 2882 1213 2955 liquerunt
1246 2882 1441 2955 poplite

420 2982 567 3017 flervl
588 2988 630 3014 ι.

493 3044 611 3097 255.
665 3044 745 3093 Sic
786 3062 877 3093 nec
918 3046 1147 3095 olor-imos.
1181 3042 1285 3094 Alii
1308 3061 1323 3095 ε
1346 3047 1446 3095 Sed

421 3142 527 3173 nee.
560 3122 623 3175 C.
652 3132 705 3174 et
728 3118 861 3177 Jun.
896 3120 1033 3175 scal.
1066 3122 1203 3175 Pith.
1231 3123 1440 3175 Lazo!-

422 3204 757 3254 ——Pandionis
781 3206 911 3262 ales,
932 3201 1241 3273 philomela.

495 3280 617 3334 2‘56.
658 3283 711 3333 Si
738 3284 863 3333 velit
887 3283 1133 3349 improba,
1173 3281 1220 3334 ei
1249 3280 1445 3335 audeat

424 3373 749 3432 armganter.
776 3360 1001 3413 Martial.
1024 3361 1073 3426 1,
1097 3362 1187 3424 54,
1210 3378 1243 3429 9
1264 3378 1278 3412 ε
1310 3386 1333 3408 ι
1354 3359 1441 3414 Sic

422 3438 515 3491 ubi
562 3438 847 3493 multisona
891 3439 1058 3493 fervet
1091 3458 1238 3493 sacer
1264 3439 1443 3494 Attide

422 3519 573 3572 lucus
590 3520 873 3590 ,Improba
898 3518 1181 3590 Cecropias
1210 3518 1441 3574 effundit

424 3597 541 3669 pica
566 3598 805 3671 querelas
832 3622 873 3649 a.
906 3598 1183 3652 Lueretius
1198 3639 1213 3664 ,
1230 3600 1347 3664 111,
1369 3601 1430 3651 6:

430 3700 453 3724 ιι
472 3677 604 3749 quid
659 3678 799 3730 euim
854 3676 1139 3731 contendat
1209 3677 1443 3731 hirundo

426 3758 621 3829 Cycnis
638 3782 682 3809 ι.

502 3836 618 3907 257.
636 3838 865 3888 Aedonia
884 3856 1028 3898 voce,
1046 3836 1308 3904 luscinia,
1326 3857 1445 3910 quae

430 3921 593 3969 aedon
622 3928 675 3970 et
703 3922 899 3970 vocalis
929 3922 1109 3987 longos
1130 3922 1307 3971 ducere
1326 3938 1447 3971 ean-

428 4011 505 4047 ms
524 3995 721 4050 dicitur
739 3994 1030 4069 Calpurnio
1049 4038 1065 4062 ‚
1098 3997 1177 4049 lx
1196 4038 1215 4064 ,
1250 4002 1334 4050 61.
1356 4004 1447 4049 Ae-

428 4081 595 4129 donioe
612 4097 763 4131 voces
781 4080 1019 4131 Lactant-
1038 4078 1094 4129 iu
1118 4077 1303 4132 Phoen.
1328 4083 1415 4149 47.

432 4186 499 4196 --
529 4158 594 4209 Et
620 4158 803 4211 Festus
845 4158 1097 4221 Avienus,
1118 4156 1173 4211 in
1204 4158 1471 4221 Sirenum,

1521 1370 1782 1444 Allegoria
1797 1414 1814 1439 ,
1837 1392 1884 1426 v,
1917 1392 1950 1443 7
1971 1390 1989 1428 t
2041 1400 2063 1421 ι
2101 1372 2370 1447 Quodque
2408 1375 2548 1429 leves

1519 1447 1730 1519 calami,
1744 1450 1891 1524 quod
1911 1452 2086 1505 suavis
2103 1460 2286 1507 cantat
2301 1453 2470 1509 aedon
2489 1474 2547 1521 υς

1519 1529 1612 1585 ubi
1631 1536 1871 1585 aedonem
1885 1531 2076 1585 Musici
2097 1550 2293 1586 nomeu
2317 1551 2431 1587 esse
2451 1553 2550 1608 pu-

1521 1612 1661 1665 tabat
1713 1611 1974 1685 Mariang.
2023 1612 2310 1665 Accursius
2328 1650 2344 1675 ‚
2387 1634 2547 1687 quem

1517 1700 1663 1744 recte
1687 1691 1938 1745 refutavit
1958 1690 2177 1744 Fortun.
2199 1692 2414 1747 Licetus
2431 1693 2487 1746 d.
2507 1695 2543 1747 l.

1521 1770 1587 1823 In
1629 1772 1914 1843 Epitaphio
1955 1769 2269 1823 Athenaidis
2300 1784 2352 1824 et
2387 1772 2548 1827 Probi

1521 1849 1666 1923 apud
1693 1852 1923 1905 Fahrett.
1970 1868 2086 1922 cup.
2121 1870 2214 1916 ιο,
2248 1869 2374 1923 pag.
2402 1870 2504 1921 70²
2531 1870 2545 1904 ε

1533 1930 1758 1996 nQuum
1775 1941 1825 1983 te
1840 1969 1856 1997 ,
1877 1942 2002 1983 nate
2016 1969 2032 1995 ,
2053 1928 2178 1992 fleo,
2195 1930 2438 2001 planctus
2452 1930 2548 1985 da-

1519 2008 1598 2061 hit
1616 2008 1789 2062 Attica
1817 2008 1988 2062 aedon
2013 2045 2030 2072 ,
2068 2008 2136 2059 Et
2159 2024 2336 2062 comes
2360 2010 2447 2063 his
2470 2010 2550 2065 la·

1521 2088 1716 2160 crymis
1753 2088 1930 2141 veniet
1965 2106 2065 2159 pro
2104 2090 2328 2160 conjuge
2363 2088 2546 2157 Siren,

1519 2178 1620 2222 etc.
1641 2194 1666 2213 n·
1685 2168 1752 2221 Ῑιι
1778 2167 2049 2240 epitaphio
2075 2167 2219 2238 apud
2250 2166 2506 2223 Pithoeum
2527 2208 2544 2233 ‚

1521 2248 1611 2300 lib.
1633 2247 1719 2300 111
1736 2285 1750 2311 ,
1769 2266 1828 2321 p.
1855 2250 1952 2301 123
1979 2266 1993 2300 ε
2023 2274 2049 2293 α
2067 2248 2132 2299 Ει
2162 2266 2323 2318 super
2340 2248 2396 2300 iu
2415 2248 2545 2303 nido

1520 2326 1852 2381 Marathonis
1873 2339 2049 2380 cantet
2067 2326 2239 2381 aedon
2265 2352 2309 2379 ι.
2351 2328 2414 2381 Ῑιι
2451 2328 2482 2381 J
2485 2348 2546 2381 u-

1522 2406 1666 2461 dicio
1687 2408 1803 2461 coci
1823 2419 1876 2461 et
1893 2408 2127 2480 pistoris,
2149 2406 2294 2479 quod
2317 2419 2462 2462 tomo
2479 2409 2509 2460 1
2527 2447 2544 2473 ‚

1522 2505 1640 2560 pag.
1692 2488 1794 2543 ⁵88
1838 2485 2001 2560 hujus
2039 2488 2216 2560 operis
2253 2486 2549 2555 edidimus,

1524 2587 1576 2619 v.
1600 2566 1694 2620 53:
1721 2592 1744 2612 ι
1767 2567 1853 2619 Τιι
1877 2568 2007 2620 facis
2039 2566 2093 2619 in
2129 2566 2260 2620 lucis
2288 2580 2348 2619 ut
2369 2579 2548 2621 cantet

1523 2646 1686 2699 tristis
1703 2644 1876 2699 aedon
1895 2684 1911 2709 ‚
1930 2646 2220 2717 Moestaque
2240 2646 2342 2699 sub
2363 2659 2546 2701 moesto

1525 2744 1620 2780 sua
1649 2736 1946 2779 murmuret
1972 2736 2088 2778 acta
2114 2724 2364 2778 chelidon
2391 2751 2435 2779 ι.
2465 2728 2545 2780 Ita

1527 2806 1582 2857 iu
1607 2804 1840 2857 carmine
1854 2804 1922 2858 de
1941 2803 2230 2857 Philomela
2249 2840 2265 2867 ,
2297 2804 2548 2877 31)υῶΡὶ-

1527 2884 1726 2939 thoeum
1753 2885 1809 2939 iu
1837 2884 2202 2937 Praetermissis
2219 2921 2235 2947 ,
2257 2902 2310 2956 p.
2332 2886 2435 2948 486
2461 2884 2545 2939 ed.

1527 2968 1690 3021 Paris.
1727 2991 1749 3013 ι
1771 2963 1960 3017 Judice
1995 2982 2082 3016 me
2115 2982 2315 3035 cycnus
2351 2975 2404 3016 et
2439 2983 2550 3036 gar-

1529 3048 1646 3101 rula
1673 3045 1824 3099 cedat
1847 3043 2017 3097 aedon
2039 3080 2056 3107 ‚
2089 3042 2258 3097 Cedat
2283 3055 2335 3097 et
2356 3043 2548 3097 illustri

1528 3126 1782 3199 psittacus
1799 3144 1892 3178 ore
1909 3125 2062 3179 tibi».
2084 3126 2269 3196 Itaque
2291 3124 2424 3177 bene
2444 3123 2549 3177 viri

1529 3206 1672 3260 docti
1700 3204 1768 3259 ad
1801 3206 2012 3259 Petrorr.
2047 3222 2166 3273 cap.
2203 3204 2332 3270 131,
2361 3203 2416 3256 in
2445 3204 2548 3255 De-

1526 3286 1810 3357 scriptione
1831 3284 1933 3337 loci
1951 3284 2143 3336 arnoeni
2161 3282 2555 3355 castigaverunt

1528 3369 1690 3417 aedon
1733 3382 1835 3435 pro
1869 3368 2072 3415 Easdon
2085 3402 2102 3425 ,
2125 3383 2177 3415 v.
2196 3365 2229 3415 6
2252 3380 2267 3415 :
2295 3390 2320 3409 κ
2343 3364 2550 3435 Dignus

1528 3462 1710 3499 amore
1721 3443 1868 3498 locus
1883 3462 1898 3508 ;
1915 3443 2058 3497 testis
2073 3442 2306 3497 silvester
2321 3443 2491 3498 aedon
2501 3462 2550 3507 ις

1527 3522 1676 3596 quod
1693 3523 1954 3597 probabat
1963 3522 2476 3595 &alifien-‚Videatur
2496 3533 2556 3575 et

1531 3602 1713 3657 Heius.
1735 3602 1805 3656 ad
1826 3601 1985 3656 Ovid.
2007 3599 2216 3655 Met.VI
2231 3642 2248 3667 ‚
2275 3604 2396 3667 468.
2413 3603 2514 3655 En.

1605 3685 1726 3737 258.
1747 3686 1960 3734 Stridula
1979 3702 2086 3733 eum
2109 3684 2300 3751 rapido.
2323 3682 2402 3736 Cl.
2415 3682 2551 3738 San-

1534 3755 1704 3808 teuius
1739 3753 2044 3826 suspicatur
2079 3756 2248 3805 rabido
2285 3754 2552 3825 scripsisse

1535 3846 1763 3907 poetam.
1801 3862 1873 3871 -—
1909 3836 2022 3883 Cum
2061 3834 2260 3901 rapido,
2296 3834 2476 3890 aestivo
2499 3848 2554 3889 et

1535 3913 1753 3968 torrenti
1781 3910 2044 3965 soti.Vid.
2067 3912 2322 3981 Calpurn.
2351 3914 2376 3965 1
2395 3956 2411 3979 ‚
2456 3934 2549 3969 10:

1537 4013 1658 4047 nam
1683 4004 1812 4046 oestu
1838 3992 2067 4045 maxime
2087 4003 2140 4043 et
2155 3991 2446 4048 calescente
2464 3996 2557 4051 die

1536 4088 1761 4146 strepere
1795 4070 1987 4125 cicadae
2025 4072 2211 4123 solent.
2248 4071 2373 4127 vid.
2398 4073 2556 4148 Vin-g.

1536 4154 1728 4225 Georg.
1754 4151 1868 4217 111,
1912 4151 2035 4221 3²7·
2070 4162 2122 4203 et
2149 4162 2336 4203 auctor
2363 4153 2520 4227 copo
2540 4194 2560 4223 ,
