2975 4684
512 329 651 400 250

1240 339 1572 410 SALEII
1637 345 1918 416 BASSI

502 551 509 558 ἱ
607 457 793 524 Inter
828 473 904 525 ut
935 458 1217 552 aequales
1258 487 1433 532 unus
1464 469 1838 538 numeraris
1869 469 2157 538 amicos:

610 567 1165 665 obsequiumque
1206 571 1403 644 doces
1423 629 1442 662 ‚
1472 591 1543 644 et
1575 601 1869 648 amorem
1897 581 2138 675 quaeris
2167 582 2477 653 amando,
2569 616 2636 642 n·

606 685 866 753 Cuncta
903 684 1141 756 domus
1183 689 1361 760 varia
1400 690 1737 762 cultorum
1773 711 2090 790 personat
2125 711 2305 784 arte,

598 797 861 865 Cuncta
894 813 1115 867 movet
1140 799 1437 870 studium
1468 827 1487 871 z
1523 828 1648 873 nec
1680 805 1860 874 enim
1903 807 2026 876 tibi
2063 806 2230 876 dura
2275 806 2588 879 clientum

604 907 828 974 Turba
880 907 1146 978 rudisve
1180 909 1427 1004 piacet,
1466 915 1710 984 misero
1742 942 1892 1011 quae
1927 917 2097 988 freta
2133 917 2364 988 labore

602 1013 717 1084 Nil
756 1017 883 1085 nisi
928 1019 1239 1088 submoto
1276 1023 1465 1091 novit
1507 1026 1878 1118 praecedere
1925 1028 2162 1124 vulg03

606 1125 739 1196 Sed
780 1129 991 1197 virtus
1034 1155 1387 1203 numerosa
1410 1135 1604 1228 juvat
1635 1163 1650 1205 :
1688 1153 1762 1208 tu
1800 1165 2058 1234 pronus
2089 1143 2158 1210 in
2191 1165 2389 1210 omne
2567 1169 2638 1207 ..s

584 1337 603 1370 1
619 1336 697 1384 19.
722 1325 863 1372 Inter
886 1337 934 1373 ee
964 1329 1207 1391 oequales,
1238 1326 1394 1398 Corp.
1421 1329 1528 1380 Au-

506 1398 602 1449 rel.
628 1399 725 1450 En.
746 1431 815 1438 —
840 1407 974 1453 Unus
1009 1409 1279 1457 nmnerarr's
1316 1410 1527 1468 amicos,

508 1483 570 1540 ὡς
601 1473 667 1542 εἷς
695 1489 791 1534 τῶν
821 1491 1029 1538 πολλῶν.
1064 1484 1263 1539 Bnnsm.
1294 1487 1368 1539 Ut
1386 1506 1527 1540 unus

504 1556 571 1609 de
605 1559 803 1614 ceteris
838 1562 1019 1616 amicis
1034 1603 1050 1626 ‚
1088 1565 1236 1619 nulla
1270 1584 1528 1638 proroga·

504 1637 625 1690 tiva.
650 1638 767 1692 Hoc
790 1641 949 1696 modo
976 1644 1184 1698 laudari
1206 1646 1403 1713 solent,
1432 1647 1528 1720 qui

501 1736 557 1770 se
586 1737 887 1777 communes
906 1725 1021 1778 aliis
1039 1737 1089 1778 et
1108 1726 1289 1780 civiles
1304 1740 1496 1798 gerunt
1509 1770 1524 1797 ,

504 1797 635 1852 nihil
660 1799 761 1854 sibi
785 1821 893 1874 prae
919 1805 1036 1857 aliis
1058 1818 1318 1878 arrogant.
1337 1808 1527 1862 Cicero

503 1876 572 1930 de
606 1879 765 1935 Offic.
802 1883 865 1947 1,
912 1885 1005 1939 30:
1036 1913 1061 1932 κ
1087 1886 1153 1940 In
1191 1889 1526 1943 sermonibus

502 1958 665 2012 alium
700 1979 859 2032 quem
880 2005 895 2030 ,
942 1967 1186 2038 quamvis
1235 1981 1526 2040 prepotens

502 2037 587 2100 sit,
608 2038 840 2108 efficere,
865 2058 925 2099 ut
952 2065 1091 2100 unus
1116 2045 1184 2100 de
1208 2049 1386 2102 multis
1412 2069 1525 2104 esse

502 2116 743 2172 videatur
758 2147 801 2175 n.
843 2124 1076 2190 Plinius,
1112 2127 1305 2200 Paneg.
1342 2147 1455 2201 cap.
1494 2151 1522 2184 2

502 2198 570 2250 de
595 2201 863 2276 Trojano:
894 2231 917 2253 ι
945 2207 1124 2259 Unum
1148 2208 1235 2261 ille
1264 2227 1319 2262 se
1346 2228 1411 2262 ex
1430 2230 1524 2262 no-

500 2277 581 2332 bis
598 2317 614 2343 ‚
662 2295 715 2334 et
755 2282 861 2337 hoc
908 2287 1073 2356 magis
1114 2287 1324 2340 excellit
1363 2300 1523 2360 atque

498 2360 722 2426 eminet,
740 2362 885 2434 quod
903 2383 1069 2417 unum
1085 2384 1147 2418 ex
1162 2367 1316 2419 nobis
1338 2378 1520 2438 putut3

495 2455 595 2492 nec
620 2441 795 2496 minus
820 2443 1091 2496 hominem
1112 2463 1169 2498 se
1185 2482 1202 2508 ‚
1236 2464 1397 2517 quam
1426 2447 1523 2500 ho-

498 2519 731 2576 minibus
758 2541 980 2594 praeesse
1000 2561 1016 2586 ,
1052 2525 1293 2577 meminit
1312 2551 1358 2579 a.

576 2621 692 2654 120.
721 2609 789 2654 Ec
819 2623 1035 2656 amorem
1068 2608 1246 2672 queen’s
1276 2610 1518 2659 amando.

498 2682 651 2736 Paria
706 2683 773 2737 de
807 2685 1041 2756 Trajano
1088 2684 1340 2755 praedicat
1384 2685 1520 2738 Plin.

496 2779 614 2835 cap.
638 2765 703 2816 85
726 2781 739 2814 :
777 2789 799 2811 e
817 2763 900 2816 Tu
926 2763 1209 2817 amicitiam
1234 2765 1443 2836 pulsam
1469 2776 1522 2817 et

494 2854 757 2896 errantem
784 2843 1071 2898 reduxisti:
1098 2845 1261 2898 hahes
1284 2846 1485 2898 amicos
1501 2885 1518 2910 ,

494 2921 623 2992 quia
656 2925 860 2977 amicus
899 2925 1012 2996 ipse
1049 2943 1179 2978 es...
1209 2924 1387 2977 Potest
1412 2926 1519 2977 for-

494 3014 631 3055 tasse
648 3004 981 3075 princeps.....
1006 3005 1135 3058 odio
1154 3023 1268 3058 esse
1290 3007 1521 3058 nonnul-

494 3081 558 3133 lis
577 3119 593 3143 ‚
612 3083 819 3136 etiamsi
832 3087 945 3157 ipse
968 3105 1073 3139 non
1093 3084 1267 3140 oderit
1289 3103 1303 3137 :
1325 3086 1516 3151 amari,

494 3160 595 3213 nisi
615 3161 731 3232 ipse
755 3179 925 3228 amet,
953 3185 1059 3218 non
1088 3177 1257 3236 potest
1278 3191 1319 3216 n.
1345 3168 1520 3235 Atque

491 3239 595 3292 hoc
613 3253 930 3312 praeceptum
948 3245 1199 3316 frequens
1211 3245 1514 3298 Veteribus.

492 3319 692 3373 Seneca
710 3357 724 3382 ,
748 3321 908 3391 Epi-t.
940 3323 1019 3374 lx
1052 3341 1115 3376 ex
1142 3325 1415 3378 Hecatone
1440 3343 1518 3376 re-

492 3399 630 3452 fert:
660 3399 816 3470 «Ego
849 3401 943 3452 tibi
980 3404 1288 3456 monstrabo
1318 3414 1520 3456 amato·

491 3478 633 3530 rium
648 3516 663 3541 ‚
684 3479 797 3530 sine
816 3479 1203 3534 medicamento
1222 3523 1236 3546 ,
1260 3484 1373 3536 sine
1392 3483 1516 3536 her·

490 3557 589 3624 ba,
624 3559 740 3612 sine
774 3559 935 3612 ullius
965 3561 1211 3616 veneficae
1240 3562 1474 3614 carmine
1499 3580 1513 3614 :

490 3639 547 3690 si
575 3639 651 3692 vis
683 3641 882 3705 amari,
918 3659 1038 3694 ama
1082 3665 1128 3693 ·.
1176 3641 1243 3692 Et
1282 3643 1512 3696 Martial.

494 3717 574 3768 VI
596 3754 613 3781 ,
638 3737 699 3771 11
728 3741 741 3770 :
791 3747 815 3765 α
838 3720 910 3770 Ut
954 3733 1197 3791 praestem
1239 3721 1481 3791 Pyladen
1499 3763 1513 3788 ,

487 3796 677 3868 aliquis
701 3799 833 3850 mihi
869 3810 1077 3872 pra-stet
1104 3801 1364 3854 Orestem.
1400 3801 1516 3854 Hoc

490 3893 599 3928 nou
626 3875 688 3928 fit
716 3879 883 3932 verbis
908 3917 923 3943 ,
954 3885 1167 3933 Marce:
1202 3891 1262 3933 ut
1286 3881 1479 3934 ameris
1499 3919 1514 3944 ,

498 3974 620 4010 ama
643 3980 689 4008 ι.
1224 3977 1229 3984 ·

570 4053 687 4088 121.
731 4041 969 4090 calcorum
994 4053 1233 4107 personae
1268 4053 1408 4091 arte.-
1456 4039 1513 4094 h.

498 4133 541 4166 e.
582 4116 833 4186 quoniam
856 4155 873 4180 ,
896 4118 991 4189 qui
1030 4118 1085 4172 in
1124 4117 1341 4172 domum
1371 4131 1514 4174 tuem

1615 1331 1916 1401 confluunt,
1937 1334 2166 1388 cultores
2199 1346 2358 1408 atque
2390 1335 2605 1389 clientes
2623 1378 2640 1400 ‚

1615 1409 1860 1464 homines
1897 1425 2021 1466 sunt
2063 1413 2366 1486 politissimi
2391 1414 2642 1486 vatisque

1613 1500 1726 1544 arte
1745 1491 1940 1544 exculti
1961 1529 1976 1556 ,
1999 1493 2124 1546 hinc
2141 1493 2200 1545 in
2219 1511 2282 1546 ea
2305 1492 2514 1546 assidue
2537 1513 2642 1546 ser-

1613 1587 1800 1624 mones
1817 1571 1887 1624 de
1903 1573 2062 1625 rebus
2081 1573 2305 1626 eruditis
2327 1571 2641 1636 audiuntur,

1613 1659 1666 1700 et
1699 1649 1895 1721 singuli
1934 1651 2160 1704 aliorum
2198 1652 2534 1706 emulatione
2571 1653 2644 1706 ad

1613 1729 1964 1799 expromenda
2003 1749 2098 1784 sus
2136 1729 2312 1784 studia
2329 1773 2346 1797 ,
2373 1744 2426 1786 et
2461 1731 2642 1786 danda

1611 1808 1736 1860 artis
1759 1809 2048 1880 specimina
2075 1810 2392 1864 excitantur.

1688 1895 1806 1952 124.
1825 1892 1916 1942 Nil
1929 1892 2029 1942 nisi
2046 1893 2286 1942 submoto.
2323 1890 2471 1944 Nihil
2493 1891 2644 1944 aliud

1609 1979 1860 2038 prostare
1929 1981 2156 2040 patrono
2221 1981 2394 2040 potest
2412 2009 2429 2036 ,
2477 1987 2642 2042 quam

1609 2047 1758 2118 quod
1776 2049 1988 2102 lictores
2003 2089 2018 2114 ,
2040 2047 2162 2102 duri
2183 2061 2236 2103 et
2255 2049 2452 2102 infime
2471 2050 2646 2120 plebis

1609 2126 1884 2194 homines,
1917 2129 2274 2200 magistratui,
2311 2130 2404 2201 qui
2443 2149 2641 2202 praece-

1609 2206 1792 2261 dentes
1855 2220 1907 2262 et
1961 2209 2218 2281 populum
2267 2210 2644 2264 submoventes

1610 2287 1748 2340 viam
1783 2289 2013 2342 faciunt:
2041 2288 2188 2362 quod
2213 2289 2370 2342 latius
2401 2291 2645 2360 exposuit

1605 2367 1840 2438 Lipsius,
1852 2369 2018 2422 Elect.
2035 2369 2083 2434 1,
2103 2368 2388 2439 23.Tangit
2405 2369 2643 2422 officium

1607 2458 1660 2498 et
1683 2448 1896 2500 turbam
1917 2447 2296 2502 deducentium
2317 2461 2370 2500 et
2385 2449 2643 2502 comitan-

1607 2525 1740 2579 tium
1759 2565 1775 2590 ,
1823 2527 1918 2600 qui
1960 2527 2260 2600 precedere
2275 2567 2292 2591 ,
2345 2528 2430 2580 vel
2481 2527 2637 2580 lateri

1605 2605 1835 2670 harere,
1857 2608 1942 2660 vel
1969 2605 2220 2679 subsequi
2253 2606 2492 2660 solebant
2513 2643 2531 2671 ‚
2571 2607 2642 2660 de

1607 2687 1804 2755 quibus
1846 2685 1916 2738 ad
1959 2706 2095 2740 vers.
2141 2703 2164 2738 1
2179 2703 2240 2738 xo
2281 2683 2514 2738 vidimus
2529 2723 2548 2749 ‚
2587 2697 2642 2738 et

1608 2765 1923 2820 consulendi
1938 2766 2083 2819 docti
2099 2765 2198 2818 viri
2217 2763 2284 2817 ad
2299 2763 2434 2818 Ptin.
2445 2765 2638 2836 Pane-g.

1606 2863 1727 2916 cap.
1760 2849 1846 2914 76.
1875 2849 2092 2898 Gincmm
2117 2847 2294 2912 togatis
2309 2859 2428 2911 post
2447 2858 2498 2895 ee
2517 2861 2642 2896 auce

1606 2927 1855 2990 Saufeium
1873 2935 2024 2978 vocat
2043 2922 2276 2976 Martini.
2297 2924 2352 2975 11
2371 2960 2388 2986 ,
2411 2932 2498 2992 7⁴-
2521 2928 2640 2976 Gre-

1603 3023 1696 3072 ges
1715 3007 1940 3054 comitum
1961 2999 2090 3054 dicit
2109 3003 2300 3054 Juven.
2319 3003 2346 3054 Ι
2367 3042 2382 3067 ,
2407 3007 2506 3066 465
2523 3021 2640 3072 gm-

1600 3103 1712 3153 gem
1737 3097 1958 3150 togatum
1975 3119 1991 3140 ,
2023 3083 2175 3132 Mart.
2205 3082 2290 3146 11,
2319 3083 2406 3151 57.

1683 3163 1798 3216 125.
1823 3166 1922 3214 Sed
1943 3165 2100 3213 virtus
2125 3163 2554 3229 numerosajuvat,
2581 3161 2636 3216 h.

1606 3261 1651 3296 e.
1687 3243 1980 3295 multarum
2017 3241 2243 3304 artium,
2271 3252 2322 3292 et
2361 3239 2428 3292 ad
2467 3241 2636 3296 multa

1605 3321 1766 3376 utilis.
1803 3317 2090 3385 Quomodo
2123 3322 2276 3391 pueri
2315 3319 2482 3390 lepidi
2523 3319 2636 3374 elo-

1605 3402 1752 3472 gium
1777 3402 1832 3452 iu
1861 3400 2082 3470 antiquo
2099 3398 2308 3470 lapide,
2337 3403 2544 3466 Corpore
2581 3403 2634 3451 in

1603 3485 1790 3550 exe'guo
1834 3500 1912 3531 res
1954 3498 2214 3530 numerosa
2241 3481 2332 3546 fiaet'
2347 3517 2362 3538 ‚
2407 3478 2638 3550 explicat

1604 3561 1842 3613 Gronov.
1866 3558 1934 3611 ad
1957 3557 2093 3609 Plin.
2119 3559 2292 3630 Epist.
2311 3557 2364 3608 X
2379 3595 2395 3621 ,
2417 3561 2516 3622 483
2547 3560 2636 3612 cui

1607 3639 1900 3694 adsentitur
1933 3637 2222 3708 Longolius
2253 3638 2325 3691 ad
2355 3637 2636 3705 eumdem,

1605 3731 1655 3772 et
1686 3719 1748 3772 P.
1769 3721 2110 3772 Burmannus
2139 3718 2210 3770 ad
2245 3718 2404 3770 Anth.
2423 3718 2516 3770 lib.
2537 3719 2635 3781 lv,

1605 3819 1686 3869 ep.
1717 3799 1836 3854 351.
1853 3797 1991 3850 Vide
2011 3798 2190 3850 Nostri
2207 3815 2418 3850 versum
2444 3801 2532 3852 66.
2549 3798 2637 3852 Sic

1606 3878 1767 3932 etiam
1789 3879 2111 3950 interpretor
2133 3876 2276 3949 apud
2299 3877 2516 3931 Colum.
2537 3877 2633 3930 lib.

1607 3959 1682 4022 X,
1696 3979 1747 4012 v.
1769 3961 1824 4022 6,
1841 3976 2218 4012 «numerosum
2239 3957 2635 4022 hortum-,nou

1607 4039 1769 4092 modo
1801 4039 2035 4110 amplum
2069 4052 2120 4092 et
2157 4039 2212 4090 in
2249 4037 2446 4090 multas
2485 4057 2635 4094 areas

1607 4119 1882 4174 definitum
1897 4159 1914 4185 ‚
1926 4115 2016 4172 sed
2033 4130 2312 4192 propterea
2329 4118 2488 4172 etiam
2503 4119 2635 4172 mul·
