2975 4684
718 381 855 448 AD
918 379 1254 450 SALEII
1319 379 1599 446 BASSI
1663 379 2107 447 CARMEN.
2328 405 2469 476 279

347 503 658 590 explicata
674 549 694 582 ,
723 517 799 564 ut
825 500 1002 568 docti
1023 501 1141 566 viri
1163 499 1480 580 fatentia-3
1512 515 1735 564 noster
1754 516 1969 566 umen
1995 502 2173 567 locus
2200 506 2293 568 sic
2320 505 2470 572 satis

345 603 720 668 luculentus
742 601 1018 682 videtur,
1050 617 1126 666 ut
1151 602 1361 668 lucem
1389 599 1750 666 adfundere
1774 601 1913 666 aliis
1940 605 2161 691 possit.
2192 605 2275 668 Et
2302 629 2470 694 quo-

349 705 522 770 niam
567 705 814 772 Saleius
863 703 1168 768 Pisonem
1207 727 1246 767 a
1289 703 1555 768 scientia
1596 719 1663 766 et
1694 725 1821 767 usu
1866 704 2005 783 ejus
2038 704 2173 768 ludi
2212 705 2471 770 laudare

348 807 523 889 vult,
551 806 706 872 inde
742 827 1004 872 necesse
1029 821 1128 870 est
1153 828 1228 869 ea
1259 805 1555 894 inprimis
1588 806 1931 869 memorari
1947 853 1965 886 ,
2002 806 2071 868 in
2102 807 2337 894 quibus
2369 831 2469 872 ars

351 909 632 974 maxime
681 925 748 972 et
775 908 1180 996 praecipuum
1221 906 1511 972 officium
1530 907 1897 972 ludentium
1928 909 2351 995 spectabatur.
2394 912 2467 972 In

351 1011 544 1076 variis
576 1011 722 1099 pilae
751 1011 1138 1100 generibus,
1172 1009 1509 1098 quomodo
1554 1011 1635 1074 ab
1666 1009 2005 1096 Antiquis,
2038 1027 2104 1075 et
2134 1011 2409 1077 maxime
2436 1035 2469 1074 a

345 1111 671 1194 Martiale,
694 1113 866 1176 libro
886 1111 1066 1193 XIV,
1091 1112 1292 1200 epigr.
1320 1109 1532 1189 45-48
1552 1109 2009 1176 desciibuntur
2025 1159 2043 1192 ‚
2064 1111 2169 1176 hic
2192 1135 2325 1176 non
2355 1113 2475 1175 im-

349 1236 702 1280 moramur.
749 1214 996 1278 Saleius
1025 1211 1190 1302 pilae
1235 1213 1505 1278 nomine
1542 1212 1839 1300 inprimis
1884 1212 2199 1300 respicere
2233 1211 2475 1301 fhllem

344 1315 608 1406 videtur
621 1363 642 1397 ,
677 1316 792 1404 qui
836 1331 1036 1380 vento
1065 1332 1330 1379 tumens
1363 1315 1432 1376 in
1465 1314 1719 1378 circulis
1737 1361 1755 1394 ,
1792 1314 1889 1376 vel
1935 1335 2173 1377 corona
2222 1312 2473 1378 adstan-

351 1417 514 1482 tium
530 1465 552 1498 ,
598 1439 822 1505 pugno
875 1416 1082 1482 emitti
1129 1416 1503 1504 pulsarique
1546 1415 1815 1482 solebat.
1849 1417 2233 1480 Arenariam
2280 1415 2473 1504 pilam

347 1541 580 1584 vocare
611 1517 868 1584 videtur
901 1517 1229 1599 Isidorus,
1266 1518 1448 1604 Orig.
1483 1517 1744 1593 XVIII,
1778 1539 1912 1605 cap.
1948 1519 2067 1580 ult.
2102 1516 2205 1580 Ab
2232 1539 2311 1580 eo
2342 1539 2473 1579 non

351 1620 632 1683 multum
671 1617 919 1683 diversa
955 1620 1099 1707 pilae
1139 1617 1470 1705 trigonalis
1500 1619 1665 1682 ratio
1689 1617 1971 1701 videtur,
2001 1641 2145 1706 quae
2173 1619 2321 1682 lieet
2350 1620 2474 1681 mi-

351 1742 476 1783 nor
472 1718 650 1806 folle
682 1736 748 1784 et
775 1719 1011 1802 solida,
1045 1719 1414 1808 plumisque
1446 1722 1682 1784 referta
1714 1735 1913 1802 esset,
1944 1737 2009 1784 et
2046 1742 2080 1783 a
2107 1721 2313 1784 tribus
2346 1737 2478 1784 tan-

351 1837 491 1884 tum
527 1821 938 1904 ludentibu3‚
985 1822 1052 1884 in
1091 1822 1352 1911 trigono
1399 1844 1515 1886 seu
1568 1821 1887 1910 triangulo
1934 1821 2434 1886 consistentibus
2458 1871 2473 1902 ,
2518 1818 2523 1825 ⁴

353 1922 624 1987 invice'm
650 1923 889 2011 pulsari
905 1971 924 2006 ,
950 1925 1222 2010 captari,
1245 1923 1452 2011 excipi
1475 1938 1539 1986 et
1556 1921 1736 1986 reddi
1761 1922 2035 2004 solebat,
2058 1921 2231 1986 idem
2262 1940 2475 1985 tamen

353 2024 418 2084 in
447 2023 732 2111 plurium
761 2025 952 2087 etiam
987 2024 1233 2088 circulo
1269 2025 1527 2087 evenire
1568 2024 1917 2111 saepissime
1948 2022 2212 2104 debuit,
2250 2041 2323 2086 ut
2349 2025 2477 2112 pila

353 2124 420 2186 in
465 2123 807 2189 adversum
852 2125 1140 2204 conjecta
1175 2125 1370 2212 pulsu
1401 2125 1675 2212 obliquo
1714 2127 1813 2188 vel
1858 2141 2220 2189 transverso
2256 2127 2321 2188 in
2360 2127 2473 2189 tri-

353 2247 600 2313 gonum
626 2228 850 2292 abiret.
885 2227 969 2292 Et
997 2243 1349 2314 utrumque
1377 2249 1583 2316 genus
1593 2222 1737 2314 pila
1764 2227 2103 2315 appellari,
2142 2229 2279 2291 sine
2304 2231 2478 2292 vocis

354 2327 608 2392 alterius
643 2328 1040 2410 adjectione,
1069 2331 1252 2392 solet.
1291 2331 1515 2394 Horat.
1550 2329 1679 2392 Sat.
1713 2329 1812 2409 11,
1850 2351 1918 2409 2,
1968 2353 1990 2392 1
2012 2351 2035 2393 1
2076 2354 2089 2392 ε

645 2514 1328 2530 ....................
1367 2495 1460 2528 seu
1495 2477 1601 2548 pila
1628 2475 1777 2526 velox

631 2560 862 2612 Molliter
888 2573 1156 2612 austerum
1182 2559 1358 2612 studio
1388 2553 1601 2612 fallent'e
1621 2558 1857 2611 laborem
1879 2597 1895 2622 ‚

629 2645 734 2697 Seu
761 2653 813 2696 te
839 2643 1020 2698 discus
1046 2645 1186 2715 agit,
1712 2647 1721 2657 '

356 2809 420 2854 et
457 2793 862 2882 Propertius,
891 2794 1031 2874 111,
1078 2796 1154 2872 14
1176 2841 1194 2875 ,
1231 2793 1266 2858 5
1293 2843 1310 2875 ‚
1343 2792 1555 2878 Quum
1574 2793 1723 2882 pila
1752 2792 1961 2856 veloci
1970 2791 2173 2877 fallit
2192 2817 2313 2880 per
2332 2745 2483 2858 bra-

355 2894 702 2990 chiajactu.
723 2895 1136 2985 Trigonalem
1157 2907 1325 2996 ᾁπλῶς
1340 2895 1536 2984 pilam
1554 2893 1851 2962 nominat
1863 2864 2343 2975 MartialileI,
2366 2895 2443 2960 32
2468 2945 2485 2975 ‚

637 3051 757 3102 Non
775 3049 885 3120 pila
899 3089 916 3115 ,
938 3067 1048 3101 non
1067 3049 1208 3101 sonis
1226 3085 1242 3112 ,
1263 3065 1372 3099 non
1391 3057 1446 3100 te
1463 3049 1715 3120 paganica
1734 3047 1955 3100 thermis

639 3131 904 3203 Pup-rat
913 3153 928 3192 ς

361 3307 506 3346 nam
536 3300 819 3370 quatuor
843 3305 1077 3373 genera
1105 3282 1381 3370 pilarum
1416 3303 1803 3344 enumerans
1821 3330 1838 3362 ,
1870 3281 1983 3343 ubi
2018 3285 2323 3367 trigonem
2342 3307 2483 3354 ,non

362 3383 696 3470 exprimit,
729 3383 898 3446 hanc
947 3382 1282 3446 communi
1321 3385 1587 3444 nomine
1615 3382 1777 3468 piloe
1818 3379 2132 3471 designat.
2165 3385 2490 3474 Trigonali

358 3483 488 3570 pila
506 3484 1056 3548 Trimalchionem
1085 3481 1261 3572 apud
1292 3481 1673 3547 Petronium
1701 3532 1718 3562 ‚
1744 3506 1881 3570 cap.
1922 3507 2027 3571 27,
2075 3485 2299 3549 ludere
2334 3511 2491 3551 con-

365 3585 575 3650 tendit
627 3585 993 3652 Gonsalius.
1027 3587 1167 3676 Ego
1195 3608 1350 3650 vero
1392 3584 1458 3648 in
1498 3584 1739 3648 circulo
1772 3585 2000 3650 lusisse
2026 3634 2045 3667 ,
2084 3588 2297 3652 verius
2334 3589 2493 3653 mihi

363 3687 741 3775 persuadeo,
772 3689 1006 3754 Narrat
1033 3689 1206 3752 enim
1240 3710 1458 3752 senem
1503 3687 1672 3752 inter
1716 3703 1955 3775 pueros
1990 3691 2315 3776 capillatos
2370 3693 2495 3778 pila

365 3790 646 3876 sparsiva
703 3813 771 3853 se
809 3791 1198 3868 exercuisse,
1224 3788 1420 3874 jbllcls
1466 3788 1656 3851 etiam
1701 3803 1769 3852 et
1814 3788 2045 3850 circuli
2096 3792 2494 3855 mentionem

365 3890 591 3970 injicit.
633 3893 716 3955 At
749 3915 904 3955 vero
939 3891 1106 3953 follis
1140 3892 1354 3976 pueris
1388 3905 1454 3952 et
1486 3889 1750 3953 senibus
1779 3904 1967 3976 aptus
2004 3889 2181 3953 lusus
2220 3891 2500 3958 habeba-

369 4007 512 4072 tur,
563 4005 720 4055 teste
750 3991 1068 4070 Martiale,
1105 3988 1282 4071 XIV,
1315 3993 1396 4076 47
1425 4013 1440 4053 τ

653 4140 798 4195 Folle
827 4141 976 4195 decet
1003 4159 1198 4212 pueros
1219 4139 1404 4196 ludere
1423 4177 1442 4205 ,
1465 4141 1589 4193 folle
1618 4157 1783 4194 senes.
