2975 4684
1327 379 1635 447 AETNA.

2410 381 2543 471 ¹49

510 496 906 570 scintillant.
955 496 1196 566 Procul
1229 521 1380 568 ecce
1417 501 1601 584 vide,
1641 498 1874 593 procul
1916 525 2069 569 ecce
2108 515 2373 572 ruentes
2404 527 2423 572 2
2468 522 2545 561 ⁵⁰0

507 604 836 677 Incolumi
881 605 1138 676 fervore
1176 608 1461 698 cadunt3
1496 635 1730 680 verum
1776 611 2065 703 impetus
2108 613 2294 706 ignes

511 721 621 787 Sic
655 715 995 803 cumulat,
1033 717 1372 812 quondam
1410 734 1488 788 ut
1530 721 1709 814 ripas
1751 721 2081 813 trajecerit
2117 723 2349 790 amnis.

511 830 646 897 Vix
688 829 920 898 cuneis
954 829 1308 922 quisquam
1349 831 1497 900 fixis
1538 830 1890 900 dimoverit
1938 830 2105 900 illas.

509 940 802 1009 Vicenos
838 963 1128 1033 persaepe
1173 941 1372 1034 pedes
1403 942 1582 1035 jacet
1618 943 1859 1012 obruta
1903 940 2133 1010 moles,

605 1049 734 1119 Sed
776 1051 1020 1120 frustra
1055 1053 1253 1120 certis
1289 1051 1641 1148 disponere
1677 1050 1937 1146 singula
1975 1053 2223 1120 caussis
2471 1077 2544 1114 ⁵0⁵

509 1165 912 1247 TentamUS,
949 1162 1003 1230 si
1037 1161 1234 1232 firma
1270 1179 1497 1232 manet
1529 1163 1651 1232 tibi
1692 1161 1913 1232 sabula
1956 1162 2279 1246 mendax,

511 1272 864 1340 Materiam
897 1286 976 1340 ut
1005 1271 1238 1340 credas
1272 1271 1474 1342 aliam
1509 1272 1747 1342 furere·
1770 1275 1923 1368 igne
1954 1272 2189 1342 favillae
2210 1327 2228 1358 ‚

511 1379 810 1448 Plurima
845 1382 1252 1475 proprietate
1286 1382 1480 1453 simul
1520 1408 1975 1469 concrescere,
2008 1385 2231 1478 sicque

511 1491 967 1560 Commixtum
1015 1489 1517 1590 lentossagrare
1552 1493 1883 1566 bitumine
1919 1492 2133 1564 sulfur
2164 1521 2179 1566 ε

411 1762 547 1795 men.
575 1741 679 1794 Sed
705 1743 815 1796 fere
840 1745 1024 1798 melior
1049 1747 1256 1816 vulgata
1286 1747 1441 1800 lectio

411 1833 468 1874 et
489 1819 778 1876 distinctio.
797 1854 868 1862 —-
892 1830 1124 1877 Examen
1150 1825 1346 1879 dicitur
1374 1825 1442 1878 de

412 1919 664 1954 saxorum
695 1903 1064 1957 dissilientinm
1094 1906 1443 1976 fragminibus

409 1979 496 2034 vel
537 1982 806 2051 particulis
848 1985 1045 2038 crebris
1065 2023 1082 2048 ‚
1109 2004 1228 2056 qnae
1268 1986 1444 2058 plagis

413 2060 502 2111 vel
528 2060 718 2114 ictibus
746 2063 946 2115 micant
963 2101 978 2126 ,
1003 2067 1126 2136 quia
1154 2065 1442 2120 candentes

409 2151 558 2192 sunt.
599 2140 686 2194 sic
727 2147 968 2194 examina
1008 2164 1175 2196 arena.-
1218 2145 1353 2198 dixit
1383 2167 1438 2200 v.

414 2217 520 2282 465
539 2257 556 2284 ,
581 2232 640 2272 ut
667 2241 719 2273 v.
755 2225 852 2290 196
875 2227 1200 2293 glomeratum
1227 2228 1438 2278 ne'mbum

413 2318 602 2355 arente.

491 2377 787 2444 500—504.
830 2381 906 2435 De
947 2383 1032 2435 his
1071 2383 1194 2436 vide
1237 2383 1438 2435 Excur-

413 2475 536 2510 sum
559 2459 660 2510 IV.
686 2461 834 2514 Libri
855 2464 1058 2535 antiqui
1079 2463 1307 2520 habent:
1327 2472 1440 2516 Pro·

414 2541 502 2588 cal
527 2557 636 2589 esse
645 2542 783 2608 fide,
809 2549 984 2609 procul
1006 2564 1112 2596 esse
1141 2558 1334 2595 ruentes
1359 2543 1442 2594 vel

412 2630 653 2669 mres.
681 2619 925 2676 Gorallus
961 2624 1291 2676 emendavit:
1324 2629 1440 2673 Pm-

413 2700 502 2748 eul
538 2718 654 2752 ecce
691 2701 839 2761 vide,
871 2707 1049 2770 procul
1081 2724 1194 2754 ecce
1231 2716 1438 2754 ruentes.

415 2777 704 2830 Dei-villius
721 2794 736 2830 τ
752 2785 931 2846 procul
948 2796 1050 2833 estc
1069 2787 1214 2834 sudes
1230 2820 1244 2841 ,
1271 2786 1445 2848 procul

415 2871 516 2908 esee
535 2861 786 2910 videntes.

491 2936 613 2988 501.
650 2937 884 3008 Scaliger
909 2951 958 2991 et
986 2940 1231 2994 Gorallus
1257 2939 1438 2992 volue—

414 3027 576 3070 runt:
638 3041 660 3062 «ι
679 3017 941 3070 Incolumi
988 3019 1194 3073 fervore
1246 3017 1444 3071 cadunt

415 3094 714 3149 uti-insecus
735 3096 884 3166 ignes
907 3123 950 3149 ιο.
975 3097 1286 3150 Dor-villius:
1315 3125 1338 3142 ‹-
1355 3099 1443 3150 In-

416 3174 617 3228 columi
640 3175 850 3232 fervorc
873 3177 1028 3230 cadet
1049 3178 1191 3228 ferus
1217 3177 1442 3248 impetus

416 3255 553 3326 ignis
577 3281 622 3306 ι.

493 3337 618 3387 502.
643 3334 882 3405 Antiquae
915 3334 1135 3408 legunt:
1175 3338 1443 3403 Sifumant

419 3419 676 3482 quondam
705 3431 760 3465 uc
793 3419 942 3484 ripas.
966 3417 1237 3468 Gor-allus:
1260 3418 1439 3484 Sifiee-

419 3497 484 3546 rit
499 3497 774 3562 qnondam.
813 3495 1124 3548 Dorvillius:
1146 3497 1440 3564 Sicficmans

420 3579 674 3641 quemdam
692 3589 758 3626 ut.

492 3653 615 3706 503.
641 3653 826 3706 Plures
851 3653 1106 3725 antiquae:
1147 3659 1245 3706 Ve'oe
1254 3659 1442 3724 junctis

421 3735 702 3800 quisquam.
730 3732 922 3786 Aldina
939 3775 954 3798 ,
979 3736 1185 3786 cemceis.
1203 3735 1404 3788 Veneta
1421 3773 1436 3796 ‚

429 3818 514 3864 Vis
538 3815 746 3879 junceis.
793 3813 894 3865 Pro
916 3817 1050 3885 fixis
1094 3832 1278 3868 omnes
1297 3818 1440 3885 fixo.

420 3890 580 3945 Unde
602 3904 652 3944 et
669 3913 824 3945 cuneo
843 3895 996 3946 scribi
1021 3895 1194 3964 possit.
1247 3931 1254 3942 .

495 3975 616 4035 504.
639 3972 884 4043 Vulgata
903 3993 1086 4028 omnes
1117 3977 1323 4026 Via-enos
1333 3993 1444 4041 per-

421 4071 554 4126 ,ηερε
583 4055 704 4104 dies.
731 4050 854 4102 vid.
879 4053 1096 4105 Excurs.
1129 4053 1292 4105 modo
1320 4053 1410 4106 cit.

496 4129 620 4184 505.
659 4133 930 4200 Disponere
974 4135 1175 4202 singula
1227 4136 1434 4184 caussis.

1528 1741 1777 1795 Gorauus
1814 1742 2063 1813 explicat,
2102 1744 2301 1814 singula
2352 1745 2551 1796 referre

1529 1819 1597 1872 sd
1620 1840 1742 1875 suas
1766 1840 1977 1876 caussas
1992 1863 2006 1888 ,
2036 1841 2229 1893 easque
2254 1821 2441 1875 ordine
2464 1843 2551 1878 ex-

1528 1899 1739 1972 plicare.
1782 1902 2084 1968 Lucretius,
2114 1904 2189 1963 V,
2222 1906 2352 1957 530:
2394 1931 2417 1948 οι
2444 1905 2553 1975 plu-

1528 1999 1718 2052 resque
1773 2001 1963 2053 sequor
2012 1981 2291 2052 disponere
2344 2001 2552 2038 caussas

1529 2059 1761 2113 Motibus
1778 2075 2039 2114 astmrum
2051 2087 2091 2113 ν.
2228 2069 2231 2074 ’

1602 2143 1724 2198 506.
1742 2145 1927 2192 Fabula
1949 2145 2188 2192 mendax.
2208 2141 2455 2194 Gorallus
2472 2145 2553 2195 in-

1529 2232 1845 2292 terpretatur
1888 2220 1956 2272 de
2006 2221 2198 2274 fabulis
2240 2234 2515 2292 poetarum
2536 2241 2551 2284 ;

1529 2319 1628 2370 ego
1671 2300 1812 2354 malo
1842 2300 1910 2354 de
1952 2301 2081 2352 falso
2117 2319 2359 2354 sermone
2385 2302 2551 2373 vulgi.

1526 2379 1617 2433 Sic
1654 2385 1941 2432 mendacem
1955 2383 2157 2449 famam
2185 2378 2314 2436 dixit
2350 2399 2397 2434 ν.
2432 2383 2552 2435 366.

1604 2461 1722 2528 507.
1754 2459 2008 2525 Quaedam
2062 2461 2295 2531 antiquie
2348 2473 2557 2533 ponunt

1529 2541 1847 2592 Materiamve
1860 2542 2011 2591 aliam
2032 2559 2100 2591 cr.
2105 2541 2159 2606 f
2176 2542 2296 2607 Igne
2296 2543 2547 2609 favillam,

1530 2639 1691 2690 quam
1720 2619 1999 2674 lectionem
2023 2619 2210 2690 recipit
2247 2632 2295 2673 et
2343 2631 2561 2691 torquet

1530 2700 1789 2770 Scaliger:
1812 2696 2181 2752 tantummodo
2202 2705 2361 2751 credis
2387 2702 2553 2754 corri-

1530 2781 1607 2850 git
1628 2791 1677 2832 et
1684 2786 1835 2848 furvo
1854 2784 1969 2848 igne
1980 2819 1996 2840 ,
2020 2777 2169 2849 quod
2188 2779 2424 2850 sequitur
2440 2781 2549 2833 Go-

1528 2860 1707 2912 rallus.
1724 2859 1969 2914 Plurimae
1986 2876 2107 2910 cum
2123 2859 2315 2929 scripto
2334 2859 2553 2914 Helmst.

1530 2965 1555 2984 ι
1584 2939 1856 2992 Materiam
1890 2949 1949 2989 ut
1974 2937 2159 2988 credas
2196 2937 2351 2990 aliam
2381 2943 2555 2992 furere

1530 3017 1652 3088 igne
1676 3017 1907 3070 favillam
1926 3041 1949 3060 ν»
1964 3055 1979 3080 ,
2000 3035 2159 3086 quam
2178 3017 2455 3070 lectionem
2476 3039 2553 3072 sa-

1530 3099 1598 3150 tis
1622 3095 1835 3168 planam
1866 3095 2063 3148 retineo
2086 3133 2101 3156 ‚
2130 3108 2335 3148 tantum
2353 3099 2555 3164 favilla.-

1530 3197 1747 3248 repono.
1767 3181 2025 3227 -Furere
2054 3177 2197 3244 igne,
2230 3176 2263 3228 i.
2294 3197 2339 3228 e.
2365 3175 2563 3231 ardere·

1532 3271 1585 3312 et
1610 3257 1745 3328 ejici.
1786 3257 1875 3309 Sic
1896 3257 2029 3308 infra
2054 3277 2101 3309 v.
2124 3258 2223 3309 525
2243 3274 2255 3307 :
2279 3284 2302 3302 «-
2326 3257 2566 3313 Interius

1528 3339 1705 3391 furere
1732 3355 1983 3390 accensos
2004 3363 2047 3388 n.

1601 3417 1722 3470 508.
1752 3420 1965 3474 Plurima
1996 3420 2312 3486 proprietate.
2358 3418 2555 3470 tutelli-

1531 3516 1623 3571 ge,
1666 3510 1728 3550 ut
1770 3497 2020 3550 Gor-allus
2058 3497 2265 3567 exponit
2289 3514 2302 3550 :
2354 3499 2565 3569 Nempe·

1441 3615 1446 3623 .
1532 3576 1752 3647 plurime
1783 3579 2047 3630 variarum
2080 3578 2469 3648 proprietatum
2488 3579 2556 3629 si-

1536 3656 1643 3710 mul
1672 3657 1929 3727 liquefieri
1958 3669 2007 3708 et
2042 3675 2379 3708 concrescere
2398 3693 2413 3718 ,
2444 3675 2559 3708 non.

1532 3755 1595 3788 ex
1610 3754 1717 3788 uno
1735 3735 1909 3803 lapide
1926 3735 2117 3788 molari
2130 3735 2325 3788 flumen
2340 3734 2551 3805 igneum

1536 3827 1794 3870 constare.
1814 3817 2033 3868 Veteres
2054 3813 2181 3869 edd.
2222 3815 2449 3866 absurde
2485 3816 2558 3866 le-

1534 3907 1663 3966 gunt
1697 3915 1787 3962 pro
1820 3900 2013 3962 pietate.
2058 3895 2121 3946 In
2166 3893 2271 3944 fine
2309 3893 2555 3946 Gorallus

1534 3973 1703 4043 edidit
1732 3978 1893 4041 sique,
1937 3972 2029 4025 sed
2067 3986 2277 4025 veteres
2296 3985 2437 4026 rectc
2466 3973 2564 4026 ha-

1534 4053 1665 4106 bent
1680 4056 1862 4120 sicque.

1603 4135 1722 4202 509.
1764 4135 2085 4186 commistum
2120 4149 2269 4184 vento
2309 4133 2564 4188 exhibent
