2975 4684
489 366 586 438 90

1093 350 1494 422 LUCILII
1550 353 2030 424 JUNIORIS

587 465 944 562 Impellens
983 469 1196 542 victos
1225 498 1242 541 :
1289 488 1436 544 tum
1476 498 1609 569 pax
1640 491 1743 546 est
1782 476 2045 550 reddita
2080 479 2369 569 mundo,

586 579 762 646 Tum
787 579 996 650 Liber
1027 580 1246 652 celsus
1279 585 1462 656 venit
1496 609 1619 680 per
1652 586 1867 656 sidera
1907 585 2047 658 caeli
2069 639 2089 675 ‚

586 688 992 784 Defensique
1024 691 1228 762 decus
1258 695 1494 767 mundi
1526 721 1711 766 nunc
1744 696 2046 768 redditur
2080 700 2295 769 astris,

587 801 874 895 Gurgite
899 801 1248 872 Trinacrio
1282 805 1677 876 morientem
1704 808 1969 902 Jupiter
1994 810 2195 878 AEtna

589 908 842 980 Obruit
879 910 1326 1004 Enceladum,
1357 916 1525 986 vasti
1562 917 1681 1011 qui
1717 917 2017 1012 pondere
2054 919 2307 988 montis

586 1023 853 1092 AEstuat
873 1073 893 1108 ,
929 1036 998 1091 et
1021 1023 1268 1117 patulis
1295 1027 1591 1121 exspirat
1620 1025 1924 1096 faucibus
1955 1027 2164 1122 ignes.

490 1255 602 1298 tota
633 1245 886 1319 prolapsa
919 1245 1058 1302 acie·
1084 1249 1141 1303 in
1170 1266 1400 1323 preceps
1430 1248 1521 1304 de·

490 1323 621 1378 ferri
639 1349 685 1377 a.

562 1405 650 1457 66.
687 1407 947 1474 Impellem,
983 1408 1157 1459 victos.
1190 1407 1277 1464 sic
1302 1406 1521 1482 quidem

491 1501 675 1537 omnes
701 1483 856 1548 libri,
884 1503 1018 1558 quoa
1044 1484 1234 1542 haheo.
1263 1489 1332 1548 At
1358 1491 1520 1544 verba

491 1580 550 1614 ea
596 1581 704 1616 non
742 1563 880 1618 bene
929 1577 1070 1637 apta.
1119 1567 1258 1621 Nam
1293 1572 1521 1638 jacentes

485 1647 594 1717 jam
623 1641 752 1712 quid
775 1643 1032 1698 attinebat
1059 1659 1113 1700 et
1130 1650 1290 1700 victos
1307 1646 1488 1702 dicere
1502 1687 1519 1714 ,

488 1740 588 1775 nee
607 1721 776 1776 Terra
792 1735 962 1778 mater
981 1727 1228 1794 impellens
1249 1730 1412 1780 victos
1431 1727 1518 1782 di-

489 1801 540 1853 ci
560 1813 730 1873 potest
747 1823 968 1874 praeeeps
993 1821 1114 1858 acta
1139 1824 1262 1860 cum
1295 1807 1519 1879 giganti-

489 1881 590 1935 bus
603 1919 620 1946 ,
657 1893 709 1936 et
749 1901 868 1955 qma
907 1883 1296 1958 interpretandi
1333 1905 1521 1942 caussa

490 1961 640 2015 addit
663 1960 914 2017 Gorallua
927 2001 945 2030 ,
963 1967 1104 2017 victa
1120 1968 1230 2034 ipsa
1253 1971 1411 2019 Tellus
1431 1987 1517 2019 eo·

490 2060 600 2092 rum
627 2057 808 2104 mater,
833 2061 943 2096 non
971 2043 1241 2098 habentur
1261 2045 1322 2099 in
1349 2057 1516 2100 textu.

487 2119 820 2176 Narrationis
877 2125 1257 2194 consequentia
1299 2124 1519 2190 suadet,

487 2211 552 2252 ut
581 2212 792 2272 poetam
829 2199 934 2254 hoc
965 2200 1196 2256 voluisse
1236 2215 1482 2274 putemus
1502 2243 1518 2272 ,

487 2277 759 2332 Tellurem
782 2291 1006 2332 matrem
1033 2279 1171 2334 filios
1194 2286 1307 2347 iam
1333 2281 1522 2353 depul-

490 2375 577 2411 sos
605 2369 658 2410 et
695 2360 932 2431 jacentes
962 2361 1227 2432 accepisse
1241 2398 1258 2426 ,
1290 2359 1485 2415 vidisse
1502 2399 1519 2427 ,

490 2434 733 2490 doluisse.
753 2437 946 2510 Itaque
966 2439 1386 2511 amplectendam
1409 2458 1523 2494 esse

487 2515 770 2570 lectionem
805 2516 1064 2582 arbitror,
1093 2537 1254 2590 quam
1288 2519 1521 2574 Pithoeus

489 2595 547 2649 in
569 2596 808 2669 margine
825 2637 842 2663 ,
881 2598 1062 2650 nescio
1089 2617 1154 2652 ex
1175 2598 1389 2670 ingenio
1408 2637 1424 2663 ,
1451 2619 1520 2652 an

489 2694 552 2730 ex
593 2676 908 2730 auctoritate
952 2676 1152 2732 codicia
1171 2717 1187 2744 ,
1234 2679 1517 2750 apposuit:

489 2780 516 2800 α
540 2766 816 2829 materque
851 2761 1086 2831 jacentes
1129 2759 1381 2830 Amplexa
1443 2770 1523 2812 eet

489 2847 677 2908 gnatos
690 2863 732 2888 a.
773 2837 960 2890 Horat.
1006 2836 1088 2890 111
1104 2878 1120 2904 ,
1163 2837 1267 2890 Od.
1307 2845 1339 2902 4
1355 2879 1372 2906 ,
1416 2839 1482 2909 73
1504 2857 1520 2892 ε

489 2943 514 2961 κ
525 2915 728 2988 Iniecta
747 2917 1000 2972 monstris
1013 2919 1180 2971 Terra
1193 2917 1338 2971 dolet
1355 2917 1465 2972 auis
1477 2944 1521 2970 n.

561 2999 650 3066 67.
668 3002 789 3049 Tum
809 2999 949 3048 Liber·
959 2997 1368 3052 celsa.Vitioeam
1379 2996 1522 3052 hanc

487 3073 768 3130 lectionem
803 3095 917 3130 esee
946 3077 1176 3131 brevitas
1209 3076 1423 3150 ayllaboe
1463 3076 1521 3130 in

490 3159 622 3206 ωιτη
656 3155 1036 3210 inconveniens
1081 3167 1254 3210 metro
1267 3193 1283 3218 ‚
1308 3174 1524 3229 persua·

489 3233 618 3287 dere
656 3245 828 3307 potest
841 3274 857 3301 ,
912 3247 1028 3288 tum
1065 3233 1212 3308 quod
1249 3234 1523 3309 epitheton

490 3312 667 3384 ipsum
711 3312 822 3366 fere
872 3313 1070 3368 nullius
1113 3314 1369 3368 momenti
1424 3325 1521 3367 est.

488 3391 636 3446 Edit.
675 3392 849 3466 Lugd.
895 3407 948 3447 et
980 3396 1116 3448 Luc.
1150 3392 1371 3466 quide
1407 3396 1526 3446 edri

427 3469 439 3481 ⁵
487 3471 778 3543 preferant
790 3510 807 3538 ,
824 3472 917 3527 sed
928 3473 1032 3528 hoc
1049 3472 1121 3527 ad
1135 3477 1248 3526 eoeli
1261 3471 1486 3526 relatum
1502 3510 1519 3536 ,

489 3549 660 3604 nihilo
701 3552 904 3606 melius.
939 3553 1052 3626 Ego
1085 3551 1366 3626 legendnm
1389 3562 1521 3623 puto

495 3635 618 3682 Tum
633 3635 780 3683 Liber·
795 3637 948 3684 celsus
973 3636 1136 3694 venit,
1170 3633 1207 3685 i.
1237 3650 1286 3685 e.
1312 3631 1482 3684 elatus
1501 3669 1517 3696 ,

489 3711 802 3784 superbiens
825 3749 841 3776 ,
893 3711 1134 3764 sublimia
1191 3708 1487 3782 ingreditur
1501 3749 1517 3775 ,

487 3801 760 3861 tamquam
776 3792 945 3845 victor
957 3804 1012 3845 et
1025 3789 1379 3863 triumphans.
1396 3791 1519 3856 Quo

493 3887 656 3923 sensu
671 3870 858 3924 Horat.
880 3872 998 3923 Art.
1019 3869 1170 3922 Poet.
1195 3871 1294 3934 342
1313 3889 1327 3922 ε
1347 3868 1521 3922 «Celei

491 3961 808 4020 praetereunt
829 3961 1038 4003 austera
1051 3961 1296 4020 poemata
1321 3947 1519 4002 Rham·

494 4047 588 4080 nes
607 4045 664 4092 »3
689 4041 738 4082 et
759 4028 1124 4093 Livius,vn‚
1151 4029 1248 4080 16:
1273 4027 1449 4080 «Celsi
1466 4041 1521 4081 et

493 4125 587 4180 spe
614 4107 760 4161 haud
785 4107 949 4161 dubia
973 4107 1173 4162 feroces
1203 4107 1258 4160 in
1279 4105 1520 4180 pralium

1607 1250 1812 1306 vadunt
1831 1277 1878 1306 ι.
1905 1251 2083 1306 Liberi
2114 1271 2227 1306 non
2251 1251 2471 1306 minima
2506 1269 2631 1324 para

1605 1329 1663 1384 in
1683 1331 1899 1385 victoria
1914 1331 2185 1403 gigantum
2206 1331 2307 1384 fuit
2322 1371 2340 1399 ‚
2363 1331 2459 1404 qui
2473 1330 2632 1386 Rhoe·

1606 1419 1723 1464 tum
1760 1411 1815 1464 in
1846 1411 2029 1482 primia
2058 1411 2302 1466 stravisse
2332 1409 2549 1475 dicitur,
2576 1424 2633 1465 et

1607 1487 1697 1542 ille
1729 1488 1943 1544 rediens
1980 1489 2035 1544 in
2080 1492 2267 1543 celum
2311 1489 2633 1544 hilaritatem

1605 1566 1835 1622 reddidit
1846 1567 2239 1624 caelicoliaNid.
2252 1569 2437 1623 Horat.
2452 1570 2611 1623 Carm
2620 1607 2631 1619 .

1606 1647 1693 1712 11,
1722 1667 1786 1718 19
1806 1689 1823 1716 ,
1851 1667 1912 1702 21
1936 1667 2045 1721 aeq.

1676 1728 1768 1782 68.
1796 1730 2091 1798 Destrui-ique
2124 1731 2271 1780 decus
2295 1729 2483 1780 mundi.
2516 1727 2634 1781 Hoc

1607 1816 1687 1858 eat
1698 1845 1714 1874 ,
1731 1806 1879 1879 qnod
1891 1805 2117 1862 Ovidius
2132 1806 2202 1860 de
2219 1807 2439 1860 victoria
2452 1806 2636 1878 gigan·

1606 1896 1691 1938 tea
1716 1885 1791 1937 ait
1811 1885 1953 1941 Faat:
1976 1887 2052 1952 V,
2075 1884 2141 1952 43
2163 1902 2177 1937 :
2198 1911 2223 1934 e
2238 1885 2334 1938 His
2354 1886 2491 1938 hene
2512 1903 2632 1938 ma-

1601 1965 1764 2036 jestas
1776 1963 1939 2018 armis
1955 1964 2175 2019 defensa
2184 1969 2420 2019 Deorum
2436 1965 2635 2027 Restat,

1607 2054 1659 2096 et
1677 2062 1743 2096 ex
1764 2043 1859 2097 illo
1880 2055 2117 2116 tempore
2142 2044 2297 2098 firma
2316 2055 2497 2098 manet
2513 2068 2561 2096 a.

1677 2124 1767 2192 69.
1790 2126 1997 2192 Gurgite
2022 2126 2275 2174 Trinacrio
2306 2123 2363 2175 in
2398 2123 2533 2175 mari
2556 2121 2635 2175 Si-

1606 2200 1747 2254 culo.
1764 2206 1973 2256 AEtnam
2004 2199 2191 2256 vitiose
2205 2201 2300 2256 Ms
2324 2201 2545 2254 Helmst.
2581 2211 2635 2255 et

1606 2279 1849 2352 quadam
1877 2279 2001 2334 edd.

1679 2378 1763 2431 7⁰·
1774 2358 2075 2412 Enceladum
2089 2361 2259 2414 AEtnae
2269 2358 2505 2413 Lucilius
2516 2359 2643 2414 auh-

1601 2438 1717 2511 Jicit
1744 2457 1865 2492 cum
1898 2439 2161 2500 Pindaro,
2183 2438 2339 2511 Pyth.
2360 2439 2632 2510 1;virgi1.

1606 2519 1725 2570 ΔΕΒ.
1760 2518 1873 2580 111,
1912 2519 2013 2590 578
2033 2539 2049 2586 3
2090 2518 2255 2584 Statio
2270 2557 2286 2584 ,
2320 2516 2491 2570 Theb.
2522 2519 2600 2570 xl
2616 2557 2634 2584 ‚

1610 2601 1639 2648 8
1661 2633 1677 2659 ,
1699 2608 1751 2650 et
1774 2598 1879 2650 XII
1897 2637 1913 2664 ,
1940 2597 2057 2670 ²75·
2084 2597 2189 2649 Alii
2213 2597 2513 2668 Typhoenm
2533 2635 2550 2660 ,
2576 2611 2637 2652 ut

1606 2674 1768 2730 Ovid.
1791 2675 2008 2730 Metam.
2030 2677 2104 2740 V,
2125 2676 2229 2740 346
2248 2695 2396 2748 seqq.
2420 2687 2474 2730 et
2489 2676 2634 2731 Fast.

1607 2755 1710 2819 IV,
1750 2755 1881 2824 691:
1921 2781 1947 2802 α
1965 2755 2081 2807 Alta
2114 2755 2257 2827 jacet
2296 2756 2431 2808 vasti
2474 2774 2637 2828 anper

1606 2851 1703 2887 ora
1722 2833 2007 2907 Typhoeos
2028 2836 2187 2888 AEtna
2204 2860 2229 2880 ι·
2242 2852 2259 2900 ;
2274 2846 2327 2888 et
2341 2835 2465 2888 val.
2486 2835 2637 2889 Flac-

1608 2931 1701 2966 cus
1719 2950 1736 2977 ‚
1755 2914 1848 2967 lib.
1865 2915 1921 2966 11
1938 2954 1955 2982 ,
1974 2933 2038 2968 20
2050 2933 2198 2986 seqq.
2218 2916 2314 2986 qui
2327 2925 2382 2968 et
2396 2933 2635 2969 eausam

1606 2991 1781 3046 reddit
1798 3030 1816 3057 ,
1852 3011 1949 3046 cur
1968 2992 2239 3066 Typhoeus
2264 3011 2375 3048 non
2394 3030 2410 3059 ,
2450 3007 2511 3047 ut
2532 3013 2634 3048 οω-

1608 3073 1707 3126 teri
1722 3109 1738 3136 ,
1768 3071 1824 3123 in
1850 3071 2076 3143 Phlegra
2112 3084 2291 3126 monte
2325 3073 2634 3128 interfectus

1608 3152 1677 3204 sit
1694 3172 1707 3203 z
1738 3169 1930 3222 nempe
1948 3151 2201 3222 effugisse
2218 3169 2341 3204 eum
2356 3188 2372 3215 ,
2402 3164 2455 3205 et
2476 3171 2507 3205 a
2526 3153 2635 3206 Ne-

1608 3243 1776 3304 ptuno
1794 3241 2121 3302 pertractum
2133 3229 2191 3283 in
2208 3249 2355 3284 mare
2367 3231 2599 3286 Siculum
2616 3273 2634 3300 ‚

1608 3321 1663 3363 et
1688 3323 1867 3364 monte
1886 3313 2048 3362 AEtna
2076 3328 2389 3382 oppressum
2416 3329 2547 3364 ease.
2564 3343 2636 3355 --

1617 3393 1762 3442 Vasti
1780 3409 1977 3459 quoque
1990 3392 2227 3458 ponderis
2252 3389 2435 3462 legunt
2456 3390 2631 3459 Lugd.

1608 3479 1662 3523 et
1681 3469 1821 3540 Hag.

1679 3566 1769 3619 71.
1810 3553 1877 3600 Et
1899 3551 2105 3616 patulis.
2148 3547 2253 3600 Pro
2299 3567 2364 3602 eo
2403 3551 2635 3616 petulans

1604 3627 1766 3682 habet
1784 3627 2007 3681 Helmat.
2026 3641 2079 3680 et
2094 3625 2273 3698 Lugd.
2296 3628 2485 3698 virgil.
2508 3629 2633 3682 AEn.

1605 3707 1721 3776 111,
1748 3708 1883 3763 580:
1921 3733 1948 3753 κ
1970 3707 2140 3778 ruptis
2166 3707 2437 3761 flammam
2465 3709 2637 3781 exspi-

1606 3805 1727 3840 rare
1777 3785 1999 3839 caminia
2018 3811 2069 3838 ι.
2102 3785 2259 3840 Ovid.
2304 3787 2519 3840 Metam.
2562 3789 2633 3852 V,

1609 3865 1737 3919 353:
1763 3890 1785 3911 ι
1812 3865 2191 3937 flammamque
2215 3865 2329 3918 fero
2356 3866 2519 3918 vomit
2539 3886 2636 3920 ore

1609 3944 1877 4018 Typhoeus
1900 3969 1942 3997 ιι.
1972 3945 2153 3998 Valer.
2196 3944 2374 3999 Flacc.
2407 3947 2463 3997 11
2482 3987 2497 4012 ,
2532 3949 2629 4000 30:

1621 4050 1642 4071 ι
1662 4035 1782 4078 trux
1800 4025 1889 4080 ille
1904 4025 2088 4096 ejectat
2106 4023 2253 4078 adesi
2268 4024 2639 4082 Fundamenta

1605 4105 1719 4177 jugi
1738 4131 1781 4157 ιο.
