2975 4684
490 364 628 459 274
1222 350 1755 423 EXCURSUS
1802 350 1877 417 ΙΙ

485 485 570 547 Et
639 479 856 545 adhuc
931 476 1184 565 gravius
1240 473 1767 558 luculentiusque
1824 468 2147 533 Juvenalis
2172 517 2189 549 ‚
2240 468 2366 532 Sat.
2394 466 2555 531 vm
2586 514 2605 548 ,

493 584 616 671 237
654 603 835 668 seqq.

766 714 865 765 Hic
887 727 1056 764 novus
1075 710 1297 781 Arpinas
1321 706 1597 779 ignobilis,
1623 716 1676 756 et
1700 704 1863 757 modo
1884 704 2061 756 Romo

765 794 1104 867 municipalis
1121 810 1285 865 eques
1305 828 1322 855 ,
1341 791 1615 863 galeatum
1630 788 1783 859 ponit
1800 788 1999 860 ubique

765 878 1075 933 Presidium
1097 874 1330 929 attonitis
1344 912 1362 939 ,
1381 887 1434 929 et
1458 875 1515 926 in
1536 873 1683 927 omni
1704 883 1859 944 gente
1880 872 2100 925 laborat.

763 964 995 1015 Tantum
1023 961 1184 1033 igitur
1211 978 1396 1012 muros
1422 958 1561 1011 intra
1592 970 1715 1027 toga
1747 955 1969 1009 eontulit
1994 952 2071 1007 illi

767 1044 1006 1098 Nominis
1025 1055 1078 1097 et
1097 1043 1270 1109 tituli,
1295 1053 1555 1113 quantum
1580 1058 1686 1092 non
1710 1038 1984 1106 Leucade,
2013 1049 2270 1111 quantum

764 1127 1045 1181 Thessalia
1065 1126 1264 1198 eampis
1281 1124 1533 1178 Octavius
1558 1120 1770 1176 abstulit
1789 1120 1897 1175 udo

767 1210 1012 1267 Gadibus
1039 1207 1265 1263 assiduis
1290 1208 1488 1281 gladio.

487 1344 785 1411 Conferri
819 1342 920 1406 his
963 1342 1152 1406 etiam
1199 1355 1508 1429 possunt,
1546 1361 1690 1427 quae
1725 1360 1917 1426 supra
1953 1337 2018 1399 in
2066 1334 2348 1399 Cornelii
2393 1334 2609 1398 Severi

491 1448 885 1535 fragmento,
920 1466 978 1505 v.
1015 1444 1056 1517 4
1088 1434 1266 1528 seilq.
1292 1438 1373 1503 de
1409 1440 1751 1509 consulatu
1787 1436 2111 1502 Ciceronis
2143 1434 2315 1501 dicta
2344 1452 2517 1499 sunt.

485 1704 2023 1729 §mmmmmmmmmmm
2029 1703 2106 1721 m
2114 1702 2448 1723 mmm„
2456 1703 2519 1720 Ἃ
2530 1702 2616 1721 Μ

924 1914 1914 2038 EXCURSUS
2018 1912 2164 2031 II

683 2166 808 2231 AD
860 2160 1158 2229 sALEn
1209 2158 1455 2229 BASSI
1510 2157 1932 2237 CARMEN,
1977 2182 2070 2225 vs.
2129 2180 2265 2251 79,
2302 2158 2413 2227 80.

761 2532 933 2586 Testis
959 2530 1190 2586 Acidalia
1215 2548 1332 2604 qua
1357 2530 1597 2585 condidit
1624 2532 1751 2585 alite
1776 2550 1957 2585 muros
1973 2573 1988 2599 ,

768 2616 1057 2669 Euboicam
1083 2616 1315 2669 referens
1349 2613 1573 2667 fecunde
1598 2614 1844 2687 Neapolis
1866 2632 2059 2669 amem.

575 2753 1010 2818 Pannnnors
1026 2799 1043 2833 ,
1069 2774 1106 2815 a
1131 2774 1258 2839 qua
1275 2750 1579 2838 Neapolis
1596 2749 1764 2815 dicta
1788 2767 1885 2816 est
1901 2800 1920 2829 ‚
1946 2773 2097 2815 cum
2130 2753 2324 2816 classe
2348 2767 2414 2815 et
2436 2754 2616 2817 colo·

485 2860 586 2922 nis
621 2880 700 2921 ex
731 2855 973 2921 Euboea
991 2854 1255 2918 veniens
1273 2900 1292 2934 ,
1327 2852 1575 2916 Phoebo
1615 2854 1875 2941 auspice
1905 2869 1970 2918 et
1994 2854 2269 2942 augurio
2298 2855 2617 2921 columbae

487 2956 907 3023 antevolantis
937 2954 1165 3036 ducta,
1199 2954 1266 3017 in
1301 2954 1442 3017 solo
1471 2953 1554 3018 ad
1576 2955 1792 3018 sinum
1817 2954 2183 3020 Cumanum
2210 2954 2526 3039 substitit,
2551 2939 2619 3022 et

488 3058 720 3123 urbem
758 3054 1090 3122 condidit:
1121 3077 1514 3143 quamquam
1555 3056 1660 3119 alii
1704 3079 1741 3120 a
1784 3055 2193 3145 Parthenope
2232 3058 2492 3141 Sirene,
2521 3060 2614 3125 ibi

491 3158 839 3238 tumulata,
867 3156 1247 3246 appellatam
1279 3154 1513 3221 volunt
1533 3205 1552 3239 ,
1588 3173 1854 3222 auctore
1879 3158 2221 3224 Eustathio
2254 3161 2335 3225 ad
2364 3163 2616 3251 Diony-

494 3259 696 3341 sium,
734 3280 794 3323 v.
824 3256 971 3323 358.
1004 3257 1243 3322 Statius
1275 3258 1522 3323 Nostro
1548 3281 1945 3349 congruens,
1978 3260 2127 3327 Silv.
2152 3264 2291 3346 111,
2317 3264 2353 3331 5
2374 3312 2393 3347 ,
2412 3286 2537 3351 79:

771 3392 1134 3465 Parthenope,
1161 3393 1250 3466 cui
1272 3393 1400 3447 mite
1425 3394 1600 3446 solum
1628 3406 1773 3447 trans
1799 3412 2007 3467 aquom
2030 3411 2195 3452 vecta

775 3476 898 3548 Ipse
925 3475 1122 3527 Dionea
1151 3476 1464 3529 monstravit
1484 3475 1675 3547 Apollo
1700 3477 1961 3531 columba.

491 3612 676 3678 Idem
703 3609 919 3675 adhuc
945 3608 1342 3674 luculentius
1363 3608 1447 3674 de
1474 3612 1725 3701 origine
1756 3613 2090 3701 Neapolis,
2118 3614 2400 3696 Silv.1V‚
2418 3614 2612 3699 8,45:

769 3758 838 3811 Di
858 3756 1019 3811 Pau-ii
1037 3795 1053 3822 ,
1075 3775 1209 3829 quos
1236 3758 1465 3829 auguriis
1492 3778 1651 3831 super
1674 3778 1886 3831 aequora
1911 3762 2115 3834 magnis

771 3843 924 3896 Litus
949 3840 1019 3895 ad
1039 3842 1336 3895 Ausonium
1361 3841 1569 3897 devexit
1590 3843 1813 3897 Abantia
1840 3844 2055 3899 clauis:

769 3928 856 3979 Tu
882 3924 1072 3979 ductor
1103 3925 1286 3997 populi
1311 3926 1468 3999 longe
1497 3926 1800 3999 emigrantis
1827 3926 2041 3999 Apollo,
2100 3926 2107 3931 ’

772 4011 937 4082 Cujus
960 4008 1136 4063 adhuc
1163 4010 1432 4064 volucrem
1455 4011 1581 4065 laeva
1606 4011 1811 4066 cervice
1838 4010 2106 4067 sedentem

765 4094 1066 4167 Respiciens
1088 4093 1284 4147 blande
1307 4094 1427 4149 felix
1445 4094 1679 4151 Eumelis
1705 4093 1908 4149 adorat.
