2975 4684
492 330 589 428 96

1086 333 1486 401 LUCILII
1546 333 2037 404 JUNIORIS

591 462 672 529 In
713 456 962 540 maria,
989 477 1068 522 ac
1105 467 1316 524 terras
1353 468 1420 522 et
1457 452 1711 542 sidera,
1738 477 1883 524 sors
1916 453 2073 524 data
2108 455 2271 526 caelo

586 567 810 638 Prima
828 617 846 648 ‚
877 579 1160 658 sequuta
1185 565 1418 650 maris,
1449 563 1835 659 deseditque
1870 563 2101 635 infima
2138 564 2335 637 tellus
2354 621 2375 652 ‚

590 677 724 748 Sed
751 675 910 744 totis
937 674 1184 744 rimosa
1213 674 1427 759 cavis,
1453 688 1524 743 et
1550 672 1773 768 qualis
1800 699 2075 745 acervus

591 785 830 859 Exsilit
857 786 1224 880 imparibus
1254 785 1452 879 jactis
1485 807 1569 854 ex
1604 799 1907 880 tempore
1940 785 2145 870 saxis,

591 901 689 989 Ut
716 895 954 966 crebro
983 896 1314 965 introrsus
1345 895 1567 989 spatio
1592 910 1873 964 vacuata
1909 896 2263 990 corymbos
2560 921 2627 958 ms

591 1008 889 1082 Pendeat
925 1007 994 1076 in
1031 1031 1218 1076 sese:
1262 1005 1464 1075 simili
1500 1031 1771 1101 quoque
1810 1022 1986 1077 terra
2023 1007 2241 1102 figura

589 1125 670 1190 In
703 1135 935 1190 tenues
967 1116 1185 1188 laxata
1213 1117 1389 1205 vias»,
1429 1142 1570 1186 non
1606 1118 1829 1186 omnis
1864 1117 1936 1185 in
1966 1130 2266 1203 arctum,

591 1234 734 1302 Nec
762 1231 1004 1325 stipata
1035 1229 1174 1298 coit
1205 1251 1222 1295 t
1263 1227 1402 1297 sive
1446 1226 1541 1296 illi
1579 1251 1809 1298 caussa
1842 1241 2100 1297 vetusta
2128 1243 2265 1316 est,

587 1345 731 1415 Nec
764 1354 923 1410 nata
957 1353 1058 1408 est
1091 1337 1328 1428 facies;
1357 1363 1476 1408 seu
1508 1335 1677 1408 liber
1710 1338 1985 1434 spiritus
2014 1339 2193 1408 intra

567 1575 688 1610 ῐοι.
715 1559 828 1604 Sors
855 1555 982 1604 daea
1006 1555 1128 1602 mlo
1150 1554 1336 1603 Prima.
1355 1551 1519 1604 Vide·

491 1649 582 1691 tur
613 1633 852 1688 Lucilius
889 1631 1158 1702 vulgatam
1201 1631 1516 1683 sententiam

483 1701 561 1770 'de
591 1713 862 1768 elementis
881 1711 1081 1764 divisos
1108 1711 1306 1764 sortitis
1327 1710 1474 1763 locos
1498 1749 1515 1774 ‚

493 1796 572 1848 uti
593 1813 711 1848 eam
739 1790 901 1844 Ovid.
939 1791 1158 1843 Metam.
1183 1790 1209 1841 1
1227 1829 1244 1856 ,
1276 1793 1342 1842 26
1367 1807 1515 1861 seqq.

493 1887 546 1928 et
565 1875 705 1928 Fast.
730 1873 804 1939 V,
841 1873 902 1926 13
923 1909 938 1934 ‚
961 1871 1210 1942 explicat,
1242 1881 1336 1922 aut
1369 1867 1515 1923 dese-

413 2011 422 2018 ,
491 1975 610 2009 rere
626 1993 644 2019 ,
668 1965 757 2007 aut
775 1951 943 2022 magis
969 1949 1226 2014 definire,
1257 1961 1320 2002 ut
1337 1948 1478 2004 dicat
1496 1990 1513 2015 ,

489 2035 732 2089 tellurem
749 2069 766 2096 ,
787 2029 1026 2102 quamvis
1047 2028 1270 2082 divisam
1299 2029 1368 2082 ab
1393 2047 1516 2082 nere

491 2129 544 2168 et
585 2113 718 2166 mari
735 2147 752 2174 ,
789 2124 970 2164 tamen
1013 2109 1083 2162 ab
1125 2120 1356 2180 utroque
1387 2127 1514 2180 per-

493 2211 675 2246 mean.

567 2289 688 2324 tos.
727 2272 944 2335 Seqmeta
994 2269 1161 2318 maris.
1227 2265 1316 2318 Sic
1369 2264 1515 2336 apud

491 2350 651 2404 Ovid.
695 2348 826 2400 Met.
845 2345 1018 2406 VIII,
1065 2345 1200 2412 596,
1237 2345 1515 2416 Neptunus

489 2431 686 2484 dicitur
717 2427 956 2496 proxima
1001 2427 1122 2475 σαι-10
1165 2441 1318 2492 regna
1363 2443 1515 2492 vagoe

488 2513 686 2562 sordens
711 2509 876 2558 unda.

567 2585 705 2643 to&
727 2586 834 2638 Pro
871 2585 984 2635 cocis
1031 2581 1310 2652 scripserat
1366 2585 1513 2634 tortis

491 2684 678 2723 manus
699 2667 856 2720 docta
870 2661 940 2716 ad
959 2660 1228 2732 exemplar
1247 2660 1509 2725 Santenii,

487 2747 634 2823 quod
661 2764 788 2800 sane
809 2743 1002 2816 placet.

561 2834 678 2891 1⁰4·
699 2825 913 2884 Emitte,
942 2820 1173 2892 essm-git
1193 2855 1208 2885 ,
1234 2820 1507 2874 attollitur.

482 2909 706 2962 Rutilius
721 2904 844 2958 Itin.
861 2902 890 2954 1
903 2939 920 2966 ,
947 2902 1044 2955 130
1063 2919 1077 2954 :
1099 2927 1126 2947 κ
1141 2901 1513 2972 Exsiliumque

485 2991 606 3043 imis
645 2987 806 3042 altius
843 2993 962 3036 acta
995 2979 1149 3034 vadis
1171 3005 1213 3031 a.
1251 2979 1424 3052 Lugd.
1457 2991 1511 3032 et

482 3069 614 3140 Hsg.
635 3081 813 3127 exem,-
831 3060 1102 3116 mendose.
1117 3089 1188 3100 —-
1201 3061 1504 3126 Impar-ibus,

485 3147 832 3219 inoequalibus
871 3155 924 3195 et
971 3139 1145 3194 minus
1191 3137 1507 3210 quadranti-

483 3229 761 3281 bus.-—-E.·r
783 3239 1026 3290 tempore,
1055 3230 1254 3272 temere
1273 3255 1290 3282 ,
1307 3217 1504 3272 subito.

557 3305 678 3359 105.
697 3309 926 3354 Vae-uma
941 3303 1196 3366 corymbos
1213 3296 1297 3349 vel
1313 3317 1505 3365 οοῃπι-

481 3391 568 3440 bos
603 3401 789 3438 omnes
813 3379 936 3434 edd.
978 3379 1175 3450 legunt.
1205 3377 1507 3450 Corymbus

478 3477 700 3521 vocatur
718 3503 734 3530 ‚
753 3457 1019 3535 quidquid
1041 3474 1252 3510 racemo
1279 3455 1505 3511 hedera-

477 3565 574 3601 ceo
593 3556 686 3599 aut
701 3561 819 3597 uva
835 3538 1008 3594 simile
1031 3536 1086 3589 iu
1109 3535 1385 3590 strobilum
1412 3549 1507 3590 aut

475 3640 672 3681 metam
699 3620 960 3692 adsurgit,
987 3629 1038 3672 et
1061 3615 1308 3690 pluribus
1325 3617 1502 3670 baccis

475 3707 559 3762 vel
585 3704 751 3778 globis
775 3711 997 3756 constat.
1020 3697 1361 3752 Manifestum
1390 3708 1499 3762 est,

473 3785 731 3859 corymbo
749 3783 840 3836 hic
865 3795 1120 3834 acervum
1143 3773 1384 3848 lapidum
1407 3775 1500 3829 ad-

469 3865 688 3920 similari
706 3901 722 3928 ‚
755 3861 824 3916 de
847 3879 959 3933 quo
991 3870 1114 3912 snte
1141 3855 1365 3910 dixerat.
1393 3856 1497 3911 Sed

465 3945 624 4000 valde
643 3943 819 3998 turbat
839 3955 1062 3992 vacuata
1074 3976 1090 4002 ,
1117 3935 1262 4010 quod
1277 3936 1332 3989 in
1353 3953 1497 3990 scer·

469 4043 600 4080 vum
636 4041 744 4077 non
796 4019 1025 4092 quadrat
1041 4059 1058 4086 ,
1099 4035 1198 4071 nec
1239 4015 1310 4070 de
1351 4019 1490 4068 saxis

1602 1551 1748 1604 niam
1766 1553 1986 1619 pendeat
2009 1551 2267 1622 sequitur.
2290 1548 2529 1608 Relatum
2560 1551 2629 1605 ad

1604 1634 1773 1690 tellus,
1802 1631 1877 1684 uti
1905 1651 1933 1684 a
1958 1631 2178 1684 Gon-allo
2213 1631 2443 1694 factum,
2472 1632 2631 1687 valde

1603 1710 1867 1763 turbatam
1892 1721 1945 1763 et
1972 1710 2283 1782 implicitam
2308 1709 2487 1763 reddit
2510 1731 2629 1764 ora-

1602 1788 1758 1840 tionis
1782 1788 1969 1842 seriem
1988 1827 2005 1852 ‚
2034 1799 2087 1841 et
2114 1801 2303 1842 terram
2324 1809 2447 1843 cum
2474 1810 2628 1844 acer-

1601 1887 1671 1920 vo
1684 1867 1921 1940 lapidum
1934 1879 2207 1941 comparat
2220 1907 2237 1932 ,
2254 1867 2397 1941 quod
2409 1869 2629 1924 demum

1604 1946 1665 1999 fit
1688 1965 1846 2000 versu
1862 1959 2115 2020 sequente
2136 1965 2151 2000 t
2178 1973 2207 1993 ιι
2232 1947 2391 1999 simili
2413 1967 2631 2021 quoque

1600 2039 1741 2079 terra
1758 2027 1931 2098 figura
1952 2051 1998 2080 ιι.
2020 2028 2208 2098 ltaque
2228 2027 2283 2080 in
2306 2043 2533 2080 vacuata
2546 2030 2627 2084 la-

1602 2117 1676 2159 tet
1692 2105 1947 2159 mendum
1970 2143 1987 2170 ,
2014 2106 2159 2178 quod
2186 2106 2323 2161 scal.
2348 2107 2423 2160 sic
2442 2127 2627 2162 emen-

1601 2185 1715 2238 dat:
1732 2212 1757 2231 «-
1768 2185 1841 2238 Ut
1858 2187 2050 2239 crebro
2068 2187 2329 2240 introrsus
2351 2189 2627 2261 spatioque

1600 2277 1821 2318 vacante
1834 2267 2119 2339 corymbus
2132 2266 2277 2320 Pend
2283 2278 2368 2319 eat
2382 2267 2437 2320 in
2454 2285 2568 2322 sese
2582 2294 2625 2322 ιι.

1600 2345 1715 2415 Ego
1728 2345 1909 2398 malim
1926 2365 1940 2399 :
1957 2349 2125 2414 Spatia
2146 2361 2423 2409 vocitante,
2436 2349 2519 2400 vel
2536 2369 2629 2400 va-

1600 2425 1786 2485 riante,
1820 2424 1927 2479 hoc
1960 2436 2068 2488 est,
2096 2425 2448 2498 distinguente
2468 2439 2521 2480 et
2546 2447 2625 2480 se·

1598 2515 1819 2574 parante
1866 2504 2072 2578 lapides
2090 2541 2107 2568 ‚
2158 2505 2263 2559 hoc
2308 2523 2501 2560 sensu:
2550 2508 2627 2559 Ut

1600 2599 1819 2636 acervus
1832 2623 1849 2650 ‚
1886 2585 2039 2656 quasi
2074 2585 2362 2657 corymbus
2396 2586 2587 2658 aliquis
2604 2625 2621 2650 ‚

1598 2662 1793 2715 crebris
1830 2663 2007 2735 spatiis
2051 2663 2254 2736 lapides
2304 2663 2625 2737 dispar-anti-

1596 2741 1699 2794 bus
1716 2783 1731 2808 ,
1760 2743 2045 2796 introrsum
2068 2761 2235 2797 cavus
2266 2757 2318 2797 et
2340 2763 2623 2817 suspensus

1598 2821 1697 2886 sit,
1723 2835 1884 2894 atque
1902 2823 1959 2876 in
1978 2841 2033 2876 se
2050 2823 2169 2895 ipso
2184 2824 2404 2877 nitatur.

1672 2902 1793 2954 108.
1825 2906 1933 2954 Sive
1962 2907 2038 2955 illi
2072 2923 2248 2956 caussa
2286 2919 2491 2957 vetusta
2518 2921 2617 2967 est,

1596 3000 1625 3034 a
1666 2981 1833 3052 prima
1868 2995 2048 3036 rernm
2076 2982 2279 3054 origine
2306 2983 2619 3056 repetenda.

1670 3079 1788 3130 109.
1823 3066 1931 3113 Nec
1974 3078 2099 3115 nata
2140 3077 2217 3115 est
2230 3065 2399 3133 facies
2416 3103 2433 3126 ,
2472 3064 2529 3117 h.
2568 3083 2618 3119 e.

1594 3139 1793 3194 adnata
1826 3154 1879 3195 et
1906 3140 2192 3209 accedens,
2234 3155 2294 3196 ut
2328 3155 2469 3196 recte
2506 3143 2618 3198 Go-

1592 3219 1784 3286 rsllus,
1810 3220 1895 3273 vel
1930 3233 2048 3275 ona
2082 3221 2297 3274 demum
2323 3241 2417 3294 per
2442 3233 2620 3276 muta-

1593 3301 1765 3352 tiones
1798 3299 2193 3372 subsequentes.
2218 3301 2445 3355 Caussas
2471 3321 2620 3357 acce-

1592 3377 1775 3434 dentes
1792 3393 1843 3433 et
1855 3399 1965 3433 non
1980 3381 2183 3435 nativas
2195 3393 2315 3454 post
2328 3395 2618 3436 enumerat.

1591 3459 1671 3511 De
1700 3459 1894 3531 quibus
1929 3462 1986 3513 in
2022 3459 2265 3515 eamdem
2299 3465 2615 3518 sententiam

1590 3537 1755 3591 multa
1775 3537 2007 3612 disputat
2024 3541 2224 3594 Seneca
2241 3579 2256 3605 ,
2272 3543 2472 3607 Quest.
2492 3543 2615 3596 Nat.

1590 3619 1704 3681 VI,
1736 3635 1853 3690 cap.
1886 3626 1951 3683 14
1988 3639 2097 3692 seq.
2132 3639 2249 3692 qus!
2279 3632 2401 3676 ante
2432 3622 2617 3676 oculos

1587 3697 1834 3751 habuisse
1854 3699 2087 3754 Lucilius
2106 3737 2121 3763 ,
2144 3717 2309 3772 quum
2341 3702 2613 3766 scriberet,

1588 3777 1823 3842 videtur,
1872 3777 1967 3831 sed
2007 3781 2305 3833 exscribere
2348 3781 2453 3836 hoc
2492 3782 2613 3836 loco

1590 3855 1809 3929 longum
1830 3868 1924 3910 est-
1947 3857 2052 3911 Pro
2069 3879 2151 3910 seu
2172 3859 2395 3914 Helmst.
2421 3864 2523 3912 sed.
2543 3891 2615 3902 -

1589 3941 1681 3988 Seu
1704 3939 1826 3988 liber
1838 3940 2037 4004 spiritns
2054 3942 2204 3991 incra.
2226 3939 2481 3993 Versibus
2496 3943 2611 4014 jam

1580 4017 1919 4089 sequentibus
1932 4018 2093 4090 plane
2108 4018 2349 4088 geminus
2369 4031 2448 4072 est
2461 4021 2609 4073 locus

463 4101 882 4178 praecedentibus
899 4110 1069 4172 potest
1087 4096 1336 4169 intelligi,
1357 4115 1488 4172 quo·
1576 4095 1726 4150 Statii
1741 4136 1758 4163 ,
1798 4095 1971 4150 Theb.
2008 4097 2117 4149 'VII
2134 4134 2151 4161 ,
2182 4098 2285 4169 809
2323 4117 2469 4171 seqq.
2512 4100 2607 4152 ubi
