2975 4684
513 397 650 496 598

1361 398 1810 467 INCERTI

709 524 1028 614 Spectant
1069 519 1152 588 de
1191 520 1400 589 muris
1435 520 1663 589 miseri
1704 544 1825 589 sua
1867 518 2002 588 fata
2047 535 2353 614 parentes
2376 574 2395 607 ‚

603 629 1108 727 pallentemque
1150 630 1380 700 vident
1419 656 1733 725 supremo
1774 646 2074 725 tempore
2108 645 2373 717 natum,

2582 654 2666 702 9⁵⁰

607 742 828 831 Quem
863 742 1005 835 jam
1042 766 1300 811 summa
1335 741 1475 811 dies
1516 756 1811 811 extrema
1850 740 1998 810 luce
2034 742 2398 835 premebat.

708 854 884 923 Hinc
921 853 1146 923 subito
1189 867 1343 922 ante
1377 851 1609 921 oculos
1650 850 1883 921 similis
1918 853 2227 922 Tritonia
2262 852 2451 922 fratri

607 967 986 1035 Occurrens
1014 965 1328 1058 juvenem
1364 962 1677 1033 simulato
1710 963 1956 1057 decipit
1991 988 2128 1032 ore.

607 1078 783 1145 Nam
817 1075 980 1145 dum
1011 1076 1353 1170 Deiphobi
1395 1088 1617 1143 tutum
1656 1099 1729 1145 se
1764 1073 2047 1143 credidit
2082 1076 2315 1159 armi3‚

609 1185 981 1257 Transtulit
1011 1187 1094 1256 ad
1133 1189 1404 1257 Danaos
1443 1188 1685 1256 iterum
1723 1210 1841 1255 sua
1872 1188 2155 1254 numina
2180 1182 2419 1255 Pallas,

2582 1205 2669 1256 955

719 1302 1161 1371 Concurrunt
1187 1299 1386 1393 jactis
1431 1298 1608 1366 inter
1644 1322 1713 1366 se
1749 1298 2055 1365 cominus
2097 1295 2307 1363 hastis·

609 1410 852 1478 Invicti
881 1408 1161 1503 juvenes
1192 1434 1206 1476 ε
1256 1409 1369 1478 hic
1405 1409 1604 1478 vastis
1638 1409 1904 1478 intonat
1938 1407 2167 1493 armis3

613 1517 734 1589 Ille
773 1520 1037 1589 hostem
1071 1518 1368 1589 validum
1403 1519 1857 1614 nequidquam
1901 1517 2195 1587 umbone
2232 1514 2528 1610 repellit,

611 1629 1038 1725 Alternisque
1069 1630 1256 1699 ferox
1293 1644 1512 1699 mutat
1544 1629 2009 1724 congressibus
2046 1631 2242 1698 ictus.

615 1739 838 1841 Sudor
871 1740 1014 1837 agit
1047 1741 1254 1827 rivos,
1288 1764 1516 1810 ensem
1553 1742 1709 1809 terit
1752 1738 2067 1809 horridus
2102 1737 2313 1823 ensis»,

617 1850 1052 1947 Collatusque
1095 1851 1306 1921 haeret
1343 1851 1514 1947 pede
1551 1878 1699 1947 pes,
1740 1865 1809 1919 et
1844 1850 2113 1919 dextera
2150 1848 2415 1918 dextrae.

713 1966 980 2035 Interea
1025 1961 1311 2031 validam
1343 1962 1731 2032 Thetideius
1775 1960 2012 2030 extulit
2050 1960 2345 2046 hastam,

519 2182 596 2223 est
620 2188 635 2223 ι
674 2170 762 2223 hic
781 2190 876 2243 epe
901 2172 1059 2239 celer,
1087 2172 1172 2225 illa
1201 2173 1408 2226 timore.
1435 2172 1545 2240 Qui

519 2262 700 2305 tamen
738 2251 1034 2323 insequitur
1053 2290 1069 2315 ,
1104 2252 1292 2323 pennis
1333 2250 1546 2324 adjutus

517 2330 714 2383 amoris
739 2330 904 2385 Ocior
930 2344 1009 2384 est
1025 2370 1043 2395 ,
1079 2332 1426 2404 requiemque
1448 2350 1543 2385 ne·

518 2422 605 2481 gat
617 2450 634 2475 ‚
661 2422 914 2483 tergoque
935 2411 1136 2481 fugacis
1153 2412 1404 2465 Imminet
1422 2438 1462 2466 »-

591 2490 716 2558 951.
751 2496 950 2542 Summa
989 2493 1094 2543 dies
1138 2510 1364 2558 suprema
1399 2496 1511 2543 luce
1524 2512 1544 2543 .·

517 2570 594 2622 sic
617 2568 762 2623 editi.
792 2567 900 2623 Sed
921 2569 1024 2621 hoc
1051 2574 1360 2643 ταυτολόγως
1385 2582 1438 2624 et
1457 2589 1549 2642 pa-

522 2666 644 2701 rum
675 2648 941 2719 eleganter
963 2647 1165 2701 dictum
1191 2661 1296 2715 est,
1326 2668 1549 2722 praser-

523 2728 620 2780 tim
632 2746 764 2781 voce
777 2748 1002 2797 suprema
1016 2729 1098 2781 bis
1111 2729 1282 2801 posita
1295 2748 1310 2783 ε
1325 2730 1548 2801 scriptun

521 2812 588 2861 A.
612 2821 796 2863 tamen
815 2808 974 2862 habet
994 2824 1218 2863 extrema
1238 2814 1372 2873 luce,
1401 2810 1550 2883 quod

525 2890 704 2943 malo:
743 2900 862 2957 aut,
891 2888 938 2943 si
965 2890 1046 2944 vis
1061 2930 1076 2955 ,
1116 2890 1232 2963 lege
1259 2897 1412 2958 Quem
1440 2895 1551 2961 jam

523 2990 714 3023 summa
731 2972 834 3022 dies
843 2973 1071 3039 satorum
1091 2976 1205 3040 Iege
1212 2974 1478 3040 premebat.

597 3050 718 3120 95².
753 3053 880 3103 Ηιιίσ
905 3053 1058 3102 subito
1085 3049 1208 3107 edd.
1235 3053 1362 3103 Hinc
1393 3052 1550 3103 subito

523 3130 722 3184 habent
750 3129 822 3182 Η.
843 3140 896 3183 et
914 3130 983 3184 G.
1007 3147 1058 3193 1,
1087 3128 1234 3201 quod
1255 3130 1430 3201 aptius
1451 3142 1547 3187 est.

528 3214 708 3263 Oculos
749 3212 866 3261 visa
903 3222 982 3260 est
1019 3212 1241 3264 Tritonia
1279 3214 1448 3261 Pallas
1489 3212 1551 3263 A.

525 3302 582 3345 et
609 3290 751 3360 Lipe.

599 3368 720 3439 954.
745 3372 878 3421 Nam
895 3388 1030 3423 nunc
1049 3367 1174 3422 edd.
1197 3374 1330 3423 Nam
1349 3373 1466 3421 dun·
1487 3368 1553 3423 H.

527 3446 674 3521 quod
697 3446 903 3519 praetuli
919 3449 1137 3503 cotes-is.
1159 3455 1272 3501 Iam
1291 3464 1388 3501 aem
1413 3448 1480 3505 G.
1508 3466 1553 3505 1.

532 3532 666 3581 Nam
683 3542 801 3579 trane
819 3528 964 3599 Lipe.

603 3605 724 3675 956.
759 3610 926 3659 Hastis
949 3620 1000 3660 et
1017 3609 1170 3659 armis
1193 3608 1261 3661 G.
1287 3627 1338 3660 2.

603 3686 724 3757 957.
744 3694 952 3743 Inmane
967 3691 1116 3739 annis
1140 3687 1303 3741 dictio
1321 3686 1558 3759 Virgilia-

531 3785 601 3821 Μ
617 3804 632 3829 ,
653 3772 777 3821 AEn.
801 3767 903 3823 XII
919 3806 934 3831 ‚
957 3785 1078 3836 700.

601 3845 730 3914 958.
751 3849 1099 3915 Nequidquam
1121 3848 1327 3897 umbone
1345 3849 1555 3915 repellit,

533 3940 598 3979 ut
621 3925 773 3996 Virg.
801 3924 1021 3979 AEneid.
1048 3925 1105 3977 H
1124 3962 1139 3988 ‚
1183 3924 1318 3987 545:
1351 3950 1374 3973 α
1393 3944 1560 3979 rauco

533 4002 684 4075 quod
725 4004 968 4074 protinus
1013 4022 1117 4057 are
1155 4004 1428 4077 repulsum
1443 4045 1460 4071 ,
1494 4006 1562 4058 Et

1704 2172 1826 2242 959.
1856 2176 2015 2223 Mutat
2029 2174 2531 2239 congressibus-iens,
2562 2170 2666 2223 i.e.

1634 2250 1977 2323 congrediens
1999 2251 2145 2305 ictus.
2160 2249 2314 2303 aliter
2336 2261 2497 2321 atque
2516 2250 2673 2303 aliter

1634 2332 1811 2385 infert.
1831 2330 2032 2385 Alterni
2044 2348 2357 2401 congressus
2373 2344 2517 2396 sunt,
2532 2348 2671 2402 quos

1636 2412 1901 2481 significat
1944 2412 2113 2471 Naso,
2152 2411 2367 2464 Metam.
2406 2410 2487 2462 IX
2504 2450 2521 2476 ,
2562 2419 2630 2473 4²
2652 2430 2667 2463 ε

1638 2519 1663 2538 α
1686 2490 2025 2563 Digredimur
2043 2490 2287 2562 paullum
2304 2532 2320 2556 ,
2347 2508 2672 2563 rursumque

1636 2568 1704 2625 ad
1731 2571 1866 2623 bella
1904 2571 2107 2623 coimus
2125 2595 2149 2617 ι
2167 2610 2181 2623 .
2224 2570 2288 2623 In
2314 2572 2556 2643 marg-ine
2580 2589 2673 2625 co-

1636 2648 1768 2703 dicis
1790 2650 2014 2703 Helmst.
2036 2650 2123 2703 hic
2146 2668 2327 2704 vernus
2346 2649 2671 2721 adponitur:

1638 2758 1664 2777 α
1681 2730 2006 2801 Indignatur
2044 2749 2167 2783 eum
2204 2730 2305 2783 sihi
2349 2750 2503 2803 posse
2544 2732 2673 2784 reei-

1633 2821 1775 2865 stere
1802 2809 2035 2863 Achilles
2056 2836 2101 2862 ».

1710 2892 1830 2959 960.
1867 2894 2029 2941 Sudor
2044 2893 2155 2959 agit
2176 2892 2320 2943 rivos.
2335 2888 2523 2961 virgil.
2544 2894 2673 2943 ΔΕΗ.

1642 2970 1715 3035 V,
1732 2988 1849 3035 noo,
1864 2994 1887 3017 ι
1910 2966 2075 3022 sudor
2092 2966 2212 3021 fluit
2230 2968 2467 3041 undique
2487 2969 2616 3022 rivis
2628 2994 2673 3032 .,

1640 3063 1696 3103 et
1716 3047 1825 3119 vid.
1845 3067 1921 3103 vs.
1941 3050 2067 3119 807.

1712 3124 1833 3199 961'.
1854 3133 2170 3197 Collum-sque
2189 3132 2357 3181 hoerec.
2380 3128 2531 3200 Virg.
2550 3132 2676 3182 AEu.

1640 3210 1691 3261 X
1710 3246 1726 3273 ,
1749 3211 1879 3263 361:
1912 3234 1939 3253 α
1958 3209 2301 3261 Concurrunt
2322 3248 2339 3273 ,
2358 3206 2523 3261 heret
2538 3208 2679 3280 pede

1642 3303 1737 3361 pes
1753 3330 1770 3355 ,
1804 3288 2106 3359 densusque
2152 3287 2269 3339 viro
2308 3287 2395 3339 vir
2418 3312 2461 3341 -.
2500 3288 2677 3360 Magis

1644 3378 1825 3421 tamen
1863 3366 2097 3439 respexit
2130 3363 2385 3419 Ovidium
2402 3405 2419 3432 ,
2456 3368 2677 3421 Meum.

1642 3448 1755 3514 IX,
1789 3454 1893 3511 44:
1924 3472 1951 3493 α
1976 3458 2194 3517 eratque
2230 3445 2373 3499 Cum
2409 3445 2547 3517 pede
2582 3466 2679 3520 poe

1639 3529 1894 3605 junctus:
1938 3538 2159 3598 totoque
2194 3544 2295 3596 ego
2320 3538 2537 3597 pectore
2558 3546 2679 3599 pro-

1644 3626 1747 3661 nus
1768 3606 1838 3659 Et
1870 3604 2065 3679 digitos
2104 3604 2316 3679 digitis,
2352 3618 2404 3658 et
2441 3609 2679 3661 frontem

1648 3688 1822 3741 fronte
1860 3688 2161 3759 premebam
2187 3711 2229 3740 ι.
2267 3688 2333 3739 In
2370 3685 2497 3741 edit.
2531 3688 2679 3761 Lip..

1646 3767 1737 3825 hic
1758 3784 1943 3821 versus
1963 3766 2317 3837 subjungitur,
2333 3766 2427 3838 qui
2448 3770 2565 3840 jam
2589 3766 2682 3821 ad-

1650 3847 1751 3901 suit
1772 3863 1789 3903 ε
1840 3871 1860 3892 ι
1886 3845 2113 3898 Alternis
2153 3857 2399 3917 poterant
2436 3846 2682 3900 insistere

1648 3938 1817 3999 coepta
1845 3926 2055 3997 periclis
2074 3950 2095 3971 ι
2110 3966 2123 3981 .

1720 4010 1841 4075 962.
1864 4012 2064 4058 Interea
2089 4010 2333 4059 validam.
2372 4006 2477 4061 Hic
2498 4026 2683 4061 verme

533 4100 743 4137 summo
760 4082 933 4161 clypei
951 4083 1314 4156 nequidquam
1331 4084 1565 4139 umbone
1651 4087 1707 4138 in
1742 4086 1815 4138 Η.
1852 4097 1903 4138 et
1929 4085 1994 4139 G.
2025 4104 2046 4138 1
2070 4087 2353 4154 omittitur,
2382 4088 2481 4159 qui
2502 4100 2681 4140 tamen

537 4160 784 4232 pependit
811 4186 853 4211 ».

1654 4166 1833 4223 abesae
1856 4182 1967 4222 non
1989 4176 2181 4245 potest.
