2975 4684
787 392 1250 461 EPITOME
1309 392 1731 462 ILIADOS
1791 394 2223 464 HOMERI.

2439 392 2578 468 523

533 518 811 584 Invocat
843 538 1164 609 aequoreae
1203 512 1464 585 Pelides
1510 514 1789 585 numina
1823 518 2091 603 matriS,

533 628 638 695 Ne
677 650 748 693 se
787 624 936 719 plus
969 640 1205 694 contra
1240 625 1543 695 Atridem
1582 627 1879 721 patiatur
1912 626 2225 697 inultum.

631 738 723 804 At
753 735 986 805 Thetis
1005 789 1024 823 ,
1061 734 1292 805 audita
1334 738 1471 805 nati
1516 760 1754 833 prece,
1792 737 2035 810 deserit
2069 739 2313 825 undae,

535 848 900 940 Castraque
934 846 1446 941 Myrmidonum
1486 846 1953 945 praetervolat,
1986 848 2145 928 inde
2174 874 2299 944 per
2338 873 2536 918 auras

535 958 798 1029 Emicat
831 957 1184 1043 aetherem,
1219 972 1289 1027 et
1333 959 1404 1026 in
1449 983 1653 1028 aurea
1690 958 1907 1028 sidera
1942 958 2177 1047 fertur3
2532 983 2584 1023 ιε

533 1072 726 1138 Tunc
761 1069 1042 1163 genibus
1077 1070 1255 1164 regis
1296 1072 1545 1165 sparsis
1579 1068 1794 1141 affusa
1830 1070 2123 1167 capillis:

535 1208 568 1243 «
601 1182 732 1252 Pro
767 1195 926 1250 nato
964 1180 1118 1251 veni
1155 1180 1446 1276 genitrix
1487 1179 1705 1250 en'ad
1742 1198 1860 1254 tua
1896 1182 2175 1277 supplex

532 1291 830 1361 Numina
850 1344 870 1377 ‚
908 1316 1168 1365 summe
1209 1315 1486 1388 parens:
1522 1290 1843 1363 ulciscere
1876 1318 2117 1388 meque
2150 1318 2510 1389 meumque

536 1406 800 1496 Corpus
836 1402 922 1472 ab
957 1402 1196 1473 Atride
1229 1430 1246 1473 :
1291 1402 1475 1497 quod
1518 1404 1574 1472 si
1612 1404 2023 1499 permittitur
2054 1401 2193 1487 illi,

535 1517 634 1583 Ut
666 1513 968 1583 flammas
1019 1514 1300 1608 impune
1333 1515 1462 1583 mei
1502 1514 1770 1583 violarit
1807 1512 2119 1601 Achillis,
2535 1544 2587 1583 9⁰

533 1624 852 1719 Turpiter
893 1623 1216 1693 occiderit
1253 1640 1567 1720 superata
1603 1624 1881 1695 libidine
1918 1626 2201 1695 virtus».

630 1735 891 1829 Jupiter
935 1734 1095 1805 huic
1136 1744 1374 1805 contra
1404 1762 1419 1805 :
1455 1736 1765 1805 «Tristes
1808 1736 2069 1831 depone
2107 1734 2451 1831 querelaS,

507 1941 593 1995 81.
631 1942 734 1994 Pro
759 1948 966 1995 Invocat
1005 1942 1074 1994 G.
1121 1962 1148 1996 ²
1183 1948 1455 2004 convocat,

437 2019 720 2075 mendose:
738 2025 944 2073 numina
969 2024 1140 2073 macris
1163 2023 1230 2075 G.
1257 2044 1285 2077 a
1309 2026 1372 2076 A.
1399 2026 1462 2077 L.

437 2112 490 2153 et
509 2102 600 2172 Sp.
622 2100 816 2173 reliqui
839 2104 1042 2153 nomina
1055 2141 1072 2163 ,
1101 2102 1278 2156 minus
1303 2115 1461 2156 recte.

511 2182 594 2235 82.
623 2184 702 2231 Ne
731 2200 784 2231 se
807 2185 925 2249 plus
953 2184 1111 2232 Thetis
1148 2196 1339 2233 eontra.
1377 2182 1464 2236 Sic

439 2278 624 2313 omnes
635 2260 823 2333 scripti
842 2271 894 2313 et
915 2262 1157 2333 impressi
1174 2283 1188 2329 3
1212 2273 1264 2314 et
1286 2273 1464 2315 tamen

439 2338 680 2392 Thetidis
699 2357 892 2393 nomen
913 2358 1086 2413 neque
1105 2342 1224 2394 loco
1249 2354 1434 2413 aptum
1450 2382 1466 2408 ,

437 2438 612 2489 neque
629 2432 798 2472 metro
814 2458 830 2483 ‚
845 2432 1064 2492 propter
1077 2420 1337 2494 syllabam
1350 2440 1468 2475 cor·

437 2510 640 2569 reptatu
660 2538 676 2565 ,
695 2511 786 2553 est.
805 2500 993 2553 Barth.
1010 2499 1232 2555 Advers.
1253 2521 1306 2574 p.
1329 2501 1466 2573 2753

439 2576 656 2631 adnotat
681 2577 751 2632 ad
783 2578 927 2632 hune
955 2598 1168 2635 versum
1185 2622 1201 2649 ‚
1224 2586 1340 2650 plus
1384 2600 1468 2634 eo·

437 2675 566 2709 nare
601 2660 812 2727 amplius
831 2697 846 2720 ,
901 2660 1176 2731 quomodo
1214 2661 1432 2718 Plautus
1451 2699 1467 2725 ,

439 2736 770 2791 Claudianus
788 2776 804 2802 ,
849 2738 1103 2793 Sidonius
1123 2778 1140 2805 ,
1184 2742 1436 2813 Apuleius
1452 2782 1468 2808 ,

434 2816 529 2868 alii
559 2816 824 2884 habeant;
855 2818 925 2871 de
952 2819 1150 2875 latente
1179 2822 1310 2874 vitio
1339 2818 1468 2875 nihil

439 2908 636 2949 monet.
671 2898 965 2951 Bussenius
989 2900 1028 2951 1.
1063 2920 1116 2953 c.
1141 2920 1200 2973 p.
1239 2906 1302 2964 1⁴
1323 2900 1469 2954 varie

443 2975 702 3029 medelam
720 2988 886 3031 tentat
900 3015 917 3041 ,
934 2997 963 3031 e
981 2980 1134 3051 cujus
1153 2980 1468 3053 conjecturis

441 3054 582 3108 hanc
603 3057 832 3109 maxime
849 3058 1178 3129 probabilem
1203 3060 1434 3113 arbitror
1451 3076 1467 3123 ς

443 3140 522 3187 Ne
553 3156 610 3187 se
633 3140 751 3206 plm-
785 3152 960 3189 cono-a
993 3142 1204 3191 Atriden
1243 3144 1471 3208 paciatur

443 3218 661 3268 inulam.
689 3216 955 3273 Ceterum
973 3217 1178 3291 judicat
1191 3258 1206 3282 ‚
1231 3218 1347 3272 siue
1368 3236 1470 3290 ope

440 3294 690 3349 oodioum
732 3297 848 3352 baec
890 3310 1082 3351 nauata
1128 3298 1470 3371 perdifficilia

441 3392 576 3428 cue.
591 3376 735 3430 Olim
752 3380 864 3449 jam
883 3396 1071 3432 sanare
1089 3379 1310 3431 tentavit
1326 3376 1470 3433 docti

443 3454 546 3509 viri
585 3474 777 3509 manus
797 3493 814 3520 ‚
847 3476 968 3528 quae
1007 3457 1062 3511 in
1103 3459 1334 3529 antiqua
1375 3458 1470 3509 Li-

441 3535 659 3605 psiensis
699 3536 1014 3608 exemplari,
1049 3536 1102 3588 in
1149 3536 1470 3591 bibliotheca

441 3616 556 3685 ejus
589 3611 884 3670 Academiae
925 3629 1132 3670 servato
1153 3654 1168 3679 ,
1209 3617 1464 3671 correxit:

441 3696 520 3743 Ne
545 3712 598 3743 se
625 3695 740 3745 diva
764 3697 946 3746 Then's.
977 3693 1079 3749 Sed
1105 3694 1345 3749 Thetidis
1370 3714 1469 3749 no·

443 3789 568 3825 men
587 3771 692 3825 hoc
712 3772 834 3826 loco
853 3773 1222 3846 importunum
1237 3776 1471 3840 videtur,

443 3851 574 3921 quia
599 3851 774 3905 statim
801 3854 1026 3907 recurrit
1045 3872 1202 3907 versu
1229 3874 1336 3927 seq.

513 3932 600 3985 86.
619 3934 815 3999 Sparse's
837 3935 1012 4001 ey‘fina
1037 3937 1245 4001 capillis.
1265 3932 1334 3987 G.
1361 3954 1388 3987 2
1419 3946 1472 3988 et

441 4008 522 4063 ed.
573 4011 636 4062 L.
687 4012 854 4079 effusa
899 4012 1115 4066 habent.
1165 4012 1266 4067 Hic
1313 4015 1471 4086 plane

353 4114 360 4121 -
443 4088 675 4143 imitatus
695 4102 772 4143 est
789 4092 981 4145 Noster
999 4092 1271 4161 Ovidium,
1290 4092 1360 4147 de
1377 4096 1473 4149 Ce-

1554 1943 1789 2015 plicante
1808 1982 1823 2007 ,
1852 1944 2157 2015 loquentem
2192 1943 2320 1997 Met.
2348 1944 2419 2009 V,
2444 1942 2579 1997 513:

1558 2026 1731 2075 «Ante
1753 2024 1943 2075 Jovem
1971 2024 2136 2094 passis
2164 2023 2303 2077 stetit
2324 2020 2586 2076 invidiosa

1555 2102 1751 2173 capillis
1764 2140 1781 2166 ,
1802 2102 2015 2174 Proque
2038 2120 2160 2157 meo
2182 2104 2339 2157 venio
2360 2102 2585 2175 supplex

1555 2181 1667 2243 tibi,
1689 2183 1924 2255 Jupiter,
1943 2183 2133 2255 inquit,
2148 2183 2442 2254 Sanguine,
2462 2200 2587 2252 pro-

1554 2280 1661 2333 que
1686 2274 1804 2314 tuo.

1629 2340 1712 2410 87.
1742 2345 1967 2397 Genio-ix
1995 2362 2057 2393 en
2093 2346 2169 2393 ad
2202 2356 2308 2393 tua.
2336 2340 2587 2413 Suspicor

1556 2438 1655 2492 pro
1701 2440 1761 2473 en
1814 2420 2123 2493 ponendum
2179 2438 2293 2473 esse
2335 2422 2419 2471 ait.
2466 2420 2584 2473 Hoc

1558 2500 1700 2553 enim
1717 2541 1734 2568 ‚
1752 2513 1845 2553 aut
1870 2504 2056 2570 inquit,
2080 2500 2345 2555 desiderat
2368 2500 2543 2553 oratio
2566 2540 2583 2565 ,

1558 2592 1609 2632 et
1641 2578 1863 2633 Ovidius
1899 2580 2138 2635 similiter
2172 2580 2299 2633 fecit
2336 2581 2392 2632 in
2431 2580 2551 2633 loco
2565 2617 2582 2643 ‚

1558 2676 1717 2731 quem
1745 2661 1997 2731 expressit
2024 2660 2235 2713 Noster.

1632 2741 1719 2806 89.
1764 2744 1943 2807 Corpus
1978 2744 2042 2791 ab
2070 2742 2248 2791 Avida
2280 2740 2348 2792 G.
2387 2760 2439 2792 a.
2476 2740 2587 2791 No·

1560 2830 1705 2872 tante
1720 2818 1938 2872 Barthio
1955 2818 1995 2871 l.
2016 2838 2060 2871 c.
2082 2838 2255 2888 corpus
2274 2834 2429 2871 cuum
2446 2818 2586 2873 'rtie-

1560 2895 1628 2951 tis
1646 2897 1777 2951 dicit
1795 2898 2055 2951 Achillem
2076 2898 2246 2954 filium
2266 2936 2281 2961 ,
2301 2910 2459 2969 atque
2480 2898 2583 2952 hoc

1558 2979 1767 3031 noviter
1800 2976 2002 3030 dictum
2032 2977 2102 3029 ab
2136 2990 2350 3031 auctore
2368 3016 2383 3040 ,
2411 2994 2583 3050 neque

1558 3058 1615 3111 in
1652 3057 1768 3111 aliis
1804 3056 1973 3129 poetis
2009 3055 2166 3110 facile
2200 3056 2584 3129 reperiundum

1558 3150 1689 3211 puto
1712 3156 1725 3189 ε
1754 3154 1876 3191 nam
1906 3138 2102 3189 viscera
2117 3176 2133 3198 ,
2162 3140 2453 3207 sanguinem
2487 3156 2584 3209 pa-

1560 3228 1769 3269 rentum
1792 3216 1988 3268 liberos
2013 3215 2117 3268 diei
2138 3255 2153 3281 ,
2172 3216 2390 3289 vulgare
2414 3228 2509 3268 est.

1632 3316 1721 3365 90.
1748 3295 1853 3348 Pro
1876 3298 2120 3356 violaret,
2144 3294 2293 3368 quod
2318 3295 2379 3347 in
2404 3297 2587 3369 vulga·

1560 3377 1759 3441 tinent,
1783 3374 1852 3428 G.
1882 3394 1911 3428 2
1935 3378 2188 3439 :violat-ie,
2218 3374 2366 3448 quod
2392 3379 2587 3431 rectius

1600 3467 1707 3508 uto.

1560 3474 1598 3535 P
1630 3553 1720 3603 91.
1748 3536 1969 3603 strpt'ter
1992 3536 2237 3587 occidet-1⁸1.
2264 3534 2330 3588 G.
2366 3554 2395 3587 a
2418 3538 2586 3604 Turpi-

1523 3605 1538 3622 *
1560 3628 1639 3666 ter
1676 3618 1891 3678 occidet,
1922 3630 2226 3687 perperam.
2270 3612 2420 3667 Hanc
2460 3632 2583 3668 sen·
2626 3640 2631 3647 ·

1560 3692 1780 3748 tentiam
1796 3707 1983 3747 auctor
1996 3712 2057 3746 ex
2068 3693 2283 3766 ingenio
2292 3712 2390 3747 auo
2400 3693 2551 3747 addit
2570 3714 2587 3760 ;

1559 3773 1705 3846 apud
1730 3774 2025 3828 Homerum
2057 3772 2185 3825 talia
2212 3792 2323 3825 non
2350 3774 2589 3845 loquitur

1559 3852 1761 3906 Thetis.
1802 3855 1999 3906 Contra
2038 3852 2233 3905 omittit
2276 3852 2398 3921 ille,
2418 3852 2589 3924 -quod

1562 3933 1829 4006 precipue
1868 3932 2079 4004 petebat
2116 3932 2302 3985 Thetis
2345 3952 2375 3987 a
2415 3934 2549 3987 Jove
2568 3974 2585 3999 ,

1560 4012 1817 4086 quodque
1832 4030 2057 4085 sequeus
2065 4012 2291 4066 sunonis
2304 4014 2595 4085 expostula·

1566 4094 1639 4148 tio
1665 4092 1907 4165 respicit,
1926 4102 1987 4143 ut
1998 4092 2259 4163 Trojanos
2286 4111 2400 4147 esse
2422 4094 2587 4148 victo-

443 4186 560 4220 rere
579 4210 594 4235 ,
614 4169 735 4222 Jovi
763 4189 862 4241 pro
891 4170 998 4225 filia
1023 4172 1340 4245 Proserpina
1360 4192 1476 4245 sup-
1564 4192 1648 4227 res
1684 4174 1881 4227 sineret
1914 4185 2021 4226 tam
2056 4172 2149 4226 diu
2167 4212 2184 4238 ,
2214 4173 2385 4228 donec
2418 4174 2590 4228 Graeci
