2975 4684
380 370 1857 395 mmmm-mmmmm

785 642 1759 803 EXCURSUS
1886 634 2107 795 ΙΙΙ

669 948 794 1015 AD
849 946 1071 1015 EPIT.
1127 947 1400 1015 ILIAD.
1453 948 1685 1017 HOM.
1740 970 1834 1015 vs,
1890 946 2223 1043 894·896.

663 1336 762 1389 Hic
791 1336 1134 1389 intermedius
1157 1336 1326 1392 stabat
1346 1337 1494 1389 Mars
1518 1354 1709 1389 aureus
1734 1336 1909 1396 armis,

666 1419 797 1473 Diva
821 1432 1006 1493 potens
1023 1422 1249 1493 Atropos
1271 1420 1407 1474 circa
1425 1457 1442 1483 ‚
1470 1420 1796 1493 reliquaque
1816 1418 2070 1473 sedebant

662 1504 972 1575 Sanguineis
993 1516 1182 1559 moestae
1209 1504 1404 1559 Clotho
1423 1504 1781 1575 Lachesisque
1808 1502 2024 1575 capillis.

470 1676 704 1739 Puum
743 1675 1076 1765 ingeniosa
1113 1698 1233 1740 nec
1274 1676 1424 1739 satis
1453 1690 1603 1763 apta
1626 1674 1887 1738 videtur
1928 1675 2141 1763 imago
2179 1673 2279 1736 vel
2322 1672 2503 1754 caela-

383 1793 524 1841 tura
540 1826 559 1858 ,
580 1799 724 1864 quas
749 1776 858 1841 hic
879 1776 1168 1858 additur,
1196 1777 1422 1841 Martis
1441 1778 1511 1840 in
1540 1775 1757 1840 medio
1778 1776 2005 1840 stantis
2025 1822 2044 1855 ,
2068 1790 2135 1837 et
2158 1774 2501 1838 Parcarum

381 1879 550 1941 circa
579 1879 853 1942 Martem
888 1878 1288 1959 sedentium3
1323 1899 1539 1965 neque
1568 1877 1751 1942 facile
1782 1876 2168 1964 perspicitur
2188 1924 2207 1956 ,
2240 1893 2383 1962 quoe
2408 1898 2509 1939 ra-

381 1980 475 2044 tio
514 1980 680 2044 illius
715 1980 848 2044 huc
886 1981 1100 2045 relatae
1127 1980 1228 2043 sit.
1261 1982 1559 2067 Agnosco
1606 1976 1869 2065 quidem
1909 1976 2335 2040 imitationem
2363 1974 2507 2038 vir-

382 2079 550 2169 gilii,
607 2082 788 2162 cujus
831 2096 1080 2169 partem
1113 2081 1320 2169 clypei
1359 2080 1621 2161 AEneae,
1665 2078 1990 2143 AEn.vl11
2013 2128 2033 2158 ,
2064 2100 2191 2165 700
2232 2098 2361 2165 seq.
2397 2076 2505 2139 hic

382 2182 738 2269 exprimere
765 2184 970 2247 voluit
999 2184 1272 2271 scriptor
1299 2206 1312 2246 :

673 2374 897 2389 .......
909 2338 1048 2392 saevit
1073 2337 1247 2391 medio
1259 2340 1330 2413 jn
1359 2339 1649 2391 certamine
1669 2338 1879 2393 Mavors

663 2423 885 2475 Caelatus
914 2424 1053 2477 ferro
1072 2460 1087 2485 ,
1112 2422 1387 2494 tristesque
1413 2442 1477 2475 ex
1505 2423 1702 2476 aethere
1722 2424 1893 2491 Dim3

663 2507 730 2558 Et
757 2506 914 2559 scissa
941 2506 1180 2577 gaudens
1203 2506 1347 2560 vadit
1378 2504 1655 2559 Discordia
1684 2506 1821 2578 palla
1838 2545 1853 2571 ‚

663 2592 840 2657 Quam
865 2610 988 2643 cum
1014 2592 1304 2662 sanguineo
1329 2592 1565 2663 sequitur
1590 2590 1806 2645 Bellona
1837 2590 2059 2662 flagello.

381 2764 506 2829 Sed
541 2762 846 2853 Virgilius
895 2779 1044 2828 ante
1103 2764 1185 2828 de
1240 2764 1464 2852 proelio
1512 2764 1773 2828 Actiaco
1824 2764 2146 2853 loquitur,
2191 2762 2301 2826 ubi
2342 2785 2501 2826 con·

382 2886 620 2951 gruum
659 2880 824 2945 erat,
853 2864 1131 2928 Martem
1162 2887 1316 2929 cum
1335 2864 1673 2930 Discordia
1698 2882 1763 2930 et
1786 2864 1958 2929 Diris
1985 2864 2188 2928 medio
2210 2869 2280 2928 in
2305 2878 2506 2928 certa»

379 2966 548 3030 mine
577 2964 958 3053 adparentes
998 2967 1242 3030 sistere.
1270 2967 1501 3054 Neque
1530 2967 1715 3031 aliter
1745 2968 2102 3046 Homerus,
2135 2988 2333 3052 quem
2370 2966 2507 3053 ipse

381 3068 687 3159 Virgilius
719 3068 1025 3156 respexit,
1062 3069 1174 3155 qui
1211 3066 1388 3156 Iliad.
1411 3067 1667 3149 XVIII,
1710 3066 1833 3133 535
1860 3116 1879 3148 ,
1914 3066 2317 3132 Discordiam
2336 3116 2353 3148 ‚
2384 3068 2511 3131 Tu-

384 3170 662 3235 multum
695 3185 761 3233 et
795 3170 1024 3234 Fatum
1061 3169 1300 3235 versari
1333 3171 1502 3235 inter
1530 3171 1827 3237 homines
1860 3170 2043 3250 dicit,
2082 3170 2195 3234 ubi
2228 3170 2511 3234 obsidio-

384 3293 533 3335 nem
561 3270 742 3336 urbis
769 3286 834 3335 et
859 3271 1154 3359 praelium
1181 3294 1336 3337 cum
1365 3272 1553 3337 hoste
1585 3273 1805 3337 subito
1836 3271 2181 3339 invadente
2212 3272 2510 3336 commis·

381 3394 526 3439 sum
564 3388 880 3438 narravit:

617 3500 678 3571 liv
707 3514 762 3570 δ’
779 3505 887 3589 ἓρις
902 3553 918 3581 ,
945 3522 992 3572 ἂν
1017 3516 1077 3573 δὲ
1099 3517 1345 3592 Κυδοιμὸς
1375 3524 1583 3592 ὁμῖλιον,
1610 3526 1659 3576 ἂν
1684 3519 1737 3575 δ’
1755 3524 1867 3580 ὀλοὴ
1893 3526 2017 3594 Κήρ.

379 3668 504 3731 Cui
560 3669 787 3735 similia
842 3672 1038 3736 habet
1088 3672 1410 3737 Hesiodus
1465 3676 1531 3737 in
1590 3676 1766 3740 Scut.
1820 3676 2009 3741 Herc.
2050 3700 2108 3741 v.
2168 3668 2290 3754 154
2322 3700 2501 3766 seqq.

378 3768 612 3833 Noster
645 3771 998 3837 Mavortem
1044 3774 1502 3839 intermedium
1548 3792 1613 3840 et
1644 3776 1869 3841 Parcas
1922 3778 2165 3841 circum
2214 3777 2507 3843 sedentes

377 3870 628 3935 inducit
648 3920 664 3953 ‚
696 3888 1040 3963 postquam
1063 3875 1487 3965 agricolarum
1506 3925 1524 3957 ,
1561 3898 1919 3940 messorum
1938 3925 1954 3957 ,
1984 3876 2373 3959 vinitorum,
2398 3900 2507 3965 pa-

377 3983 627 4036 storum
661 3996 886 4061 operas
927 3974 1322 4055 narraverat,
1356 3978 1421 4040 in
1459 3978 1697 4065 quibus
1736 3978 1926 4041 Marti
1968 4000 2119 4041 cum
2157 3978 2503 4043 comitibus

377 4072 480 4134 vix
509 4073 691 4137 locus
725 4090 838 4139 est.
871 4076 998 4140 Sed
1029 4093 1241 4141 tamen
1269 4094 1529 4159 auctor,
1554 4102 1635 4141 ne
1664 4101 1814 4141 eum
1842 4079 2033 4165 plane
2062 4078 2470 4143 indefensum
2489 4128 2507 4161 ,
