2975 4684
475 369 622 466 496
993 367 1633 438 HOMERISTAE
1698 367 2095 455 LATINI,

564 497 807 563 XVIII.
863 498 1017 563 Post
1060 499 1390 588 Epitomes
1437 497 1707 562 Homeri
1754 513 2086 563 auctorem
2133 499 2350 564 medio
2370 549 2390 580 ,
2428 499 2611 589 quod

475 603 737 686 dicitur,
770 626 906 668 aevo
939 603 1074 668 duo
1108 605 1725 692 exstiterunt‘poetae
1741 650 1759 684 ,
1782 627 1904 692 pro
1933 619 2117 668 aetate
2144 627 2259 669 sua
2282 627 2421 669 non
2444 627 2615 694 sper·

479 707 719 790 nendi,
750 708 864 796 qui
895 707 1046 772 belli
1070 708 1330 789 Troiani
1363 707 1698 772 historiam
1733 724 2029 796 poemate
2060 709 2261 773 latino
2292 710 2617 797 complexi

479 830 656 879 sunt.
717 814 903 878 Unus
956 829 1053 877 est
1097 813 1397 903 Iosephus
1446 811 1709 877 Iscanus
1759 813 2123 896 Devonius,
2174 814 2615 881 Excestrensis

479 919 872 1002 monachus,
911 919 1025 1007 qui
1055 919 1290 983 saeculo
1321 917 1452 982 ΧΠ
1483 917 1684 983 libros
1715 920 1806 982 V1
1843 918 1924 984 de
1961 920 2133 984 bello
2152 921 2465 1002 Trojano,
2499 943 2617 1008 pa-

477 1025 766 1113 raphrasi
798 1026 1055 1090 heroica
1091 1049 1167 1090 ex
1201 1025 1734 1090 Pseudo-Darete
1782 1048 2149 1115 expressos,
2180 1027 2417 1092 dicavit
2435 1027 2619 1091 Tho-

480 1153 601 1195 mae
634 1129 986 1213 Balduino,
1021 1131 1540 1220 archi-'episcopo
1574 1132 2054 1215 Cantuariensi,
2096 1133 2209 1220 qui
2243 1156 2418 1198 anno
2452 1154 2613 1219 1191

482 1237 640 1326 Tyri
674 1235 1020 1301 defunctus
1058 1254 1173 1300 est.
1210 1237 1440 1302 Pfimae
1477 1237 1793 1302 editiones
1814 1285 1833 1320 ,
1860 1261 2207 1327 suppresso
2232 1239 2369 1303 veri
2396 1254 2625 1303 aucto-

482 1343 570 1406 ris
600 1343 901 1424 nomine,
928 1342 998 1407 id
1029 1365 1256 1431 poema
1281 1391 1299 1424 ,
1332 1359 1407 1407 ut
1440 1343 1743 1408 Daretem
1779 1345 1992 1431 ipsum
2029 1344 2389 1432 prosarium
2410 1393 2429 1426 ,
2460 1347 2628 1408 Cor-

485 1449 654 1513 nelio
711 1449 948 1538 Nepoti
1007 1448 1404 1537 ineptissime
1457 1448 1975 1537 adscripserunt,
2022 1451 2207 1530 cujus
2268 1473 2509 1516 nomen
2570 1451 2629 1515 si

481 1555 674 1620 etiam
707 1555 775 1617 in
814 1554 1145 1619 codicibus
1183 1553 1412 1642 Msptis
1450 1554 1793 1619 inventum
1824 1572 1959 1638 est,
1993 1555 2059 1620 id
2098 1579 2231 1620 non
2268 1557 2482 1621 solum
2523 1558 2630 1620 in-

485 1659 662 1726 scitia
686 1659 801 1724 aevi
825 1659 1108 1739 barbari,
1139 1659 1254 1724 sed
1277 1659 1468 1723 etiam
1496 1659 1723 1724 fraude
1751 1661 2161 1726 librariorum
2180 1711 2197 1742 ,
2216 1662 2328 1750 qui
2354 1662 2629 1751 gratiam

485 1764 1066 1855 auctoritatemque
1099 1765 1406 1846 majorem
1440 1767 1775 1854 acquirere
1806 1767 1975 1832 libro
2004 1766 2311 1832 volebant
2330 1817 2349 1850 ,
2383 1769 2633 1833 factum

486 1895 624 1937 esse
655 1871 954 1938 arbitror.
994 1872 1162 1937 Nam
1195 1871 1262 1935 in
1298 1871 1376 1936 iis
1415 1871 1843 1956 editionibuS,
1890 1889 2041 1962 post
2064 1897 2228 1939 vers.
2266 1873 2349 1938 32
2382 1875 2531 1938 libri
2568 1875 2634 1958 I,

487 1979 711 2044 omissi
742 1995 1102 2044 cernuntur
1126 2000 1346 2042 versus
1377 2001 1520 2060 sex,
1549 1979 1834 2069 elogium
1862 1980 2131 2044 Thomae
2154 2029 2173 2061 ,
2209 1973 2638 2045 Cantuarien-

491 2088 578 2152 sis
615 2087 903 2176 episcopi
920 2103 958 2169 ,⁶
971 2086 1383 2150 continentes
1405 2134 1424 2166 ,
1477 2109 1515 2150 e
1550 2085 1972 2174 quibus'aetas
2004 2089 2284 2152 auctoris
2322 2087 2635 2176 cognosci

491 2210 782 2283 poterat,
818 2215 1116 2282 quosque
1150 2194 1435 2282 primus,
1465 2191 1817 2259 adnotante
1861 2194 2156 2259 Fabricio
2193 2195 2259 2258 in
2300 2194 2461 2259 Bibl.
2494 2195 2635 2260 Lat.

495 2324 530 2364 e
557 2301 776 2389 Mspto
809 2299 1034 2366 codice
1065 2300 1373 2388 produxit
1393 2301 1551 2366 Tan.
1581 2301 1787 2366 Faber
1816 2301 1885 2365 in
1918 2302 2089 2365 notis
2120 2299 2203 2366 ad
2236 2300 2636 2390 Longinum.

495 2405 752 2470 Primus
797 2407 1153 2496 Iosephum
1201 2408 1501 2472 Iscanum
1548 2408 1672 2472 sub
1713 2409 1963 2473 Daretis
2008 2407 2273 2495 Phrygii
2326 2406 2597 2470 nomine
2618 2455 2635 2486 ,

492 2535 531 2575 a
563 2512 765 2575 latino
801 2514 1083 2577 carmine
1119 2537 1157 2576 a
1191 2515 1494 2579 Cornelio
1525 2515 1781 2603 Nepote
1813 2514 2071 2596 donati,
2110 2512 2313 2578 edidit
2350 2513 2641 2578 Albanus

494 2619 776 2682 Torinus
817 2618 1003 2684 Basil.
1056 2618 1213 2698 1541
1237 2669 1256 2702 ,
1293 2619 1477 2702 ἰπὶ-8,
1521 2643 1673 2685 cum
1712 2623 1949 2686 Darete
1980 2620 2309 2710 prosario,
2360 2619 2532 2699 sive,
2568 2633 2645 2682 ut

495 2723 603 2790 hic
628 2741 917 2806 vocatur,
947 2725 1259 2790 Periocha
1284 2748 1394 2792 sex
1425 2726 1745 2791 librorum
1770 2728 2019 2792 Daretis
2038 2726 2305 2816 Phrygii
2336 2748 2452 2814 per
2474 2725 2642 2788 Cor·

499 2831 742 2895 nelium
763 2833 1083 2920 Nepotem
1103 2832 1553 2920 interpretem,
1580 2856 1731 2898 cum
1757 2831 2311 2899 Pseudo-Pindari
2340 2831 2645 2919 Epitome

495 2937 710 3002 Iliadis
726 2987 744 3020 ,
775 2954 840 3003 et
864 2937 1129 3003 Homeri
1155 2939 1350 3004 Iliade
1377 2963 1456 3005 ex
1476 2940 1619 3006 Nic.
1638 2927 1840 3004 'Vallae
1861 2957 1927 3004 et
1948 2940 2137 3006 Vinc.
2166 2939 2469 3026 Obsopaei
2498 2959 2644 3000 ver·

499 3045 701 3107 sione.
738 3043 894 3109 Post
915 3044 1230 3107 Torinum
1261 3043 1462 3109 edidit
1489 3044 1807 3132 Georgius
1832 3044 2087 3108 Henich
2121 3043 2295 3106 inter
2314 3041 2469 3106 belli
2484 3039 2642 3102 Tro·

479 3149 642 3237 jani
656 3149 1338 3238 scriptoresptaeczp'lws
1354 3197 1374 3229 ‚
1405 3150 1589 3214 Basil.
1620 3148 1807 3236 1573,
1833 3147 1993 3227 in-8,
2014 3171 2141 3236 qua
2168 3147 2235 3209 in
2260 3145 2645 3210 collectione

502 3255 925 3318 continentur
957 3256 1180 3345 Dictys
1213 3256 1565 3339 Cretensis,
1599 3253 1854 3336 lib.VI,
1895 3256 2094 3318 Dares
2130 3251 2453 3342 Phrygius
2490 3253 2645 3315 Cor-

503 3360 674 3423 nelio
697 3359 952 3447 Nepote
973 3359 1347 3448 interprete,
1364 3361 1617 3426 Daretis
1636 3359 1899 3449 Phrygii
1928 3359 1995 3447 (i.
2018 3382 2075 3424 e.
2098 3359 2131 3423 J
2134 3358 2364 3445 osephi
2385 3357 2643 3444 Iscani),

502 3463 583 3528 de
600 3462 1056 3544 belloTrojano
1073 3465 1188 3530 lib.
1200 3467 1314 3548 VI,
1336 3489 1372 3530 a
1385 3469 1581 3531 Corn.
1601 3466 1853 3555 Nepote
1870 3465 2072 3531 latino
2084 3464 2371 3529 carmine
2386 3461 2643 3546 redditi,

503 3565 650 3630 Ilias
685 3565 952 3630 Homeri
975 3613 994 3645 ,
1031 3565 1172 3630 Nic.
1213 3567 1390 3631 Valla
1409 3617 1428 3649 ,
1470 3567 1654 3632 Vinc.
1688 3568 2011 3655 Obsopaeo
2046 3582 2109 3631 et
2140 3565 2411 3631 Eobano
2440 3567 2645 3630 Hesso

503 3671 891 3761 interprete3
922 3671 1206 3761 denique
1249 3672 1476 3739 Oratio
1519 3675 1763 3763 Ulyssis
1800 3673 1985 3764 legati
2028 3671 2108 3736 ad
2148 3671 2497 3752 Achillem,
2528 3695 2643 3736 au-

502 3793 681 3843 ctore
707 3776 986 3843 Aristide
1007 3827 1026 3858 ,
1071 3802 1149 3843 ex
1181 3801 1389 3868 graeco
1417 3781 1482 3844 in
1509 3780 1785 3844 latinum
1818 3800 2187 3844 sermonem
2215 3801 2252 3843 a
2277 3778 2374 3842 Jo.
2412 3779 2643 3842 Came·

503 3883 674 3945 rario
709 3905 1016 3948 conversa
1037 3933 1056 3967 ,
1089 3907 1241 3949 cum
1279 3887 1703 3974 responsione
1731 3884 1998 3950 Achillis
2043 3884 2314 3948 Libanio
2360 3897 2641 3947 auctore.

505 3985 726 4051 Tertia
757 3989 956 4054 editio
989 3990 1112 4054 sub
1147 3991 1398 4055 Daretis
1431 3991 1693 4082 Phrygii
1730 3992 1999 4074 nomine
2024 4007 2120 4053 est
2150 3989 2413 4054 Henrici
2440 3988 2645 4076 Spon-

508 4087 662 4151 dani
695 4089 778 4154 ad
813 4094 1054 4156 calcem
1088 4093 1302 4160 Iliadis
1337 4096 1608 4159 Homeri
1641 4117 1845 4184 graece
1880 4111 1945 4159 et
1978 4095 2173 4160 latine
2204 4093 2401 4176 editi,
2441 4091 2549 4158 cui
2580 4105 2645 4155 et
