2975 4684
983 391 1092 462 IN
1149 339 1839 462 ‘mammo-Nn

2343 392 2481 465 353

451 516 782 586 Orbatam
813 529 890 585 ut
914 515 1171 584 crucies
1197 539 1338 583 non
1365 515 1508 610 viso
1536 517 1817 610 pignore
1840 529 2142 586 matrem.

445 626 656 696 Vadis
680 626 748 694 in
767 649 954 694 arma
981 625 1189 713 ferox,
1213 622 1581 694 thalamum
1612 639 1979 720 natumque
2005 624 2406 720 relinquenS,
2438 654 2487 694 ⁵0

449 737 592 806 Nec
617 735 802 804 venit
827 735 900 802 in
925 747 1252 822 mentem,
1279 749 1609 827 quantum
1636 751 1972 804 mereatur
1997 761 2256 825 amore,

447 847 618 934 Quae
644 858 712 913 te
739 843 959 938 prima
983 845 1206 914 virum
1233 842 1476 914 collato
1502 859 1771 939 pectore
1798 844 1974 915 fecit.

445 959 514 1026 Is
539 955 626 1023 ad
651 951 826 1023 bella
852 951 1102 1041 libens,
1129 954 1245 1023 ubi
1275 954 1599 1048 quaeritur
1624 953 1765 1024 alea
1798 956 2065 1044 mortis,

445 1069 586 1139 Nec
611 1065 894 1160 spondet
920 1080 1170 1134 certam
1196 1063 1406 1133 tristis
1433 1062 1706 1134 Bellona
1733 1063 2049 1154 salutem3

441 1173 573 1242 Sed
601 1172 856 1242 Danais
883 1197 1106 1242 comes
1133 1197 1274 1244 esse
1302 1171 1521 1267 placet
1538 1227 1557 1262 ,
1583 1174 1973 1268 sociumque
2002 1175 2236 1272 pericli
2442 1198 2490 1236 ⁵⁵

451 1285 582 1351 Pro
610 1281 800 1351 famae
827 1280 1038 1351 titulis
1069 1280 1331 1352 meliori
1359 1283 1464 1378 adj
1474 1309 1721 1378 ungere
1748 1309 1993 1354 caussae
2020 1313 2037 1356 z

449 1391 717 1463 Scilicet
741 1409 820 1462 ut
847 1392 1094 1486 conjux
1119 1393 1320 1463 viduo
1350 1394 1671 1464 reddatur
1696 1395 1951 1482 Atridi,

447 1505 858 1574 Procumbat
885 1502 1034 1574 vilis
1061 1509 1472 1576 Teucrorum
1500 1506 1769 1576 victima
1798 1505 2123 1579 Achilles!

423 1766 506 1830 49.
535 1766 768 1814 orbatam
791 1777 848 1814 ue
871 1766 1054 1816 crucies
1069 1804 1084 1826 ‚
1104 1765 1178 1818 ita
1201 1765 1257 1817 in
1283 1763 1373 1817 Di-

348 1841 489 1894 vion.
517 1856 574 1893 ue
596 1841 856 1896 omittitur
871 1844 926 1896 in
949 1843 1166 1898 Salmas.
1194 1845 1370 1900 sched-

347 1932 404 1973 et
423 1921 547 1975 cod.
570 1921 721 1976 Leid.

380 2063 387 2070 ·
424 2001 508 2052 51.
571 2007 817 2068 Quantum
881 2017 1128 2054 mereatur
1181 2023 1366 2056 amore.

347 2079 678 2134 Schrader-us
706 2081 910 2148 legebat
945 2101 1159 2134 amorem
1177 2121 1194 2144 ‚
1224 2083 1370 2154 quod

349 2159 598 2229 equidem
617 2161 811 2232 probe,
825 2170 917 2214 aut
937 2176 1172 2227 quamam
1191 2181 1372 2214 merca-

347 2254 434 2290 tur
447 2257 647 2290 amor-ts.

423 2319 506 2370 52.
549 2323 735 2370 Collaeo
768 2333 1000 2387 pectore,
1059 2330 1139 2371 est
1178 2317 1368 2389 pudica

349 2397 636 2470 descriptio
679 2397 995 2451 concuBitue
1010 2438 1026 2462 ,
1062 2407 1122 2449 ut
1155 2397 1370 2452 Ovidius

347 2475 420 2528 de
437 2477 684 2548 Apolline
727 2474 994 2529 Coronida
1031 2475 1372 2530 interficiente

349 2557 570 2610 Metam.
591 2559 665 2622 11,
679 2561 781 2621 604
793 2575 809 2608 ε
823 2581 848 2600 α
861 2556 952 2608 illa
971 2575 1070 2608 sno
1083 2556 1235 2608 toties
1247 2574 1371 2608 cum

351 2649 566 2708 pectore
604 2640 785 2710 juncta
827 2633 1124 2688 Indevitato
1167 2634 1375 2707 trajecit

348 2727 564 2787 pectora
584 2715 690 2769 telo
705 2741 753 2769 n.
777 2714 928 2768 Idem
951 2715 1072 2768 Her.
1096 2715 1216 2781 XV,
1239 2732 1366 2783 191:

350 2801 462 2848 «At
488 2809 690 2868 quanto
715 2794 903 2848 melius
932 2794 1084 2866 jungi
1121 2811 1238 2846 mea
1273 2811 1370 2866 pe-

349 2890 497 2931 ctora
527 2890 702 2931 tecum
720 2917 736 2943 ,
763 2877 940 2941 Quam
966 2884 1210 2946 poterant
1235 2874 1372 2927 saxis

347 2954 725 3028 praecipitanda
774 2953 893 3006 dari
929 2980 972 3006 a.
1013 2983 1084 2997 --
1122 2953 1372 3008 Similiter

347 3037 569 3108 phrasin
595 3040 812 3105 jungere
841 3037 1009 3102 capita
1038 3031 1108 3086 de
1133 3039 1372 3086 Venerea

347 3115 735 3169 consuetudine
780 3113 1024 3185 usurpari
1075 3114 1372 3166 observavit

349 3194 410 3246 P.
437 3195 774 3247 Burmannus
801 3191 871 3245 ad
894 3193 1108 3245 Petron.
1138 3210 1251 3262 cap.
1281 3210 1374 3258 υ,

349 3293 405 3346 p.
436 3275 526 3343 73.
560 3274 663 3326 En.
681 3273 910 3325 —Aliaa
931 3287 1136 3340 peccora
1161 3274 1373 3340 pacton·-

349 3357 436 3403 bus
454 3357 643 3404 collata
656 3352 724 3406 de
736 3350 1088 3405 luctatoribus
1106 3348 1375 3415 dicuntur,

349 3430 510 3484 ovid.
537 3432 668 3484 Met.
686 3431 770 3482 VI
781 3471 796 3498 ‚
821 3437 938 3495 ²44·
959 3428 1105 3483 Illud
1121 3432 1375 3498 vianense-

349 3515 440 3572 σίε,
463 3523 680 3564 notante
698 3509 1004 3563 Burmanno
1021 3509 1076 3562 in
1093 3509 1346 3562 Mantissa
1357 3549 1372 3575 ,

349 3607 472 3641 cum
485 3589 796 3643 Graecorum
817 3587 980 3663 ἄνδρα.
997 3595 1152 3656 ποιεῖν
1171 3589 1376 3642 confert

350 3669 610 3723 Valcken.
634 3669 702 3722 ad
719 3669 900 3740 Eurip.
917 3669 1136 3740 Hippol.
1158 3687 1207 3721 v,
1222 3676 1343 3736 490.

395 3799 398 3802 ,
421 3750 512 3804 55.
550 3753 652 3800 Sed
669 3750 867 3799 Danais
887 3767 1050 3800 comes·
1069 3767 1177 3798 csse
1191 3751 1375 3814 placet.

349 3829 622 3882 Vitiosum
645 3827 752 3880 hoe
773 3828 850 3882 eie
875 3829 1094 3880 fortasse
1113 3826 1380 3896 corrigen-

1458 1765 1547 1820 Ad
1588 1767 1701 1820 hoc
1746 1771 2083 1821 Burmannus
2130 1767 2187 1820 iu
2236 1768 2487 1824 mantissa

1459 1857 1611 1899 notat
1634 1863 1651 1898 :
1694 1871 1717 1894 ι
1736 1851 1947 1898 Danaos
1984 1849 2243 1899 comitasse
2266 1847 2486 1902 Ouden-

1459 1922 1706 1996 don-pius:
1728 1925 1907 1978 malim
1946 1937 2121 1978 tamen
2159 1947 2319 1980 comes
2357 1932 2484 1980 isse.-

1457 2002 1607 2074 quod
1632 2023 1741 2057 non
1769 2016 1974 2058 tantum
2007 2023 2072 2057 ex
2106 2005 2251 2060 iuius
2268 2045 2285 2070 ,
2312 2008 2404 2060 sed
2433 2022 2485 2061 et

1458 2083 1761 2136 remotioris
1789 2083 1887 2136 aevi
1912 2102 2015 2136 usu
2043 2095 2121 2137 est
2144 2109 2169 2131 ι
2186 2126 2200 2137 .

1531 2163 1615 2216 56.
1639 2168 1733 2214 Ρη)
1762 2165 1931 2232 sama·
1972 2166 2152 2225 titulis,
2191 2163 2248 2216 h.
2296 2183 2342 2218 e.
2382 2184 2483 2236 -pro

1456 2240 1631 2295 inania
1658 2241 1812 2294 famae
1838 2253 1891 2294 et
1916 2241 2054 2294 tituli
2080 2242 2253 2314 pretio
2281 2243 2485 2297 socium

1457 2318 1577 2374 fieri
1614 2319 1910 2374 communie
1950 2320 2195 2391 periculi,
2230 2321 2373 2375 hello
2419 2343 2483 2376 eo

1458 2397 1738 2453 subeundi.
1752 2401 2083 2460 —Mcle'orcm
2107 2419 2337 2452 caussam
2360 2401 2489 2455 dicit

1455 2477 1763 2532 Graecorum
1780 2515 1797 2541 ,
1844 2489 1905 2530 ut
1947 2490 2133 2532 auctor
2178 2479 2371 2550 Elegiae
2417 2480 2483 2536 de

1458 2557 1675 2623 Maevio,
1706 2577 1759 2609 v.
1792 2558 1854 2610 13
1874 2595 1891 2622 ‚
1924 2559 2128 2610 meliora
2166 2572 2335 2610 castm
2358 2579 2483 2632 par-

1459 2635 1595 2687 tium
1616 2635 1863 2705 Augusti.

1535 2713 1619 2784 57.
1632 2717 1883 2765 Reddatur
1892 2718 2078 2776 Aer-idi,
2092 2733 2367 2786 perperam
2386 2737 2487 2789 pro

1463 2797 1670 2846 Atridae.

1533 2874 1618 2928 58.
1634 2875 1924 2925 Ρωσωηόαε
1934 2876 2052 2925 vilis
2072 2879 2377 2927 Teucrorum.
2398 2875 2484 2928 Sic

1458 2952 1661 3006 scheda
1698 2950 1911 3006 Divion.
1946 2964 2001 3005 et
2034 2952 2153 3005 cod.
2195 2952 2346 3008 Leid.
2390 2953 2483 3007 ced

1449 3036 1739 3098 procumbat
1762 3033 1909 3082 simiis
1938 3035 2227 3082 Teucrorum
2256 3031 2481 3086 Salmas.

1457 3108 1564 3164 sed
1596 3107 1919 3183 praeferenda
1956 3109 2107 3180 prior
2144 3107 2328 3172 lectio,
2357 3111 2483 3182 quia

1461 3191 1610 3242 εἰειιιίε
1631 3191 1741 3261 jam
1766 3189 1939 3241 adfuit
1954 3225 1973 3252 ,
1993 3200 2046 3241 et
2069 3199 2286 3260 propter
2312 3189 2487 3242 imita-

1461 3268 1659 3322 tionem
1684 3309 1699 3335 ,
1726 3287 1843 3340 qun
1878 3267 1969 3321 hic
1996 3279 2213 3341 apparet
2236 3307 2252 3332 ,
2272 3270 2488 3342 Virgilii

1461 3350 1583 3400 ΔΕΗ.
1614 3349 1691 3400 xl
1707 3388 1723 3413 ,
1749 3348 1847 3417 371
1868 3365 1883 3400 ε
1916 3347 2161 3401 -Scilicet
2179 3384 2196 3410 ,
2221 3360 2283 3400 ut
2298 3348 2487 3402 Turno

1460 3426 1733 3497 contingat
1779 3426 1920 3498 regia
1958 3428 2152 3498 conjux
2173 3463 2190 3491 ,
2230 3428 2339 3479 Nos
2374 3429 2487 3481 ani-

1461 3524 1562 3559 mo
1584 3505 1713 3559 viles
1731 3541 1747 3567 ,
1771 3504 2039 3558 inhumata
2069 3503 2355 3577 infletaque
2379 3517 2489 3560 tur-

1461 3587 1563 3649 ha,
1584 3584 1895 3638 Sternamur
1916 3583 2117 3657 campis
2132 3610 2177 3636 n.
2203 3583 2288 3637 Ad
2314 3603 2487 3638 exem-

1463 3665 1577 3736 plar
1599 3672 1685 3720 τοῦ
1714 3677 1989 3716 sternamur
2012 3661 2290 3716 retinenda
2319 3677 2373 3716 et
2396 3663 2487 3716 hic

1463 3744 1621 3796 lectio
1644 3741 1888 3795 codicum
1912 3745 2221 3801 Pmcumbae,
2246 3760 2349 3812 pro
2374 3759 2497 3814 quq,

1466 3824 1803 3876 Burmannus
1826 3819 1993 3874 edidit
2017 3823 2310 3872 Pmcumbet.
2334 3819 2493 3873 Simi·
2578 3855 2585 3862 ·

351 3907 484 3960 dum
521 3917 600 3960 eat
613 3945 630 3972 ,
655 3910 757 3958 Sed
791 3910 988 3958 Danais
1023 3909 1243 3957 comitem
1277 3923 1383 3954 esse
1469 3902 1594 3955 liter
1646 3903 1703 3954 in
1742 3902 1981 3972 Epitome
2021 3897 2201 3953 Iliadis
2238 3899 2486 3966 Homeri,

344 3990 546 4054 pIacee,
587 3987 872 4056 presertim
915 4003 1080 4057 quum
1113 3983 1300 4038 eadem
1327 3983 1382 4034 in
1469 4000 1631 4054 quam
1659 3981 1763 4033 hoc
1790 3979 2057 4034 volumine
2084 3978 2274 4033 damus
2292 4019 2307 4046 ,
2332 3997 2490 4033 versu

353 4065 754 4119 constructione
791 4076 1046 4138 pergatur
1105 4066 1385 4129 sociumque
1475 4061 1579 4125 264
1598 4101 1613 4125 ,
1647 4060 1845 4113 Hector
1890 4057 2129 4126 Paridem
2168 4059 2487 4131 objurgans:

344 4147 521 4211 pericli
582 4145 772 4200 meliori
831 4147 1110 4212 adjungere
1168 4160 1379 4194 caussoe.

603 4238 745 4302 III.

1475 4137 1653 4191 -Dum
1696 4142 1869 4211 jaceas
1914 4138 1969 4189 in
2016 4155 2195 4190 amore
2239 4149 2333 4191 tuo
2354 4179 2369 4204 ,
2398 4156 2495 4191 nos
2572 4132 2577 4143 ¹

2115 4226 2241 4320 23·
