2975 4684
456 345 594 416 228
871 343 1503 412 TESTIMONIA
1561 345 2164 414 AUCTORUM.

452 499 599 540 sum
629 472 907 555 videtur,
940 475 1045 538 vel
1076 496 1154 537 ex
1184 473 1323 538 solo
1350 471 1508 556 fine,
1555 473 1717 538 adeo
1743 473 2028 562 alioquin
2057 473 2285 554 dulce,
2329 473 2588 538 cultum

452 598 519 645 et
554 580 884 645 eruditum
903 626 922 661 ,
960 596 1037 644 ut
1077 580 1297 645 malim
1337 579 1475 643 aliis
1522 579 1716 656 tertio
1756 579 2214 668 prolixioribus
2257 593 2439 642 tanto
2481 601 2592 642 ca-

451 709 629 768 rere,
671 709 867 774 quam
914 685 1079 751 isto:
1138 683 1320 773 quod
1362 708 1517 749 sane
1561 708 1767 773 quum
1813 686 1936 750 viri
1985 685 2225 751 summi
2267 685 2606 774 Scaliger,

450 792 773 872 Pithoeus,
801 789 1069 871 Junius,
1101 791 1337 878 aliique
1363 789 1599 855 Ovidio
1631 807 1744 854 aut
1771 792 2036 856 Lucano
2068 790 2586 879 adscripserunt,

452 921 587 962 non
616 896 1138 978 considerarunt,
1168 897 1610 986 manuscripta
1646 897 2028 986 exemplaria
2059 897 2352 984 desipere
2381 896 2447 960 in
2489 913 2590 960 ta-

368 1037 377 1044 ·
451 1004 621 1068 libus
669 1002 936 1066 mirifice
962 999 1224 1067 'solerez
1286 1025 1494 1091 quum
1533 1003 1696 1067 nihil
1738 1003 1804 1066 in
1843 1003 2010 1091 stylo
2049 1003 2274 1091 scripti
2295 1053 2316 1084 ,
2361 1025 2481 1067 nec
2511 1003 2584 1066 in

452 1132 729 1198 persona
762 1109 1101 1172 scribentis
1134 1108 1251 1192 sit,
1294 1109 1474 1196 quod
1523 1111 1687 1174 ferre
1724 1110 1931 1199 p'ossit
1959 1110 2232 1174 alterum
2265 1131 2344 1172 ex
2373 1109 2516 1202 illis,

672 1285 831 1339 Plura
856 1285 1093 1352 Barthii,
1124 1297 1183 1338 ut
1218 1297 1269 1339 et
1305 1287 1553 1358 Scaliger-i
1581 1298 1632 1340 et
1661 1286 1859 1358 Lipsii,
1895 1287 2012 1339 loca
2041 1284 2111 1339 de
2143 1285 2244 1339 isto
2278 1286 2512 1339 carmine

738 1372 983 1426 dedimus
1004 1373 1058 1426 in
1084 1374 1345 1427 Prooemio
1370 1375 1489 1446 huj.
1512 1374 1642 1429 tomi
1667 1375 1772 1440 111,
1795 1393 1914 1446 pag.
1938 1381 2005 1444 47
2032 1393 2149 1447 sqq.
2169 1374 2273 1427 En.

527 1569 602 1632 V.
654 1569 819 1634 Gan.
866 1571 965 1634 Jo.
999 1570 1313 1651 VosSmS,
1363 1593 1447 1633 nn
1493 1571 1674 1634 H1sr.
1720 1570 1873 1636 Lar.
1923 1593 2050 1635 mn.
2101 1572 2168 1652 1,
2213 1594 2356 1635 cn.
2407 1571 2508 1636 26.

540 1757 783 1825 Lucani
808 1779 1074 1847 quoque
1096 1775 1194 1823 est
1218 1759 1646 1848 panegyricus
1680 1757 1765 1822 ad
1795 1760 2220 1848 Calpurnium
2247 1759 2580 1844 Pisonem,

453 1868 639 1948 cujus
672 1866 934 1930 initium
962 1889 978 1930 ε
1016 1867 1197 1931 Unde
1209 1868 1393 1954 prius
1418 1868 1624 1954 σαφεῖ.
1655 1866 1822 1930 Sane
1856 1866 1919 1928 in
1955 1866 2154 1930 veteri
2181 1865 2416 1931 scheda
2445 1891 2583 1932 ma·

452 1971 779 2061 nuscripta
820 1972 1059 2060 reperit
1094 1972 1374 2062 Scaliger
1410 1971 1732 2052 ejusmodi
1775 1969 2297 2060 inscriptionem,
2339 1975 2590 2038 Lucani

460 2077 828 2141 catalecton
862 2078 943 2140 de
984 2075 1177 2140 laude
1207 2077 1480 2140 Pisonis.
1531 2077 1680 2140 Piso
1711 2099 1866 2140 vero
1909 2076 2017 2140 hic
2053 2092 2151 2140 est
2188 2077 2278 2159 ia,
2323 2079 2438 2165 qui
2471 2076 2588 2143 ad-·

452 2203 675 2248 versus
711 2175 1041 2245 Neronem
1071 2181 1462 2268 conspiravit
1475 2228 1623 2245 .....
1671 2182 1884 2272 Vulgo
1933 2182 2168 2247 Ovidio
2207 2183 2276 2247 id
2321 2205 2580 2248 oermen

456 2287 807 2368 tribuitur3
860 2287 1051 2349 etiam
1085 2308 1123 2348 a
1162 2287 1302 2350 Car.
1328 2286 1596 2375 Sigonio
1631 2287 1700 2350 in
1740 2289 1933 2352 tertio
1966 2288 2046 2352 de
2090 2287 2391 2372 Iudiciis,
2441 2313 2580 2378 cap.

456 2391 781 2472 XXVIII,
810 2390 923 2454 ubi
954 2405 1027 2452 ut
1052 2387 1403 2454 Ovidianos
1431 2391 1586 2455 citat
1605 2392 1726 2456 hos
1747 2415 2004 2458 versus:
2045 2393 2168 2457 Seu
2198 2395 2464 2483 trqvidos
2493 2395 2590 2458 ad

436 2496 601 2584 jura
632 2495 873 2574 decem,
906 2510 1028 2559 etc.
1060 2494 1323 2558 Lucano
1353 2497 1526 2578 nulla
1561 2497 1811 2561 ratione
1838 2497 2114 2563 adscribi
2140 2499 2230 2564 ait
2249 2499 2581 2584 BarthiuS,

456 2601 617 2667 Adv.
646 2601 759 2666 lib.
788 2601 1034 2683 XLIX,
1073 2624 1209 2689 cap.
1236 2625 1298 2689 7.
1333 2601 1463 2668 Sed
1499 2626 1649 2668 eum
1686 2603 2022 2688 refellunt,
2055 2629 2200 2694 quae
2234 2604 2534 2671 diximus.

544 2845 652 2912 Vl.
702 2845 942 2909 Fame.
991 2845 1498 2909 Ounannoarms
1558 2867 1624 2909 u«
1683 2868 1997 2910 annornm.
2043 2847 2105 2908 X
2162 2870 2247 2910 An
2291 2871 2491 2912 vinu

633 2952 886 3017 Lucam
947 2976 986 3015 n
1055 2961 1521 3016 commum-uuo
1579 2974 2072 3033 Aurrquissnm,
2123 2975 2302 3030 quau
2365 2954 2492 3016 Lu·

630 3082 800 3127 cauo
848 3082 1173 3124 rnffimrsrr.

550 3253 749 3335 Quod
800 3254 1032 3318 attinet
1074 3253 1157 3318 ad
1204 3277 1463 3319 carmen
1510 3256 1738 3320 incerti
1781 3255 2060 3318 auctoris
2104 3253 2188 3320 ad
2231 3256 2532 3321 Pisonem
2561 3305 2580 3338 ‚

458 3381 869 3446 nequaquam
926 3381 1049 3447 ego
1098 3375 1323 3448 putem
1366 3383 1518 3425 cum
1560 3363 1915 3450 Scaligem,
1959 3361 2043 3425 H.
2082 3361 2278 3426 Junio
2320 3379 2384 3426 et
2413 3363 2489 3428 G.
2523 3365 2580 3428 J.

458 3464 691 3529 Vossio
713 3512 732 3545 ,
782 3464 1045 3528 Lucano
1095 3483 1320 3530 nostro
1365 3466 1864 3532 adscribendum
1905 3490 2088 3534 esse:
2147 3490 2346 3556 quare
2389 3469 2582 3533 etiam

458 3571 568 3634 hic
594 3568 881 3658 imprimi
915 3592 1049 3633 non
1070 3571 1233 3651 jussi
1270 3570 1357 3636 ob
1391 3573 1708 3655 rationeS,
1741 3597 1900 3661 quas
1933 3573 2169 3653 validas
2201 3575 2352 3639 satis
2379 3573 2584 3640 addu-

458 3693 697 3741 xerunt
737 3675 1067 3758 Barthius,
1118 3677 1542 3767 Dempsterus
1593 3678 1675 3742 ad
1729 3681 2048 3744 Rosinum
2067 3729 2086 3762 ,
2141 3679 2470 3745 Fabricius
2511 3681 2581 3744 in

459 3781 855 3846 Bibliotheca
895 3782 1142 3848 Latina.
1194 3785 1411 3872 Stylus
1462 3785 1656 3849 etiam
1707 3785 1846 3866 ejus
1898 3785 2200 3849 carminis
2237 3785 2582 3876 languidus

460 3906 528 3954 et
566 3910 797 3977 repens
834 3909 869 3952 a
914 3890 1106 3980 genio
1134 3890 1379 3955 Lucani
1409 3892 1613 3956 nostri
1638 3891 1800 3956 adeo
1835 3893 2081 3956 alienus
2115 3906 2240 3973 est,
2274 3907 2352 3956 ut
2393 3891 2584 3956 dubi-

457 4011 593 4058 tare
630 3993 737 4057 vix
772 4017 1041 4082 queam,
1089 3997 1252 4085 quin
1297 3997 1427 4061 hoc
1468 4019 1726 4062 carmen
1774 3998 1972 4061 alium
2014 3997 2340 4086 quemvis,
2383 4020 2581 4086 quam

456 4101 791 4166 Lucanum
810 4149 829 4184 ,
861 4102 1093 4170 habeat
1118 4119 1448 4170 auctorem
1465 4151 1487 4189 ,
1531 4104 1749 4170 forsan
1781 4105 2078 4170 Statium.
