2975 4684
612 413 739 485 182
1302 409 1840 480 EXCURSUS
1904 413 2007 481 IV

596 535 681 598 rit
698 558 717 617 3
734 515 837 615 ut,
862 531 1023 596 Ecce
1048 551 1269 594 manus
1280 531 1601 620 juveneta,
1621 543 1741 596 etc.
1769 533 2167 612 Uer-immam,
2193 531 2375 621 quod
2401 555 2480 597 ex
2499 532 2714 598 verbis

592 637 996 726 vulgatarmn
1018 654 1241 696 verum
1262 635 1518 721 impetus
1541 631 1859 714 formavit,
1881 633 2177 722 intelligit
2193 634 2330 722 ipse
2350 632 2435 698 de
2455 632 2714 698 duobus

592 735 944 801 crateribus
959 785 977 818 ‚
1000 757 1035 798 e
1054 733 1291 822 quibus
1316 735 1497 823 ignes
1520 751 1880 824 erumpant.
1903 736 2198 801 Gorallus
2217 735 2483 824 quidem
2499 757 2718 799 emen-

592 836 804 902 datam
854 836 1153 925 Scaligeri
1206 835 1552 901 lectionem
1607 838 1882 902 maxima
1924 858 2000 902 ex
2032 853 2211 926 parte
2257 836 2520 926 recipit3
2555 835 2716 902 illud

476 985 485 990 -
594 953 850 1002 tantum
876 931 1292 1028 pmculfide,
1325 953 1401 999 ut
1430 935 1797 1001 inauditum
1831 953 1899 1002 et
1936 937 2018 1003 ab
2051 939 2180 1002 hoc
2212 939 2356 1003 loco
2395 939 2713 1020 alienum,

590 1039 831 1104 rectius
860 1053 1069 1102 mutat
1094 1037 1161 1099 in
1176 1037 1411 1124 procul
1432 1038 1587 1100 vide
1599 1062 1626 1118 ‚·
1651 1055 1716 1103 et
1742 1041 1999 1120 fatetur,
2023 1061 2096 1102 re
2113 1061 2260 1102 vera
2295 1053 2551 1128 poetam
2571 1087 2592 1121 ‚
2617 1063 2716 1102 ra·

589 1139 1017 1204 tiocinatione
1060 1137 1279 1202 subito
1330 1137 1566 1202 omissa
1586 1187 1605 1220 ,
1656 1141 1838 1226 quasi
1879 1162 2158 1228 praesens
2191 1140 2286 1204 rei
2321 1137 2574 1204 adesset
2596 1188 2616 1221 ,
2655 1155 2719 1203 et

587 1240 829 1330 lapides
874 1238 1172 1304 ardentes
1227 1261 1306 1302 ex
1357 1261 1610 1304 summa
1648 1240 1850 1306 AEtna
1884 1239 2184 1305 cadentes
2219 1241 2448 1330 procul
2489 1264 2525 1305 e
2573 1257 2718 1305 tuto

472 1375 479 1380 ·
588 1343 751 1408 colle
769 1340 1018 1406 videret
1030 1389 1051 1423 ‚
1076 1340 1457 1428 intentoque
1476 1339 1681 1430 digito
1700 1340 2094 1424 ostenderet,
2114 1345 2464 1410 exclamare
2483 1343 2726 1407 Procul

587 1467 725 1508 ecce
756 1443 907 1507 vide
927 1490 947 1522 ,
969 1441 1204 1531 procul
1227 1464 1364 1505 ecce
1398 1456 1642 1507 ruentes
1677 1446 1869 1531 ignes·
1901 1444 2212 1509 Praeterea
2246 1443 2408 1508 illud
2436 1445 2720 1509 atr-hmo-

586 1567 694 1609 cus
724 1545 1025 1634 Scaligeri
1061 1565 1195 1606 non
1228 1541 1311 1606 de
1345 1542 1607 1608 duobus
1645 1545 1998 1610 crateribus
2017 1591 2035 1626 ‚
2064 1543 2179 1610 sed
2212 1543 2296 1610 de
2331 1541 2604 1609 duobus
2633 1544 2717 1608 la·

588 1646 849 1735 pidibus
914 1645 1084 1709 inter
1150 1667 1219 1707 se
1275 1645 1510 1709 collisis
1526 1693 1545 1726 ‚
1583 1661 1652 1708 et
1711 1645 2013 1711 scintillas
2077 1643 2524 1710 emittentibus
2581 1644 2720 1708 vult

585 1749 962 1837 intelligere.
1010 1747 1208 1810 Plane
1256 1746 1438 1810 aliter
1479 1746 1660 1810 hunc
1702 1747 1921 1811 locum
1971 1762 2035 1811 et
2083 1744 2271 1836 fingit
2311 1759 2377 1809 et
2416 1745 2722 1834 intelligit

586 1850 943 1914 Dorvillius
972 1849 1041 1912 in
1073 1848 1337 1929 Siculis,
1364 1870 1504 1937 cap.
1527 1848 1704 1929 xjv,
1727 1871 1870 1938 pag.
1904 1847 2064 1934 239,
2105 1863 2170 1912 et
2203 1847 2534 1937 ingeniosa
2571 1846 2722 1934 qui-

596 1951 779 2033 dem,
820 1950 933 2016 sed
954 1999 971 2034 ,
1017 1967 1095 2014 ut
1130 1972 1251 2040 ego
1303 1950 1557 2039 opinor,
1601 1950 1817 2014 minus
1857 1949 2173 2038 probabili
2209 1949 2584 2031 conjectura
2629 1947 2721 2012 sic

585 2052 933 2142 legendum
985 2052 1242 2115 statuit:

882 2269 1070 2283 ......
1080 2219 1270 2303 Procul
1300 2242 1407 2284 este
1430 2229 1619 2299 sudes,
1645 2231 1829 2304 procul
1852 2242 1959 2284 este
1984 2229 2240 2284 tridentes
2262 2251 2275 2284 :

867 2315 1132 2368 Incolumi
1156 2316 1363 2367 fervore
1390 2314 1541 2367 cadet
1569 2315 1713 2368 ferus
1735 2315 1963 2386 impetus
1983 2312 2118 2386 ignis
2134 2351 2150 2378 ,

870 2397 955 2453 Sic
980 2396 1192 2450 fumans
1218 2395 1488 2470 quondam
1510 2409 1571 2450 ut
1595 2398 1738 2470 ripas
1762 2398 2032 2472 trajecerit
2057 2399 2227 2451 amnis
2244 2435 2260 2462 ,
2279 2409 2385 2452 etc.

588 2590 736 2677 Ipse
770 2589 861 2652 sic
896 2587 1198 2676 explicat:
1225 2586 1404 2652 Nihil
1440 2609 1606 2676 opus
1650 2606 1748 2654 est
1781 2589 2052 2654 sudibus
2095 2607 2162 2654 et
2201 2588 2593 2656 tridentibus
2639 2591 2721 2656 ad

589 2689 992 2778 dissipandos
1038 2690 1239 2778 ignes.
1287 2690 1467 2755 Licet
1509 2713 1646 2754 non
1691 2691 2030 2757 tentaveris
2077 2694 2292 2782 ignem
2339 2691 2719 2777 detrudere,

590 2814 706 2881 per
722 2815 790 2855 se
810 2790 1156 2855 sedabitur.
1185 2792 1415 2856 Amnis
1436 2791 1546 2856 hic
1565 2792 1815 2880 igneus,
1834 2793 2028 2858 simul
2049 2817 2124 2858 ac
2145 2793 2312 2881 ripas
2335 2795 2488 2858 olim
2517 2809 2723 2859 trans-

590 2917 843 2984 gressus
874 2893 1073 2957 fuerit
1102 2909 1167 2956 et
1200 2893 1587 2982 obriguerit,
1615 2909 1806 2958 tantae
1833 2895 2169 2960 soliditatis
2195 2895 2455 2959 futurus
2479 2910 2608 2976 est,
2645 2912 2723 2960 ut

591 2996 813 3059 cuneis
835 3043 851 3076 ,
883 2994 1127 3059 nedum
1174 2993 1445 3057 sudibus
1485 3009 1551 3058 et
1589 2995 1816 3078 furcis,
1853 3013 2130 3084 nequeat
2171 2997 2476 3062 exscindi.
2517 2998 2720 3062 Plane

594 3097 711 3160 alia
739 3096 937 3186 igitur
961 3097 1027 3159 in
1066 3096 1244 3160 hisce
1281 3094 1573 3160 versibus
1609 3098 1838 3184 quaerit
1861 3097 2238 3179 Dorvillius,
2266 3096 2380 3161 sed
2405 3097 2460 3162 si
2489 3113 2720 3162 caetera

593 3199 782 3262 etiam
806 3199 1281 3286 permittamus,
1302 3213 1474 3262 certe
1501 3220 1725 3262 versus
1755 3197 2021 3264 secundi
2043 3198 2357 3265 correctio
2387 3214 2553 3262 stare
2577 3221 2718 3262 non

591 3314 838 3389 potest,
868 3321 942 3362 ea
971 3299 1371 3387 conjungens
1389 3348 1406 3380 ,
1437 3322 1582 3385 quae
1622 3299 1939 3364 contraria
1979 3322 2173 3364 sensu
2203 3315 2375 3364 sunt.
2406 3299 2575 3363 Nam
2611 3299 2716 3363 in-

590 3399 861 3464 columis
913 3401 1124 3462 fervor
1166 3421 1297 3463 non
1348 3400 1655 3462 convenit
1699 3422 1850 3463 cum
1897 3399 2166 3464 cadente
2211 3401 2380 3490 ignis
2425 3400 2715 3488 impetu,

590 3520 655 3567 et
693 3501 897 3566 sedari
934 3501 1098 3590 ignis
1144 3523 1276 3565 non
1312 3517 1562 3590 potest,
1602 3501 1719 3564 ubi
1770 3501 2112 3566 incolumis
2155 3501 2292 3583 ejus
2335 3503 2551 3565 fervor
2594 3517 2714 3568 est.

589 3605 857 3668 Minime
908 3603 1200 3666 omnium
1247 3602 1327 3667 de
1368 3601 1699 3666 sedatione
1743 3602 1954 3692 aliqua
1999 3619 2112 3667 aut
2153 3601 2571 3691 dissipatione
2613 3602 2716 3692 ig-

592 3707 775 3768 nium
821 3725 1033 3768 sermo
1072 3719 1169 3766 est
1188 3751 1206 3782 ,
1228 3702 1343 3766 sed
1369 3705 1584 3791 potius
1611 3703 1693 3768 de
1725 3704 2289 3770 vehementissima
2333 3726 2560 3769 eorum
2598 3727 2716 3770 vo-

590 3807 901 3870 lutatione
920 3855 939 3884 ,
974 3823 1051 3869 ut
1098 3805 1400 3894 deinceps
1442 3805 1654 3870 verbis
1695 3807 1878 3872 aliter
1925 3807 2287 3871 constitutis
2324 3805 2712 3870 videbimus.

592 3908 881 3972 Tertium
925 3923 988 3971 et
1032 3922 1332 3993 quartum
1374 3930 1634 3971 versum
1677 3909 1769 3972 sic
1811 3909 2150 3973 constituit
2195 3909 2502 3998 Scaliger:

873 4079 960 4131 Sic
986 4081 1213 4138 fumant,
1236 4077 1504 4150 quondam
1533 4091 1590 4131 ut
1628 4080 1771 4151 ripas
1799 4080 2060 4152 trajecerit
2087 4080 2255 4132 amnis

870 4161 975 4214 vix
996 4163 1213 4233 junctus
1232 4181 1246 4228 ;
1284 4162 1566 4234 quisquam
1595 4163 1686 4216 vix
1708 4164 1840 4218 olim
1862 4165 2068 4217 noverit
2091 4162 2225 4217 illas.
