<?xml version="1.0" encoding="UTF-8"?>
<!DOCTYPE html PUBLIC "-//W3C//DTD XHTML 1.0 Transitional//EN"
    "http://www.w3.org/TR/xhtml1/DTD/xhtml1-transitional.dtd">
<html xmlns="http://www.w3.org/1999/xhtml" xml:lang="en" lang="en">
 <head>
  <title>
</title>
<meta http-equiv="Content-Type" content="text/html;charset=utf-8" />
  <meta name='ocr-system' content='tesseract 3.04.00' />
  <meta name='ocr-capabilities' content='ocr_page ocr_carea ocr_par ocr_line ocrx_word'/>
</head>
<body>
  <div class='ocr_page' id='page_1' title='image "./poetaelatinimin00unkngoog_0101.png"; bbox 0 0 2975 4684; ppageno 0'>
   <div class='ocr_carea' id='block_1_1' title="bbox 449 374 543 446">
    <p class='ocr_par' dir='ltr' id='par_1_1' title="bbox 449 374 543 446">
     <span class='ocr_line' id='line_1_1' title="bbox 449 374 543 446; baseline 0 -24"><span class='ocrx_word' id='word_1_1' title='bbox 449 374 543 446; x_wconf 78' lang='lat'><strong>92</strong></span> 
     </span>
    </p>
   </div>
   <div class='ocr_carea' id='block_1_2' title="bbox 1046 357 1990 430">
    <p class='ocr_par' dir='ltr' id='par_1_2' title="bbox 1046 357 1990 430">
     <span class='ocr_line' id='line_1_2' title="bbox 1046 357 1990 430; baseline 0.002 -6"><span class='ocrx_word' id='word_1_2' title='bbox 1046 357 1453 428; x_wconf 89' lang='lat' dir='ltr'>LUCILII</span> <span class='ocrx_word' id='word_1_3' title='bbox 1509 357 1990 430; x_wconf 80' lang='lat' dir='ltr'><strong>JUNIORIS</strong></span> 
     </span>
    </p>
   </div>
   <div class='ocr_carea' id='block_1_3' title="bbox 546 474 2244 685">
    <p class='ocr_par' dir='ltr' id='par_1_3' title="bbox 546 474 2244 685">
     <span class='ocr_line' id='line_1_3' title="bbox 546 474 2096 574; baseline 0.005 -33"><span class='ocrx_word' id='word_1_4' title='bbox 546 474 817 542; x_wconf 86' lang='lat' dir='ltr'><strong>Mentiti</strong></span> <span class='ocrx_word' id='word_1_5' title='bbox 855 488 1033 546; x_wconf 74' lang='lat' dir='ltr'><strong>vates</strong></span> <span class='ocrx_word' id='word_1_6' title='bbox 1064 477 1327 573; x_wconf 70' lang='lat' dir='ltr'><strong>Stygias</strong></span> <span class='ocrx_word' id='word_1_7' title='bbox 1362 478 1712 574; x_wconf 72' lang='lat' dir='ltr'><strong>undasque</strong></span> <span class='ocrx_word' id='word_1_8' title='bbox 1749 502 2096 572; x_wconf 67' lang='lat' dir='ltr'><strong>canesque.</strong></span> 
     </span>
     <span class='ocr_line' id='line_1_4' title="bbox 547 584 2244 685; baseline 0.002 -33"><span class='ocrx_word' id='word_1_9' title='bbox 547 584 635 653; x_wconf 88' lang='lat' dir='ltr'><strong>Hi</strong></span> <span class='ocrx_word' id='word_1_10' title='bbox 672 585 917 680; x_wconf 81' lang='lat' dir='ltr'>Tityon</span> <span class='ocrx_word' id='word_1_11' title='bbox 948 601 1203 683; x_wconf 81' lang='lat' dir='ltr'><strong>septem</strong></span> <span class='ocrx_word' id='word_1_12' title='bbox 1242 603 1540 660; x_wconf 77' lang='lat' dir='ltr'><strong>stravere</strong></span> <span class='ocrx_word' id='word_1_13' title='bbox 1573 591 1642 660; x_wconf 88' lang='lat' dir='ltr'><strong>in</strong></span> <span class='ocrx_word' id='word_1_14' title='bbox 1667 590 1906 685; x_wconf 77' lang='lat' dir='ltr'><strong>jugera</strong></span> <span class='ocrx_word' id='word_1_15' title='bbox 1943 587 2193 660; x_wconf 81' lang='lat' dir='ltr'><strong>foedum</strong></span> <span class='ocrx_word' id='word_1_16' title='bbox 2229 615 2244 656; x_wconf 73' lang='grc' dir='ltr'><strong>ε</strong></span> 
     </span>
    </p>
   </div>
   <div class='ocr_carea' id='block_1_4' title="bbox 547 691 2262 794">
    <p class='ocr_par' dir='ltr' id='par_1_4' title="bbox 547 691 2262 794">
     <span class='ocr_line' id='line_1_5' title="bbox 547 691 2262 794; baseline 0.004 -33"><span class='ocrx_word' id='word_1_17' title='bbox 547 691 929 766; x_wconf 76' lang='lat' dir='ltr'><strong>Sollicitam</strong></span> <span class='ocrx_word' id='word_1_18' title='bbox 962 711 1201 793; x_wconf 82' lang='lat' dir='ltr'><strong>stagno</strong></span> <span class='ocrx_word' id='word_1_19' title='bbox 1236 713 1305 768; x_wconf 87' lang='lat' dir='ltr'><strong>te</strong></span> <span class='ocrx_word' id='word_1_20' title='bbox 1344 699 1598 770; x_wconf 86' lang='lat' dir='ltr'><strong>circum</strong></span> <span class='ocrx_word' id='word_1_21' title='bbox 1619 753 1638 787; x_wconf 90' lang='lat'>‚</span> <span class='ocrx_word' id='word_1_22' title='bbox 1671 698 1984 779; x_wconf 74' lang='lat' dir='ltr'><strong>Tantale..</strong></span> <span class='ocrx_word' id='word_1_23' title='bbox 2026 698 2262 794; x_wconf 85' lang='lat' dir='ltr'><strong>pleno,</strong></span> 
     </span>
    </p>
   </div>
   <div class='ocr_carea' id='block_1_5' title="bbox 436 901 1483 4146">
    <p class='ocr_par' dir='ltr' id='par_1_5' title="bbox 442 901 1482 2463">
     <span class='ocr_line' id='line_1_6' title="bbox 518 901 1477 982; baseline 0.004 -30"><span class='ocrx_word' id='word_1_24' title='bbox 518 917 605 982; x_wconf 79' lang='lat'><strong>77.</strong></span> <span class='ocrx_word' id='word_1_25' title='bbox 634 903 835 952; x_wconf 65' lang='lat' dir='ltr'><strong>Mentiri</strong></span> <span class='ocrx_word' id='word_1_26' title='bbox 866 916 1011 954; x_wconf 75' lang='lat' dir='ltr'><strong>vates</strong></span> <span class='ocrx_word' id='word_1_27' title='bbox 1058 905 1267 974; x_wconf 57' lang='lat' dir='ltr'><strong>Stygias.</strong></span> <span class='ocrx_word' id='word_1_28' title='bbox 1310 901 1477 956; x_wconf 70' lang='lat' dir='ltr'><strong>Scali-</strong></span> 
     </span>
     <span class='ocr_line' id='line_1_7' title="bbox 447 981 1474 1055; baseline 0.004 -23"><span class='ocrx_word' id='word_1_29' title='bbox 447 997 542 1050; x_wconf 75' lang='lat' dir='ltr'><strong>ger</strong></span> <span class='ocrx_word' id='word_1_30' title='bbox 562 999 710 1032; x_wconf 76' lang='lat' dir='ltr'><strong>naves</strong></span> <span class='ocrx_word' id='word_1_31' title='bbox 728 983 919 1049; x_wconf 59' lang='lat' dir='ltr'><strong>Stygias</strong></span> <span class='ocrx_word' id='word_1_32' title='bbox 932 981 1048 1035; x_wconf 81' lang='lat' dir='ltr'><strong>vult</strong></span> <span class='ocrx_word' id='word_1_33' title='bbox 1061 1019 1077 1046; x_wconf 86' lang='lat'><strong>,</strong></span> <span class='ocrx_word' id='word_1_34' title='bbox 1090 994 1141 1035; x_wconf 85' lang='lat' dir='ltr'><strong>et</strong></span> <span class='ocrx_word' id='word_1_35' title='bbox 1155 1001 1247 1054; x_wconf 87' lang='lat' dir='ltr'><strong>per</strong></span> <span class='ocrx_word' id='word_1_36' title='bbox 1266 981 1474 1055; x_wconf 76' lang='lat' dir='ltr'><strong>Stygias</strong></span> 
     </span>
     <span class='ocr_line' id='line_1_8' title="bbox 446 1058 1474 1136; baseline 0.006 -27"><span class='ocrx_word' id='word_1_37' title='bbox 446 1076 593 1110; x_wconf 77' lang='lat' dir='ltr'><strong>canes</strong></span> <span class='ocrx_word' id='word_1_38' title='bbox 621 1058 941 1115; x_wconf 72' lang='lat' dir='ltr'>Eumenides</span> <span class='ocrx_word' id='word_1_39' title='bbox 962 1073 1113 1134; x_wconf 77' lang='lat' dir='ltr'><strong>putat</strong></span> <span class='ocrx_word' id='word_1_40' title='bbox 1142 1080 1205 1115; x_wconf 83' lang='lat' dir='ltr'><strong>ex</strong></span> <span class='ocrx_word' id='word_1_41' title='bbox 1222 1061 1474 1136; x_wconf 73' lang='lat' dir='ltr'><strong>AEschylo</strong></span> 
     </span>
     <span class='ocr_line' id='line_1_9' title="bbox 445 1136 1474 1214; baseline 0.005 -25"><span class='ocrx_word' id='word_1_42' title='bbox 445 1136 829 1208; x_wconf 72' lang='lat' dir='ltr'><strong>intelligendas.</strong></span> <span class='ocrx_word' id='word_1_43' title='bbox 849 1139 965 1212; x_wconf 83' lang='lat' dir='ltr'><strong>Ego</strong></span> <span class='ocrx_word' id='word_1_44' title='bbox 980 1161 1159 1192; x_wconf 76' lang='lat' dir='ltr'><strong>canum</strong></span> <span class='ocrx_word' id='word_1_45' title='bbox 1170 1140 1474 1214; x_wconf 80' lang='lat' dir='ltr'><strong>Stygiorum</strong></span> 
     </span>
     <span class='ocr_line' id='line_1_10' title="bbox 445 1217 1476 1292; baseline 0.005 -22"><span class='ocrx_word' id='word_1_46' title='bbox 445 1217 665 1271; x_wconf 85' lang='lat' dir='ltr'><strong>nomine</strong></span> <span class='ocrx_word' id='word_1_47' title='bbox 684 1259 700 1286; x_wconf 88' lang='lat'>,</span> <span class='ocrx_word' id='word_1_48' title='bbox 729 1218 831 1272; x_wconf 77' lang='lat' dir='ltr'><strong>nisi</strong></span> <span class='ocrx_word' id='word_1_49' title='bbox 853 1221 1115 1274; x_wconf 70' lang='lat' dir='ltr'><strong>Cerberus</strong></span> <span class='ocrx_word' id='word_1_50' title='bbox 1135 1221 1327 1292; x_wconf 73' lang='lat' dir='ltr'><strong>triceps</strong></span> <span class='ocrx_word' id='word_1_51' title='bbox 1355 1221 1476 1274; x_wconf 74' lang='lat' dir='ltr'><strong>satie</strong></span> 
     </span>
     <span class='ocr_line' id='line_1_11' title="bbox 448 1298 1477 1376; baseline 0.002 -24"><span class='ocrx_word' id='word_1_52' title='bbox 448 1308 560 1362; x_wconf 67' lang='lat' dir='ltr'><strong>est,</strong></span> <span class='ocrx_word' id='word_1_53' title='bbox 586 1298 745 1352; x_wconf 76' lang='lat' dir='ltr'><strong>etiam</strong></span> <span class='ocrx_word' id='word_1_54' title='bbox 768 1298 1030 1353; x_wconf 87' lang='lat' dir='ltr'><strong>Orthrum</strong></span> <span class='ocrx_word' id='word_1_55' title='bbox 1056 1300 1329 1376; x_wconf 78' lang='lat' dir='ltr'><strong>bicipitem</strong></span> <span class='ocrx_word' id='word_1_56' title='bbox 1356 1319 1477 1354; x_wconf 85' lang='lat' dir='ltr'><strong>cen·</strong></span> 
     </span>
     <span class='ocr_line' id='line_1_12' title="bbox 448 1377 1479 1452; baseline 0.004 -22"><span class='ocrx_word' id='word_1_57' title='bbox 448 1396 540 1432; x_wconf 76' lang='lat' dir='ltr'><strong>seo</strong></span> <span class='ocrx_word' id='word_1_58' title='bbox 558 1377 929 1452; x_wconf 78' lang='lat' dir='ltr'><strong>accipiendum</strong></span> <span class='ocrx_word' id='word_1_59' title='bbox 949 1418 966 1445; x_wconf 89' lang='lat'><strong>,</strong></span> <span class='ocrx_word' id='word_1_60' title='bbox 995 1399 1153 1452; x_wconf 81' lang='lat' dir='ltr'><strong>quem</strong></span> <span class='ocrx_word' id='word_1_61' title='bbox 1174 1399 1361 1436; x_wconf 77' lang='lat' dir='ltr'><strong>canem</strong></span> <span class='ocrx_word' id='word_1_62' title='bbox 1378 1381 1479 1434; x_wconf 89' lang='lat' dir='ltr'><strong>Ge-</strong></span> 
     </span>
     <span class='ocr_line' id='line_1_13' title="bbox 448 1457 1479 1532; baseline 0.004 -22"><span class='ocrx_word' id='word_1_63' title='bbox 448 1476 633 1530; x_wconf 71' lang='lat' dir='ltr'><strong>ryonae</strong></span> <span class='ocrx_word' id='word_1_64' title='bbox 646 1496 663 1521; x_wconf 87' lang='lat'>‚</span> <span class='ocrx_word' id='word_1_65' title='bbox 684 1468 734 1510; x_wconf 83' lang='lat' dir='ltr'><strong>et</strong></span> <span class='ocrx_word' id='word_1_66' title='bbox 750 1457 935 1511; x_wconf 76' lang='lat' dir='ltr'><strong>iisdem</strong></span> <span class='ocrx_word' id='word_1_67' title='bbox 950 1499 966 1526; x_wconf 88' lang='lat'><strong>,</strong></span> <span class='ocrx_word' id='word_1_68' title='bbox 979 1459 1175 1532; x_wconf 73' lang='lat' dir='ltr'><strong>quibus</strong></span> <span class='ocrx_word' id='word_1_69' title='bbox 1192 1460 1479 1524; x_wconf 71' lang='lat' dir='ltr'><strong>Cerberus,</strong></span> 
     </span>
     <span class='ocr_line' id='line_1_14' title="bbox 449 1539 1481 1612; baseline 0.002 -22"><span class='ocrx_word' id='word_1_70' title='bbox 449 1539 762 1612; x_wconf 75' lang='lat' dir='ltr'><strong>parentibus</strong></span> <span class='ocrx_word' id='word_1_71' title='bbox 786 1551 965 1592; x_wconf 86' lang='lat' dir='ltr'><strong>ortum</strong></span> <span class='ocrx_word' id='word_1_72' title='bbox 982 1576 1001 1602; x_wconf 85' lang='lat'>‚</span> <span class='ocrx_word' id='word_1_73' title='bbox 1020 1539 1270 1593; x_wconf 86' lang='lat' dir='ltr'><strong>comitem</strong></span> <span class='ocrx_word' id='word_1_74' title='bbox 1288 1540 1481 1592; x_wconf 83' lang='lat' dir='ltr'><strong>Cerbe-</strong></span> 
     </span>
     <span class='ocr_line' id='line_1_15' title="bbox 448 1616 1479 1690; baseline 0.002 -22"><span class='ocrx_word' id='word_1_75' title='bbox 448 1635 515 1669; x_wconf 84' lang='lat' dir='ltr'><strong>ro</strong></span> <span class='ocrx_word' id='word_1_76' title='bbox 550 1616 693 1690; x_wconf 78' lang='lat' dir='ltr'><strong>apud</strong></span> <span class='ocrx_word' id='word_1_77' title='bbox 727 1618 925 1672; x_wconf 76' lang='lat' dir='ltr'><strong>inferos</strong></span> <span class='ocrx_word' id='word_1_78' title='bbox 951 1616 1156 1671; x_wconf 84' lang='lat' dir='ltr'><strong>addunt</strong></span> <span class='ocrx_word' id='word_1_79' title='bbox 1190 1630 1374 1690; x_wconf 67' lang='lat' dir='ltr'><strong>poeto.</strong></span> <span class='ocrx_word' id='word_1_80' title='bbox 1404 1618 1479 1674; x_wconf 83' lang='lat' dir='ltr'><strong>Si-</strong></span> 
     </span>
     <span class='ocr_line' id='line_1_16' title="bbox 447 1693 1475 1770; baseline 0.004 -22"><span class='ocrx_word' id='word_1_81' title='bbox 447 1693 553 1748; x_wconf 76' lang='lat' dir='ltr'><strong>lius</strong></span> <span class='ocrx_word' id='word_1_82' title='bbox 593 1697 709 1750; x_wconf 81' lang='lat' dir='ltr'><strong>Ital.</strong></span> <span class='ocrx_word' id='word_1_83' title='bbox 746 1698 905 1760; x_wconf 81' lang='lat' dir='ltr'>XIII,</span> <span class='ocrx_word' id='word_1_84' title='bbox 940 1697 1079 1760; x_wconf 72' lang='lat'>845:</span> <span class='ocrx_word' id='word_1_85' title='bbox 1112 1723 1139 1744; x_wconf 74' lang='grc' dir='ltr'><strong>α</strong></span> <span class='ocrx_word' id='word_1_86' title='bbox 1161 1697 1363 1751; x_wconf 76' lang='lat' dir='ltr'><strong>Illatrat</strong></span> <span class='ocrx_word' id='word_1_87' title='bbox 1401 1701 1475 1770; x_wconf 85' lang='lat' dir='ltr'><strong>je·</strong></span> 
     </span>
     <span class='ocr_line' id='line_1_17' title="bbox 442 1774 1475 1846; baseline 0.002 -18"><span class='ocrx_word' id='word_1_88' title='bbox 442 1774 593 1846; x_wconf 70' lang='lat' dir='ltr'><strong>junia</strong></span> <span class='ocrx_word' id='word_1_89' title='bbox 606 1777 852 1832; x_wconf 79' lang='lat' dir='ltr'><strong>faucibus</strong></span> <span class='ocrx_word' id='word_1_90' title='bbox 866 1775 1131 1831; x_wconf 70' lang='lat' dir='ltr'><strong>Orthrus»</strong></span> <span class='ocrx_word' id='word_1_91' title='bbox 1149 1795 1165 1841; x_wconf 90' lang='lat'>;</span> <span class='ocrx_word' id='word_1_92' title='bbox 1185 1790 1235 1830; x_wconf 87' lang='lat' dir='ltr'><strong>et</strong></span> <span class='ocrx_word' id='word_1_93' title='bbox 1254 1776 1475 1842; x_wconf 74' lang='lat' dir='ltr'><strong>Statius,</strong></span> 
     </span>
     <span class='ocr_line' id='line_1_18' title="bbox 447 1853 1477 1925; baseline 0 -16"><span class='ocrx_word' id='word_1_94' title='bbox 447 1853 581 1910; x_wconf 83' lang='lat' dir='ltr'><strong>Silv.</strong></span> <span class='ocrx_word' id='word_1_95' title='bbox 627 1859 712 1924; x_wconf 91' lang='lat'><strong>11,</strong></span> <span class='ocrx_word' id='word_1_96' title='bbox 760 1875 784 1910; x_wconf 89' lang='lat'>1</span> <span class='ocrx_word' id='word_1_97' title='bbox 811 1896 827 1925; x_wconf 86' lang='lat'><strong>,</strong></span> <span class='ocrx_word' id='word_1_98' title='bbox 872 1858 1005 1912; x_wconf 79' lang='lat'><strong>230:</strong></span> <span class='ocrx_word' id='word_1_99' title='bbox 1040 1882 1065 1905; x_wconf 78' lang='grc' dir='ltr'>ι</span> <span class='ocrx_word' id='word_1_100' title='bbox 1092 1859 1335 1912; x_wconf 70' lang='lat' dir='ltr'><strong>Insontes</strong></span> <span class='ocrx_word' id='word_1_101' title='bbox 1364 1855 1477 1910; x_wconf 80' lang='lat' dir='ltr'><strong>ani-</strong></span> 
     </span>
     <span class='ocr_line' id='line_1_19' title="bbox 448 1935 1477 2010; baseline 0 -22"><span class='ocrx_word' id='word_1_102' title='bbox 448 1953 565 1989; x_wconf 79' lang='lat' dir='ltr'><strong>mas</strong></span> <span class='ocrx_word' id='word_1_103' title='bbox 608 1956 706 1990; x_wconf 87' lang='lat' dir='ltr'><strong>nec</strong></span> <span class='ocrx_word' id='word_1_104' title='bbox 738 1937 962 2010; x_wconf 83' lang='lat' dir='ltr'><strong>portitor</strong></span> <span class='ocrx_word' id='word_1_105' title='bbox 1000 1949 1144 1991; x_wconf 82' lang='lat' dir='ltr'><strong>arcet</strong></span> <span class='ocrx_word' id='word_1_106' title='bbox 1164 1977 1179 2003; x_wconf 88' lang='lat'><strong>,</strong></span> <span class='ocrx_word' id='word_1_107' title='bbox 1208 1937 1319 1990; x_wconf 84' lang='lat' dir='ltr'><strong>Nec</strong></span> <span class='ocrx_word' id='word_1_108' title='bbox 1348 1935 1477 1990; x_wconf 64' lang='lat' dir='ltr'><strong>dira</strong></span> 
     </span>
     <span class='ocr_line' id='line_1_20' title="bbox 446 2015 1479 2073; baseline 0 -6"><span class='ocrx_word' id='word_1_109' title='bbox 446 2032 625 2070; x_wconf 81' lang='lat' dir='ltr'><strong>comes</strong></span> <span class='ocrx_word' id='word_1_110' title='bbox 657 2017 749 2069; x_wconf 88' lang='lat' dir='ltr'><strong>ille</strong></span> <span class='ocrx_word' id='word_1_111' title='bbox 773 2017 897 2070; x_wconf 78' lang='lat' dir='ltr'><strong>ferae</strong></span> <span class='ocrx_word' id='word_1_112' title='bbox 916 2044 957 2068; x_wconf 71' lang='lat' dir='ltr'><strong>so.</strong></span> <span class='ocrx_word' id='word_1_113' title='bbox 991 2017 1235 2073; x_wconf 74' lang='lat' dir='ltr'><strong>Fortasse</strong></span> <span class='ocrx_word' id='word_1_114' title='bbox 1259 2027 1310 2070; x_wconf 87' lang='lat' dir='ltr'><strong>et</strong></span> <span class='ocrx_word' id='word_1_115' title='bbox 1330 2015 1479 2068; x_wconf 85' lang='lat' dir='ltr'><strong>hunc</strong></span> 
     </span>
     <span class='ocr_line' id='line_1_21' title="bbox 446 2095 1479 2170; baseline 0.002 -24"><span class='ocrx_word' id='word_1_116' title='bbox 446 2106 647 2166; x_wconf 76' lang='lat' dir='ltr'><strong>spectat</strong></span> <span class='ocrx_word' id='word_1_117' title='bbox 686 2097 887 2148; x_wconf 75' lang='lat' dir='ltr'><strong>Lucan.</strong></span> <span class='ocrx_word' id='word_1_118' title='bbox 916 2097 997 2148; x_wconf 83' lang='lat' dir='ltr'><strong>VI</strong></span> <span class='ocrx_word' id='word_1_119' title='bbox 1015 2137 1031 2162; x_wconf 87' lang='lat'><strong>,</strong></span> <span class='ocrx_word' id='word_1_120' title='bbox 1061 2115 1163 2170; x_wconf 80' lang='lat'><strong>70²</strong></span> <span class='ocrx_word' id='word_1_121' title='bbox 1186 2115 1200 2149; x_wconf 73' lang='grc' dir='ltr'>ς</span> <span class='ocrx_word' id='word_1_122' title='bbox 1232 2121 1256 2142; x_wconf 78' lang='grc' dir='ltr'>ι</span> <span class='ocrx_word' id='word_1_123' title='bbox 1277 2095 1479 2148; x_wconf 82' lang='lat' dir='ltr'><strong>Janitor</strong></span> 
     </span>
     <span class='ocr_line' id='line_1_22' title="bbox 450 2173 1478 2246; baseline -0.002 -19"><span class='ocrx_word' id='word_1_124' title='bbox 450 2184 504 2227; x_wconf 84' lang='lat' dir='ltr'><strong>et</strong></span> <span class='ocrx_word' id='word_1_125' title='bbox 544 2173 685 2228; x_wconf 74' lang='lat' dir='ltr'><strong>sedis</strong></span> <span class='ocrx_word' id='word_1_126' title='bbox 733 2175 863 2227; x_wconf 69' lang='lat' dir='ltr'><strong>lam</strong></span> <span class='ocrx_word' id='word_1_127' title='bbox 885 2216 902 2242; x_wconf 92' lang='lat'>‚</span> <span class='ocrx_word' id='word_1_128' title='bbox 949 2176 1045 2246; x_wconf 90' lang='lat' dir='ltr'><strong>qui</strong></span> <span class='ocrx_word' id='word_1_129' title='bbox 1088 2175 1291 2230; x_wconf 76' lang='lat' dir='ltr'><strong>viscera</strong></span> <span class='ocrx_word' id='word_1_130' title='bbox 1340 2193 1478 2226; x_wconf 66' lang='lat' dir='ltr'><strong>sevo</strong></span> 
     </span>
     <span class='ocr_line' id='line_1_23' title="bbox 446 2253 1482 2323; baseline 0 -17"><span class='ocrx_word' id='word_1_131' title='bbox 446 2253 660 2323; x_wconf 81' lang='lat' dir='ltr'><strong>Spargis</strong></span> <span class='ocrx_word' id='word_1_132' title='bbox 686 2265 865 2308; x_wconf 68' lang='lat' dir='ltr'><strong>nostra</strong></span> <span class='ocrx_word' id='word_1_133' title='bbox 887 2255 1009 2308; x_wconf 78' lang='lat' dir='ltr'><strong>cani</strong></span> <span class='ocrx_word' id='word_1_134' title='bbox 1033 2279 1078 2306; x_wconf 73' lang='grc' dir='ltr'><strong>ι.</strong></span> <span class='ocrx_word' id='word_1_135' title='bbox 1106 2254 1211 2306; x_wconf 88' lang='lat' dir='ltr'><strong>Pro</strong></span> <span class='ocrx_word' id='word_1_136' title='bbox 1238 2273 1482 2319; x_wconf 73' lang='lat' dir='ltr'><strong>canesque</strong></span> 
     </span>
     <span class='ocr_line' id='line_1_24' title="bbox 448 2330 1481 2404; baseline -0.004 -20"><span class='ocrx_word' id='word_1_137' title='bbox 448 2331 543 2384; x_wconf 82' lang='lat' dir='ltr'><strong>MS</strong></span> <span class='ocrx_word' id='word_1_138' title='bbox 570 2331 789 2384; x_wconf 80' lang='lat' dir='ltr'><strong>Helmst.</strong></span> <span class='ocrx_word' id='word_1_139' title='bbox 808 2345 860 2385; x_wconf 90' lang='lat' dir='ltr'><strong>et</strong></span> <span class='ocrx_word' id='word_1_140' title='bbox 882 2331 967 2384; x_wconf 89' lang='lat' dir='ltr'><strong>ed.</strong></span> <span class='ocrx_word' id='word_1_141' title='bbox 1006 2330 1184 2404; x_wconf 81' lang='lat' dir='ltr'><strong>Lugd.</strong></span> <span class='ocrx_word' id='word_1_142' title='bbox 1210 2331 1372 2384; x_wconf 80' lang='lat' dir='ltr'><strong>habet</strong></span> <span class='ocrx_word' id='word_1_143' title='bbox 1396 2349 1481 2380; x_wconf 82' lang='lat' dir='ltr'><strong>ca-</strong></span> 
     </span>
     <span class='ocr_line' id='line_1_25' title="bbox 448 2427 634 2463; baseline 0.005 -1"><span class='ocrx_word' id='word_1_144' title='bbox 448 2427 634 2463; x_wconf 76' lang='lat' dir='ltr'><strong>nentes.</strong></span> 
     </span>
    </p>

    <p class='ocr_par' dir='ltr' id='par_1_6' title="bbox 436 2489 1483 4146">
     <span class='ocr_line' id='line_1_26' title="bbox 521 2489 1482 2561; baseline 0.001 -20"><span class='ocrx_word' id='word_1_145' title='bbox 521 2493 609 2561; x_wconf 86' lang='lat'><strong>78.</strong></span> <span class='ocrx_word' id='word_1_146' title='bbox 627 2495 819 2558; x_wconf 78' lang='lat' dir='ltr'><em>Septem</em></span> <span class='ocrx_word' id='word_1_147' title='bbox 828 2510 925 2558; x_wconf 80' lang='lat' dir='ltr'><strong>per</strong></span> <span class='ocrx_word' id='word_1_148' title='bbox 932 2491 1335 2560; x_wconf 60' lang='lat' dir='ltr'><strong>J&#39;ugeraffldum.</strong></span> <span class='ocrx_word' id='word_1_149' title='bbox 1360 2489 1482 2542; x_wconf 74' lang='lat' dir='ltr'><strong>Sca-</strong></span> 
     </span>
     <span class='ocr_line' id='line_1_27' title="bbox 446 2568 1479 2641; baseline -0.003 -20"><span class='ocrx_word' id='word_1_150' title='bbox 446 2569 585 2641; x_wconf 80' lang='lat' dir='ltr'>liger</span> <span class='ocrx_word' id='word_1_151' title='bbox 607 2570 785 2638; x_wconf 75' lang='lat' dir='ltr'><strong>ficsum</strong></span> <span class='ocrx_word' id='word_1_152' title='bbox 818 2568 945 2640; x_wconf 82' lang='lat' dir='ltr'><strong>legit</strong></span> <span class='ocrx_word' id='word_1_153' title='bbox 964 2611 981 2636; x_wconf 87' lang='lat'>,</span> <span class='ocrx_word' id='word_1_154' title='bbox 1022 2587 1133 2622; x_wconf 90' lang='lat' dir='ltr'><strong>non</strong></span> <span class='ocrx_word' id='word_1_155' title='bbox 1172 2579 1349 2619; x_wconf 83' lang='lat' dir='ltr'><strong>antem</strong></span> <span class='ocrx_word' id='word_1_156' title='bbox 1377 2571 1479 2636; x_wconf 86' lang='lat' dir='ltr'><strong>foe·</strong></span> 
     </span>
     <span class='ocr_line' id='line_1_28' title="bbox 450 2645 1481 2717; baseline -0.001 -17"><span class='ocrx_word' id='word_1_157' title='bbox 450 2653 570 2700; x_wconf 79' lang='lat' dir='ltr'><strong>dum</strong></span> <span class='ocrx_word' id='word_1_158' title='bbox 588 2669 608 2699; x_wconf 88' lang='lat'><strong>.·</strong></span> <span class='ocrx_word' id='word_1_159' title='bbox 650 2647 743 2701; x_wconf 84' lang='lat' dir='ltr'><strong>sed</strong></span> <span class='ocrx_word' id='word_1_160' title='bbox 766 2650 965 2717; x_wconf 81' lang='lat' dir='ltr'><strong>foedum</strong></span> <span class='ocrx_word' id='word_1_161' title='bbox 1002 2666 1185 2701; x_wconf 85' lang='lat' dir='ltr'><strong>omnes</strong></span> <span class='ocrx_word' id='word_1_162' title='bbox 1222 2645 1350 2700; x_wconf 84' lang='lat' dir='ltr'><strong>libri</strong></span> <span class='ocrx_word' id='word_1_163' title='bbox 1386 2646 1481 2699; x_wconf 76' lang='lat' dir='ltr'><strong>ha-</strong></span> 
     </span>
     <span class='ocr_line' id='line_1_29' title="bbox 446 2727 1477 2800; baseline -0.005 -18"><span class='ocrx_word' id='word_1_164' title='bbox 446 2729 577 2782; x_wconf 86' lang='lat' dir='ltr'><strong>bent</strong></span> <span class='ocrx_word' id='word_1_165' title='bbox 597 2765 614 2792; x_wconf 92' lang='lat'><strong>,</strong></span> <span class='ocrx_word' id='word_1_166' title='bbox 657 2740 709 2781; x_wconf 90' lang='lat' dir='ltr'><strong>et</strong></span> <span class='ocrx_word' id='word_1_167' title='bbox 730 2729 1013 2781; x_wconf 83' lang='lat' dir='ltr'><strong>Ascensius</strong></span> <span class='ocrx_word' id='word_1_168' title='bbox 1054 2727 1279 2800; x_wconf 76' lang='lat' dir='ltr'><strong>explicat</strong></span> <span class='ocrx_word' id='word_1_169' title='bbox 1312 2730 1477 2797; x_wconf 78' lang='lat' dir='ltr'><strong>defor-</strong></span> 
     </span>
     <span class='ocr_line' id='line_1_30' title="bbox 448 2807 1477 2880; baseline 0 -20"><span class='ocrx_word' id='word_1_170' title='bbox 448 2828 604 2870; x_wconf 83' lang='lat' dir='ltr'><strong>mem,</strong></span> <span class='ocrx_word' id='word_1_171' title='bbox 641 2818 733 2862; x_wconf 85' lang='lat' dir='ltr'><strong>aut</strong></span> <span class='ocrx_word' id='word_1_172' title='bbox 766 2818 985 2880; x_wconf 83' lang='lat' dir='ltr'><strong>propter</strong></span> <span class='ocrx_word' id='word_1_173' title='bbox 1008 2807 1441 2860; x_wconf 81' lang='lat' dir='ltr'><strong>incontinentiam</strong></span> <span class='ocrx_word' id='word_1_174' title='bbox 1459 2847 1477 2872; x_wconf 83' lang='lat'><strong>,</strong></span> 
     </span>
     <span class='ocr_line' id='line_1_31' title="bbox 448 2885 1481 2960; baseline -0.002 -20"><span class='ocrx_word' id='word_1_175' title='bbox 448 2899 541 2940; x_wconf 82' lang='lat' dir='ltr'><strong>aut</strong></span> <span class='ocrx_word' id='word_1_176' title='bbox 576 2899 796 2960; x_wconf 86' lang='lat' dir='ltr'><strong>propter</strong></span> <span class='ocrx_word' id='word_1_177' title='bbox 842 2885 1262 2958; x_wconf 79' lang='lat' dir='ltr'><strong>magnitudinem</strong></span> <span class='ocrx_word' id='word_1_178' title='bbox 1284 2924 1300 2951; x_wconf 87' lang='lat'>,</span> <span class='ocrx_word' id='word_1_179' title='bbox 1344 2887 1481 2939; x_wconf 81' lang='lat' dir='ltr'><strong>sicut</strong></span> 
     </span>
     <span class='ocr_line' id='line_1_32' title="bbox 448 2965 1479 3038; baseline -0.003 -19"><span class='ocrx_word' id='word_1_180' title='bbox 448 2985 481 3019; x_wconf 81' lang='lat' dir='ltr'><strong>a</strong></span> <span class='ocrx_word' id='word_1_181' title='bbox 508 2966 697 3038; x_wconf 81' lang='lat' dir='ltr'><strong>virgil.</strong></span> <span class='ocrx_word' id='word_1_182' title='bbox 742 2967 935 3038; x_wconf 86' lang='lat' dir='ltr'><strong>Georg.</strong></span> <span class='ocrx_word' id='word_1_183' title='bbox 975 2965 1081 3030; x_wconf 88' lang='lat' dir='ltr'><strong>IV,</strong></span> <span class='ocrx_word' id='word_1_184' title='bbox 1132 2965 1234 3034; x_wconf 85' lang='lat'><strong>395</strong></span> <span class='ocrx_word' id='word_1_185' title='bbox 1252 3003 1269 3029; x_wconf 90' lang='lat'>‚</span> <span class='ocrx_word' id='word_1_186' title='bbox 1318 2979 1479 3032; x_wconf 77' lang='lat' dir='ltr'><strong>turpes</strong></span> 
     </span>
     <span class='ocr_line' id='line_1_33' title="bbox 436 3044 1481 3114; baseline -0.001 -17"><span class='ocrx_word' id='word_1_187' title='bbox 436 3049 620 3114; x_wconf 75' lang='lat' dir='ltr'><strong>phoca:</strong></span> <span class='ocrx_word' id='word_1_188' title='bbox 652 3059 925 3100; x_wconf 81' lang='lat' dir='ltr'><strong>vocantur.</strong></span> <span class='ocrx_word' id='word_1_189' title='bbox 959 3044 1108 3098; x_wconf 87' lang='lat' dir='ltr'><strong>Idem</strong></span> <span class='ocrx_word' id='word_1_190' title='bbox 1137 3059 1354 3096; x_wconf 77' lang='lat' dir='ltr'><em>statuere</em></span> <span class='ocrx_word' id='word_1_191' title='bbox 1380 3063 1481 3114; x_wconf 84' lang='lat' dir='ltr'><strong>pro</strong></span> 
     </span>
     <span class='ocr_line' id='line_1_34' title="bbox 445 3124 1479 3196; baseline -0.003 -19"><span class='ocrx_word' id='word_1_192' title='bbox 445 3141 659 3177; x_wconf 77' lang='lat' dir='ltr'><strong>stravere</strong></span> <span class='ocrx_word' id='word_1_193' title='bbox 692 3125 846 3196; x_wconf 87' lang='lat' dir='ltr'><strong>legit;</strong></span> <span class='ocrx_word' id='word_1_194' title='bbox 885 3126 1038 3178; x_wconf 78' lang='lat' dir='ltr'><strong>male.</strong></span> <span class='ocrx_word' id='word_1_195' title='bbox 1078 3130 1268 3192; x_wconf 80' lang='lat' dir='ltr'><strong>Septem</strong></span> <span class='ocrx_word' id='word_1_196' title='bbox 1294 3124 1479 3195; x_wconf 80' lang='lat' dir='ltr'><strong>jugera</strong></span> 
     </span>
     <span class='ocr_line' id='line_1_35' title="bbox 445 3202 1479 3274; baseline -0.003 -19"><span class='ocrx_word' id='word_1_197' title='bbox 445 3203 606 3274; x_wconf 83' lang='lat' dir='ltr'><strong>Tityo</strong></span> <span class='ocrx_word' id='word_1_198' title='bbox 636 3203 823 3255; x_wconf 76' lang='lat' dir='ltr'><strong>tribuit</strong></span> <span class='ocrx_word' id='word_1_199' title='bbox 846 3202 1081 3255; x_wconf 81' lang='lat' dir='ltr'><strong>Lucilius</strong></span> <span class='ocrx_word' id='word_1_200' title='bbox 1098 3239 1113 3265; x_wconf 89' lang='lat'><strong>,</strong></span> <span class='ocrx_word' id='word_1_201' title='bbox 1137 3202 1231 3254; x_wconf 83' lang='lat' dir='ltr'><strong>alii</strong></span> <span class='ocrx_word' id='word_1_202' title='bbox 1250 3219 1441 3254; x_wconf 79' lang='lat' dir='ltr'><strong>novem</strong></span> <span class='ocrx_word' id='word_1_203' title='bbox 1460 3238 1479 3262; x_wconf 84' lang='grc'><em>,</em></span> 
     </span>
     <span class='ocr_line' id='line_1_36' title="bbox 447 3281 1478 3355; baseline -0.005 -19"><span class='ocrx_word' id='word_1_204' title='bbox 447 3294 508 3336; x_wconf 93' lang='lat' dir='ltr'><strong>ut</strong></span> <span class='ocrx_word' id='word_1_205' title='bbox 533 3282 749 3336; x_wconf 85' lang='lat' dir='ltr'><strong>Homer.</strong></span> <span class='ocrx_word' id='word_1_206' title='bbox 769 3283 963 3355; x_wconf 52' lang='lat' dir='ltr'>Odys&amp;</span> <span class='ocrx_word' id='word_1_207' title='bbox 978 3282 1057 3334; x_wconf 85' lang='lat' dir='ltr'><strong>XI</strong></span> <span class='ocrx_word' id='word_1_208' title='bbox 1075 3319 1090 3344; x_wconf 88' lang='lat'><strong>,</strong></span> <span class='ocrx_word' id='word_1_209' title='bbox 1114 3281 1216 3351; x_wconf 87' lang='lat'><strong>576</strong></span> <span class='ocrx_word' id='word_1_210' title='bbox 1237 3283 1478 3344; x_wconf 84' lang='lat' dir='ltr'><strong>;Lucret.</strong></span> 
     </span>
     <span class='ocr_line' id='line_1_37' title="bbox 446 3359 1480 3432; baseline -0.002 -18"><span class='ocrx_word' id='word_1_211' title='bbox 446 3363 571 3427; x_wconf 92' lang='lat'>111,</span> <span class='ocrx_word' id='word_1_212' title='bbox 615 3379 757 3430; x_wconf 78' lang='lat'><strong>9973</strong></span> <span class='ocrx_word' id='word_1_213' title='bbox 790 3360 988 3432; x_wconf 82' lang='lat' dir='ltr'><strong>virgil.</strong></span> <span class='ocrx_word' id='word_1_214' title='bbox 1026 3363 1149 3413; x_wconf 85' lang='lat' dir='ltr'><strong>AEn.</strong></span> <span class='ocrx_word' id='word_1_215' title='bbox 1180 3360 1300 3424; x_wconf 82' lang='lat' dir='ltr'><strong>VI,</strong></span> <span class='ocrx_word' id='word_1_216' title='bbox 1341 3359 1480 3431; x_wconf 83' lang='lat'>595;</span> 
     </span>
     <span class='ocr_line' id='line_1_38' title="bbox 447 3438 1479 3504; baseline -0.005 -11"><span class='ocrx_word' id='word_1_217' title='bbox 447 3439 606 3493; x_wconf 88' lang='lat' dir='ltr'><strong>Ovid.</strong></span> <span class='ocrx_word' id='word_1_218' title='bbox 630 3441 848 3493; x_wconf 84' lang='lat' dir='ltr'><strong>Metam.</strong></span> <span class='ocrx_word' id='word_1_219' title='bbox 875 3441 980 3503; x_wconf 88' lang='lat' dir='ltr'><strong>IV,</strong></span> <span class='ocrx_word' id='word_1_220' title='bbox 1018 3440 1156 3503; x_wconf 71' lang='lat'><strong>4563</strong></span> <span class='ocrx_word' id='word_1_221' title='bbox 1184 3438 1387 3492; x_wconf 84' lang='lat' dir='ltr'><strong>Tibull.</strong></span> <span class='ocrx_word' id='word_1_222' title='bbox 1420 3439 1447 3488; x_wconf 93' lang='lat' dir='ltr'>I</span> <span class='ocrx_word' id='word_1_223' title='bbox 1464 3479 1479 3504; x_wconf 91' lang='lat'>,</span> 
     </span>
     <span class='ocr_line' id='line_1_39' title="bbox 450 3517 1481 3592; baseline -0.004 -19"><span class='ocrx_word' id='word_1_224' title='bbox 450 3521 482 3573; x_wconf 85' lang='lat'>3</span> <span class='ocrx_word' id='word_1_225' title='bbox 504 3557 520 3584; x_wconf 91' lang='lat'>‚</span> <span class='ocrx_word' id='word_1_226' title='bbox 546 3520 613 3590; x_wconf 87' lang='lat'><strong>75</strong></span> <span class='ocrx_word' id='word_1_227' title='bbox 636 3537 653 3582; x_wconf 84' lang='lat'><em>3</em></span> <span class='ocrx_word' id='word_1_228' title='bbox 690 3518 933 3592; x_wconf 86' lang='lat' dir='ltr'><strong>Propert.</strong></span> <span class='ocrx_word' id='word_1_229' title='bbox 970 3519 1051 3571; x_wconf 90' lang='lat'><strong>111</strong></span> <span class='ocrx_word' id='word_1_230' title='bbox 1072 3555 1087 3581; x_wconf 89' lang='lat'><strong>,</strong></span> <span class='ocrx_word' id='word_1_231' title='bbox 1114 3519 1145 3572; x_wconf 81' lang='lat'><em>5</em></span> <span class='ocrx_word' id='word_1_232' title='bbox 1168 3559 1184 3584; x_wconf 87' lang='lat'><strong>,</strong></span> <span class='ocrx_word' id='word_1_233' title='bbox 1215 3525 1302 3584; x_wconf 74' lang='grc'><strong>44.</strong></span> <span class='ocrx_word' id='word_1_234' title='bbox 1330 3517 1481 3570; x_wconf 88' lang='lat' dir='ltr'><strong>simi-</strong></span> 
     </span>
     <span class='ocr_line' id='line_1_40' title="bbox 448 3597 1479 3658; baseline -0.005 -6"><span class='ocrx_word' id='word_1_235' title='bbox 448 3601 557 3653; x_wconf 88' lang='lat' dir='ltr'><strong>lem</strong></span> <span class='ocrx_word' id='word_1_236' title='bbox 592 3601 785 3653; x_wconf 86' lang='lat' dir='ltr'><strong>Nostro</strong></span> <span class='ocrx_word' id='word_1_237' title='bbox 819 3601 998 3652; x_wconf 87' lang='lat' dir='ltr'><strong>locum</strong></span> <span class='ocrx_word' id='word_1_238' title='bbox 1030 3599 1191 3650; x_wconf 85' lang='lat' dir='ltr'><strong>habet</strong></span> <span class='ocrx_word' id='word_1_239' title='bbox 1216 3597 1479 3658; x_wconf 78' lang='lat' dir='ltr'><strong>Ovidius,</strong></span> 
     </span>
     <span class='ocr_line' id='line_1_41' title="bbox 448 3675 1481 3750; baseline -0.007 -17"><span class='ocrx_word' id='word_1_240' title='bbox 448 3681 571 3732; x_wconf 84' lang='lat' dir='ltr'><strong>Am.</strong></span> <span class='ocrx_word' id='word_1_241' title='bbox 597 3680 679 3732; x_wconf 89' lang='lat'><strong>111</strong></span> <span class='ocrx_word' id='word_1_242' title='bbox 699 3721 715 3748; x_wconf 87' lang='lat'><strong>,</strong></span> <span class='ocrx_word' id='word_1_243' title='bbox 762 3699 820 3731; x_wconf 80' lang='lat'><strong>12</strong></span> <span class='ocrx_word' id='word_1_244' title='bbox 843 3717 859 3742; x_wconf 89' lang='lat'>,</span> <span class='ocrx_word' id='word_1_245' title='bbox 900 3697 962 3747; x_wconf 81' lang='lat'><strong>19</strong></span> <span class='ocrx_word' id='word_1_246' title='bbox 997 3697 1145 3750; x_wconf 82' lang='lat' dir='ltr'><strong>seqq.</strong></span> <span class='ocrx_word' id='word_1_247' title='bbox 1176 3677 1329 3746; x_wconf 84' lang='lat' dir='ltr'><strong>cujus</strong></span> <span class='ocrx_word' id='word_1_248' title='bbox 1356 3675 1481 3747; x_wconf 86' lang='lat' dir='ltr'><strong>quia</strong></span> 
     </span>
     <span class='ocr_line' id='line_1_42' title="bbox 448 3756 1481 3832; baseline -0.004 -20"><span class='ocrx_word' id='word_1_249' title='bbox 448 3779 559 3812; x_wconf 89' lang='lat' dir='ltr'><strong>non</strong></span> <span class='ocrx_word' id='word_1_250' title='bbox 588 3771 758 3832; x_wconf 72' lang='lat' dir='ltr'><strong>poteet</strong></span> <span class='ocrx_word' id='word_1_251' title='bbox 778 3759 973 3812; x_wconf 81' lang='lat' dir='ltr'><strong>horum</strong></span> <span class='ocrx_word' id='word_1_252' title='bbox 1000 3756 1197 3810; x_wconf 80' lang='lat' dir='ltr'><strong>certior</strong></span> <span class='ocrx_word' id='word_1_253' title='bbox 1217 3756 1481 3827; x_wconf 77' lang='lat' dir='ltr'><strong>interpres</strong></span> 
     </span>
     <span class='ocr_line' id='line_1_43' title="bbox 447 3834 1483 3910; baseline -0.005 -19"><span class='ocrx_word' id='word_1_254' title='bbox 447 3838 695 3903; x_wconf 78' lang='lat' dir='ltr'><strong>inveniri,</strong></span> <span class='ocrx_word' id='word_1_255' title='bbox 716 3839 917 3910; x_wconf 82' lang='lat' dir='ltr'><strong>aliquot</strong></span> <span class='ocrx_word' id='word_1_256' title='bbox 937 3854 1119 3890; x_wconf 80' lang='lat' dir='ltr'><strong>versus</strong></span> <span class='ocrx_word' id='word_1_257' title='bbox 1138 3834 1224 3887; x_wconf 85' lang='lat' dir='ltr'><strong>hic</strong></span> <span class='ocrx_word' id='word_1_258' title='bbox 1244 3847 1483 3906; x_wconf 86' lang='lat' dir='ltr'><strong>propter—</strong></span> 
     </span>
     <span class='ocr_line' id='line_1_44' title="bbox 448 3918 1481 3991; baseline -0.008 -19"><span class='ocrx_word' id='word_1_259' title='bbox 448 3938 511 3972; x_wconf 80' lang='lat' dir='ltr'><strong>ca</strong></span> <span class='ocrx_word' id='word_1_260' title='bbox 540 3918 845 3991; x_wconf 83' lang='lat' dir='ltr'><strong>apponendi</strong></span> <span class='ocrx_word' id='word_1_261' title='bbox 870 3935 883 3968; x_wconf 76' lang='grc' dir='ltr'><em>τ</em></span> <span class='ocrx_word' id='word_1_262' title='bbox 908 3943 931 3962; x_wconf 69' lang='grc' dir='ltr'><strong>ιε</strong></span> <span class='ocrx_word' id='word_1_263' title='bbox 952 3920 1063 3966; x_wconf 88' lang='lat' dir='ltr'><strong>Nec</strong></span> <span class='ocrx_word' id='word_1_264' title='bbox 1089 3926 1265 3966; x_wconf 83' lang='lat' dir='ltr'><strong>tamen</strong></span> <span class='ocrx_word' id='word_1_265' title='bbox 1284 3952 1299 3976; x_wconf 89' lang='lat'><strong>,</strong></span> <span class='ocrx_word' id='word_1_266' title='bbox 1330 3927 1388 3965; x_wconf 91' lang='lat' dir='ltr'><strong>ut</strong></span> <span class='ocrx_word' id='word_1_267' title='bbox 1416 3925 1481 3964; x_wconf 83' lang='lat' dir='ltr'><strong>te-</strong></span> 
     </span>
     <span class='ocr_line' id='line_1_45' title="bbox 450 3993 1480 4066; baseline -0.006 -15"><span class='ocrx_word' id='word_1_268' title='bbox 450 4012 552 4051; x_wconf 81' lang='lat' dir='ltr'><strong>stes</strong></span> <span class='ocrx_word' id='word_1_269' title='bbox 584 4017 700 4051; x_wconf 76' lang='lat' dir='ltr'><strong>mos</strong></span> <span class='ocrx_word' id='word_1_270' title='bbox 728 4009 806 4049; x_wconf 74' lang='lat' dir='ltr'><strong>eet</strong></span> <span class='ocrx_word' id='word_1_271' title='bbox 838 3995 1021 4048; x_wconf 81' lang='lat' dir='ltr'><strong>audire</strong></span> <span class='ocrx_word' id='word_1_272' title='bbox 1048 4005 1256 4066; x_wconf 81' lang='lat' dir='ltr'><strong>poetas,</strong></span> <span class='ocrx_word' id='word_1_273' title='bbox 1277 3993 1480 4045; x_wconf 78' lang='lat' dir='ltr'><strong>Malue-</strong></span> 
     </span>
     <span class='ocr_line' id='line_1_46' title="bbox 448 4071 1481 4146; baseline -0.007 -15"><span class='ocrx_word' id='word_1_274' title='bbox 448 4097 565 4131; x_wconf 78' lang='lat' dir='ltr'><strong>ram</strong></span> <span class='ocrx_word' id='word_1_275' title='bbox 588 4076 764 4130; x_wconf 75' lang='lat' dir='ltr'><strong>verbis</strong></span> <span class='ocrx_word' id='word_1_276' title='bbox 784 4073 993 4146; x_wconf 74' lang='lat' dir='ltr'><strong>pondus</strong></span> <span class='ocrx_word' id='word_1_277' title='bbox 1014 4074 1195 4126; x_wconf 81' lang='lat' dir='ltr'><strong>abesse</strong></span> <span class='ocrx_word' id='word_1_278' title='bbox 1215 4072 1363 4124; x_wconf 78' lang='lat' dir='ltr'><strong>meis,</strong></span> <span class='ocrx_word' id='word_1_279' title='bbox 1380 4071 1481 4124; x_wconf 85' lang='lat' dir='ltr'><strong>Per</strong></span> 
     </span>
    </p>
   </div>
   <div class='ocr_carea' id='block_1_6' title="bbox 1561 901 2678 4066">
    <p class='ocr_par' dir='ltr' id='par_1_7' title="bbox 1561 901 2608 1754">
     <span class='ocr_line' id='line_1_47' title="bbox 1561 901 2602 976; baseline -0.004 -18"><span class='ocrx_word' id='word_1_280' title='bbox 1561 921 1662 958; x_wconf 74' lang='lat' dir='ltr'><strong>noa</strong></span> <span class='ocrx_word' id='word_1_281' title='bbox 1679 902 1874 974; x_wconf 71' lang='lat' dir='ltr'><strong>Scylln,</strong></span> <span class='ocrx_word' id='word_1_282' title='bbox 1890 901 2031 976; x_wconf 77' lang='lat' dir='ltr'><strong>patri</strong></span> <span class='ocrx_word' id='word_1_283' title='bbox 2051 919 2218 958; x_wconf 68' lang='lat' dir='ltr'><strong>cenos</strong></span> <span class='ocrx_word' id='word_1_284' title='bbox 2234 902 2416 958; x_wconf 71' lang='lat' dir='ltr'><strong>furata</strong></span> <span class='ocrx_word' id='word_1_285' title='bbox 2437 903 2602 976; x_wconf 70' lang='lat' dir='ltr'><strong>capil-</strong></span> 
     </span>
     <span class='ocr_line' id='line_1_48' title="bbox 1563 980 2603 1054; baseline -0.001 -19"><span class='ocrx_word' id='word_1_286' title='bbox 1563 983 1675 1046; x_wconf 75' lang='lat' dir='ltr'><strong>loa,</strong></span> <span class='ocrx_word' id='word_1_287' title='bbox 1716 983 1863 1036; x_wconf 89' lang='lat' dir='ltr'><strong>Pube</strong></span> <span class='ocrx_word' id='word_1_288' title='bbox 1887 982 2081 1054; x_wconf 80' lang='lat' dir='ltr'><strong>premit</strong></span> <span class='ocrx_word' id='word_1_289' title='bbox 2101 980 2318 1035; x_wconf 73' lang='lat' dir='ltr'><strong>rabidos</strong></span> <span class='ocrx_word' id='word_1_290' title='bbox 2355 981 2603 1054; x_wconf 79' lang='lat' dir='ltr'><strong>inguini·</strong></span> 
     </span>
     <span class='ocr_line' id='line_1_49' title="bbox 1561 1060 2597 1136; baseline -0.002 -21"><span class='ocrx_word' id='word_1_291' title='bbox 1561 1064 1767 1136; x_wconf 71' lang='lat' dir='ltr'><strong>bneque</strong></span> <span class='ocrx_word' id='word_1_292' title='bbox 1799 1081 1971 1115; x_wconf 77' lang='lat' dir='ltr'><strong>canes.</strong></span> <span class='ocrx_word' id='word_1_293' title='bbox 1993 1061 2104 1116; x_wconf 70' lang='lat' dir='ltr'><strong>Nos</strong></span> <span class='ocrx_word' id='word_1_294' title='bbox 2125 1060 2353 1132; x_wconf 74' lang='lat' dir='ltr'><strong>pedihus</strong></span> <span class='ocrx_word' id='word_1_295' title='bbox 2380 1078 2597 1134; x_wconf 71' lang='lat' dir='ltr'><strong>pennae</strong></span> 
     </span>
     <span class='ocr_line' id='line_1_50' title="bbox 1562 1142 2602 1213; baseline -0.004 -16"><span class='ocrx_word' id='word_1_296' title='bbox 1562 1142 1804 1197; x_wconf 72' lang='lat' dir='ltr'><strong>dedimus</strong></span> <span class='ocrx_word' id='word_1_297' title='bbox 1817 1181 1834 1208; x_wconf 85' lang='lat'><strong>,</strong></span> <span class='ocrx_word' id='word_1_298' title='bbox 1853 1161 1950 1196; x_wconf 71' lang='lat' dir='ltr'><strong>nos</strong></span> <span class='ocrx_word' id='word_1_299' title='bbox 1969 1142 2205 1196; x_wconf 73' lang='lat' dir='ltr'><strong>crinibus</strong></span> <span class='ocrx_word' id='word_1_300' title='bbox 2223 1160 2468 1213; x_wconf 57' lang='lat' dir='ltr'><strong>unguen</strong></span> <span class='ocrx_word' id='word_1_301' title='bbox 2499 1143 2602 1196; x_wconf 83' lang='lat' dir='ltr'><strong>Vi·</strong></span> 
     </span>
     <span class='ocr_line' id='line_1_51' title="bbox 1563 1219 2600 1290; baseline -0.002 -14"><span class='ocrx_word' id='word_1_302' title='bbox 1563 1233 1678 1276; x_wconf 87' lang='lat' dir='ltr'><strong>ctor</strong></span> <span class='ocrx_word' id='word_1_303' title='bbox 1711 1219 2034 1276; x_wconf 73' lang='lat' dir='ltr'><strong>Abantiades</strong></span> <span class='ocrx_word' id='word_1_304' title='bbox 2071 1221 2196 1275; x_wconf 74' lang='lat' dir='ltr'><strong>alite</strong></span> <span class='ocrx_word' id='word_1_305' title='bbox 2235 1221 2408 1276; x_wconf 73' lang='lat' dir='ltr'><strong>fertur</strong></span> <span class='ocrx_word' id='word_1_306' title='bbox 2433 1239 2600 1290; x_wconf 87' lang='lat' dir='ltr'><strong>equo.</strong></span> 
     </span>
     <span class='ocr_line' id='line_1_52' title="bbox 1563 1300 2606 1374; baseline 0 -20"><span class='ocrx_word' id='word_1_307' title='bbox 1563 1301 1732 1356; x_wconf 81' lang='lat' dir='ltr'><strong>Iidem</strong></span> <span class='ocrx_word' id='word_1_308' title='bbox 1758 1320 1852 1372; x_wconf 82' lang='lat' dir='ltr'><strong>per</strong></span> <span class='ocrx_word' id='word_1_309' title='bbox 1875 1300 2102 1374; x_wconf 73' lang='lat' dir='ltr'><strong>spatium</strong></span> <span class='ocrx_word' id='word_1_310' title='bbox 2121 1301 2322 1374; x_wconf 80' lang='lat' dir='ltr'><strong>Tityon</strong></span> <span class='ocrx_word' id='word_1_311' title='bbox 2357 1301 2606 1374; x_wconf 78' lang='lat' dir='ltr'><strong>porrexi-</strong></span> 
     </span>
     <span class='ocr_line' id='line_1_53' title="bbox 1567 1380 2606 1454; baseline -0.001 -20"><span class='ocrx_word' id='word_1_312' title='bbox 1567 1400 1684 1434; x_wconf 77' lang='lat' dir='ltr'><strong>mus</strong></span> <span class='ocrx_word' id='word_1_313' title='bbox 1703 1380 1914 1452; x_wconf 51' lang='lat' dir='ltr'><strong>ingena</strong></span> <span class='ocrx_word' id='word_1_314' title='bbox 1930 1381 1998 1433; x_wconf 89' lang='lat' dir='ltr'><strong>Et</strong></span> <span class='ocrx_word' id='word_1_315' title='bbox 2018 1399 2110 1434; x_wconf 74' lang='lat' dir='ltr'><strong>sua</strong></span> <span class='ocrx_word' id='word_1_316' title='bbox 2131 1380 2351 1454; x_wconf 71' lang='lat' dir='ltr'><strong>vipereo</strong></span> <span class='ocrx_word' id='word_1_317' title='bbox 2371 1381 2606 1434; x_wconf 71' lang='lat' dir='ltr'><strong>fecimus</strong></span> 
     </span>
     <span class='ocr_line' id='line_1_54' title="bbox 1567 1459 2608 1515; baseline -0.001 0"><span class='ocrx_word' id='word_1_318' title='bbox 1567 1481 1664 1515; x_wconf 78' lang='lat' dir='ltr'><strong>ora</strong></span> <span class='ocrx_word' id='word_1_319' title='bbox 1684 1461 1802 1514; x_wconf 73' lang='lat' dir='ltr'><strong>caui</strong></span> <span class='ocrx_word' id='word_1_320' title='bbox 1823 1487 1868 1514; x_wconf 70' lang='lat' dir='ltr'><strong>n.</strong></span> <span class='ocrx_word' id='word_1_321' title='bbox 1892 1459 2134 1514; x_wconf 75' lang='lat' dir='ltr'><strong>Tandem</strong></span> <span class='ocrx_word' id='word_1_322' title='bbox 2159 1460 2340 1514; x_wconf 87' lang='lat' dir='ltr'><strong>locum</strong></span> <span class='ocrx_word' id='word_1_323' title='bbox 2361 1459 2440 1513; x_wconf 72' lang='lat' dir='ltr'><strong>cic</strong></span> <span class='ocrx_word' id='word_1_324' title='bbox 2459 1459 2608 1514; x_wconf 72' lang='lat' dir='ltr'><strong>clau-</strong></span> 
     </span>
     <span class='ocr_line' id='line_1_55' title="bbox 1567 1537 2608 1594; baseline 0 -2"><span class='ocrx_word' id='word_1_325' title='bbox 1567 1540 1646 1594; x_wconf 86' lang='lat' dir='ltr'><strong>dit</strong></span> <span class='ocrx_word' id='word_1_326' title='bbox 1679 1557 1694 1594; x_wconf 88' lang='lat'>:</span> <span class='ocrx_word' id='word_1_327' title='bbox 1728 1567 1753 1587; x_wconf 69' lang='grc' dir='ltr'><strong>α</strong></span> <span class='ocrx_word' id='word_1_328' title='bbox 1781 1540 1901 1592; x_wconf 80' lang='lat' dir='ltr'><strong>Exit</strong></span> <span class='ocrx_word' id='word_1_329' title='bbox 1933 1538 1988 1592; x_wconf 87' lang='lat' dir='ltr'><strong>iu</strong></span> <span class='ocrx_word' id='word_1_330' title='bbox 2015 1539 2338 1592; x_wconf 81' lang='lat' dir='ltr'><strong>immensum</strong></span> <span class='ocrx_word' id='word_1_331' title='bbox 2367 1537 2608 1592; x_wconf 81' lang='lat' dir='ltr'><strong>fecunda</strong></span> 
     </span>
     <span class='ocr_line' id='line_1_56' title="bbox 1569 1617 2608 1690; baseline -0.002 -16"><span class='ocrx_word' id='word_1_332' title='bbox 1569 1619 1778 1676; x_wconf 80' lang='lat' dir='ltr'><strong>licentia</strong></span> <span class='ocrx_word' id='word_1_333' title='bbox 1819 1631 2038 1672; x_wconf 80' lang='lat' dir='ltr'><strong>vatum:</strong></span> <span class='ocrx_word' id='word_1_334' title='bbox 2085 1617 2306 1690; x_wconf 75' lang='lat' dir='ltr'><strong>Obligat</strong></span> <span class='ocrx_word' id='word_1_335' title='bbox 2339 1617 2608 1672; x_wconf 74' lang='lat' dir='ltr'><strong>historica</strong></span> 
     </span>
     <span class='ocr_line' id='line_1_57' title="bbox 1561 1695 2321 1754; baseline -0.005 0"><span class='ocrx_word' id='word_1_336' title='bbox 1561 1719 1662 1754; x_wconf 86' lang='lat' dir='ltr'><strong>nec</strong></span> <span class='ocrx_word' id='word_1_337' title='bbox 1691 1718 1786 1754; x_wconf 74' lang='lat' dir='ltr'><strong>sua</strong></span> <span class='ocrx_word' id='word_1_338' title='bbox 1806 1701 1971 1754; x_wconf 80' lang='lat' dir='ltr'><strong>verba</strong></span> <span class='ocrx_word' id='word_1_339' title='bbox 1997 1695 2104 1750; x_wconf 81' lang='lat' dir='ltr'><strong>fide</strong></span> <span class='ocrx_word' id='word_1_340' title='bbox 2130 1721 2174 1750; x_wconf 74' lang='grc' dir='ltr'><strong>ι.</strong></span> <span class='ocrx_word' id='word_1_341' title='bbox 2213 1697 2321 1750; x_wconf 82' lang='lat' dir='ltr'><strong>Eu.</strong></span> 
     </span>
    </p>

    <p class='ocr_par' dir='ltr' id='par_1_8' title="bbox 1564 1776 2678 4066">
     <span class='ocr_line' id='line_1_58' title="bbox 1637 1776 2610 1851; baseline -0.001 -20"><span class='ocrx_word' id='word_1_342' title='bbox 1637 1795 1724 1851; x_wconf 82' lang='lat'><strong>79.</strong></span> <span class='ocrx_word' id='word_1_343' title='bbox 1739 1778 1939 1832; x_wconf 63' lang='lat' dir='ltr'><strong>Omnes</strong></span> <span class='ocrx_word' id='word_1_344' title='bbox 1957 1776 2082 1830; x_wconf 85' lang='lat' dir='ltr'><strong>libri</strong></span> <span class='ocrx_word' id='word_1_345' title='bbox 2101 1776 2303 1830; x_wconf 83' lang='lat' dir='ltr'><strong>habent</strong></span> <span class='ocrx_word' id='word_1_346' title='bbox 2318 1777 2610 1830; x_wconf 70' lang='lat' dir='ltr'><strong>Sollicitam</strong></span> 
     </span>
     <span class='ocr_line' id='line_1_59' title="bbox 1565 1860 2606 1927; baseline 0 -17"><span class='ocrx_word' id='word_1_347' title='bbox 1565 1877 1750 1927; x_wconf 75' lang='lat' dir='ltr'><strong>magna</strong></span> <span class='ocrx_word' id='word_1_348' title='bbox 1785 1873 1832 1909; x_wconf 83' lang='lat' dir='ltr'><strong>te</strong></span> <span class='ocrx_word' id='word_1_349' title='bbox 1865 1860 2045 1909; x_wconf 72' lang='lat' dir='ltr'><strong>circum</strong></span> <span class='ocrx_word' id='word_1_350' title='bbox 2060 1896 2076 1919; x_wconf 90' lang='lat'><strong><em>,</em></strong></span> <span class='ocrx_word' id='word_1_351' title='bbox 2135 1861 2344 1910; x_wconf 71' lang='lat' dir='ltr'><strong>Tantalo</strong></span> <span class='ocrx_word' id='word_1_352' title='bbox 2363 1895 2378 1918; x_wconf 85' lang='lat'><strong>,</strong></span> <span class='ocrx_word' id='word_1_353' title='bbox 2421 1878 2606 1926; x_wconf 74' lang='lat' dir='ltr'><strong>poma.</strong></span> 
     </span>
     <span class='ocr_line' id='line_1_60' title="bbox 1565 1935 2612 2010; baseline 0 -20"><span class='ocrx_word' id='word_1_354' title='bbox 1565 1945 1796 1991; x_wconf 83' lang='lat' dir='ltr'><strong>Tantum</strong></span> <span class='ocrx_word' id='word_1_355' title='bbox 1818 1937 2039 1990; x_wconf 67' lang='lat' dir='ltr'><strong>Helmzt.</strong></span> <span class='ocrx_word' id='word_1_356' title='bbox 2061 1948 2116 1990; x_wconf 89' lang='lat' dir='ltr'><strong>et</strong></span> <span class='ocrx_word' id='word_1_357' title='bbox 2139 1937 2276 1990; x_wconf 86' lang='lat' dir='ltr'><strong>Luc.</strong></span> <span class='ocrx_word' id='word_1_358' title='bbox 2302 1935 2386 1991; x_wconf 87' lang='lat' dir='ltr'><strong>ed.</strong></span> <span class='ocrx_word' id='word_1_359' title='bbox 2415 1937 2612 2010; x_wconf 82' lang='lat' dir='ltr'><strong>legunt</strong></span> 
     </span>
     <span class='ocr_line' id='line_1_61' title="bbox 1566 2019 2610 2090; baseline 0.002 -21"><span class='ocrx_word' id='word_1_360' title='bbox 1566 2021 1844 2070; x_wconf 75' lang='lat' dir='ltr'><strong>Sollicitam</strong></span> <span class='ocrx_word' id='word_1_361' title='bbox 1862 2021 1953 2071; x_wconf 77' lang='lat' dir='ltr'><strong>illi.</strong></span> <span class='ocrx_word' id='word_1_362' title='bbox 1977 2019 2078 2072; x_wconf 80' lang='lat' dir='ltr'><strong>Pro</strong></span> <span class='ocrx_word' id='word_1_363' title='bbox 2095 2033 2142 2069; x_wconf 76' lang='lat' dir='ltr'><strong>ce</strong></span> <span class='ocrx_word' id='word_1_364' title='bbox 2159 2021 2342 2070; x_wconf 76' lang='lat' dir='ltr'><strong>circum</strong></span> <span class='ocrx_word' id='word_1_365' title='bbox 2361 2019 2610 2090; x_wconf 78' lang='lat' dir='ltr'><strong>Scaliger</strong></span> 
     </span>
     <span class='ocr_line' id='line_1_62' title="bbox 1567 2097 2608 2170; baseline -0.001 -19"><span class='ocrx_word' id='word_1_366' title='bbox 1567 2099 1680 2151; x_wconf 77' lang='lat' dir='ltr'><strong>vult</strong></span> <span class='ocrx_word' id='word_1_367' title='bbox 1703 2113 1751 2150; x_wconf 77' lang='lat' dir='ltr'><strong>te</strong></span> <span class='ocrx_word' id='word_1_368' title='bbox 1768 2101 1948 2149; x_wconf 69' lang='lat' dir='ltr'><strong>sicema</strong></span> <span class='ocrx_word' id='word_1_369' title='bbox 1965 2097 2050 2152; x_wconf 73' lang='lat' dir='ltr'><strong>vel</strong></span> <span class='ocrx_word' id='word_1_370' title='bbox 2073 2118 2272 2150; x_wconf 77' lang='lat' dir='ltr'><strong>curvum</strong></span> <span class='ocrx_word' id='word_1_371' title='bbox 2283 2137 2302 2160; x_wconf 90' lang='lat'><em>‚</em></span> <span class='ocrx_word' id='word_1_372' title='bbox 2331 2098 2370 2150; x_wconf 89' lang='lat' dir='ltr'><strong>i.</strong></span> <span class='ocrx_word' id='word_1_373' title='bbox 2399 2117 2452 2150; x_wconf 85' lang='lat' dir='ltr'><strong>e.</strong></span> <span class='ocrx_word' id='word_1_374' title='bbox 2477 2117 2608 2170; x_wconf 83' lang='lat' dir='ltr'><strong>pro-</strong></span> 
     </span>
     <span class='ocr_line' id='line_1_63' title="bbox 1568 2175 2603 2240; baseline 0 -12"><span class='ocrx_word' id='word_1_375' title='bbox 1568 2194 1697 2229; x_wconf 88' lang='lat' dir='ltr'><strong>num</strong></span> <span class='ocrx_word' id='word_1_376' title='bbox 1747 2175 1816 2229; x_wconf 76' lang='lat' dir='ltr'><strong>ad</strong></span> <span class='ocrx_word' id='word_1_377' title='bbox 1867 2175 2176 2230; x_wconf 84' lang='lat' dir='ltr'><strong>bibendum.</strong></span> <span class='ocrx_word' id='word_1_378' title='bbox 2227 2176 2334 2230; x_wconf 81' lang='lat' dir='ltr'><strong>Sed</strong></span> <span class='ocrx_word' id='word_1_379' title='bbox 2381 2180 2573 2228; x_wconf 75' lang='lat' dir='ltr'><strong>circum</strong></span> <span class='ocrx_word' id='word_1_380' title='bbox 2585 2217 2603 2240; x_wconf 86' lang='lat'>‚</span> 
     </span>
     <span class='ocr_line' id='line_1_64' title="bbox 1567 2253 2611 2326; baseline 0.002 -19"><span class='ocrx_word' id='word_1_381' title='bbox 1567 2253 1714 2326; x_wconf 86' lang='lat' dir='ltr'><strong>quod</strong></span> <span class='ocrx_word' id='word_1_382' title='bbox 1737 2272 1920 2308; x_wconf 78' lang='lat' dir='ltr'><strong>omnes</strong></span> <span class='ocrx_word' id='word_1_383' title='bbox 1945 2255 2173 2321; x_wconf 85' lang='lat' dir='ltr'><strong>habent,</strong></span> <span class='ocrx_word' id='word_1_384' title='bbox 2201 2255 2410 2310; x_wconf 80' lang='lat' dir='ltr'><strong>indicat</strong></span> <span class='ocrx_word' id='word_1_385' title='bbox 2436 2274 2611 2326; x_wconf 76' lang='lat' dir='ltr'><strong>aquas</strong></span> 
     </span>
     <span class='ocr_line' id='line_1_65' title="bbox 1564 2333 2612 2406; baseline 0.002 -20"><span class='ocrx_word' id='word_1_386' title='bbox 1564 2334 1796 2388; x_wconf 75' lang='lat' dir='ltr'><strong>Tantalo</strong></span> <span class='ocrx_word' id='word_1_387' title='bbox 1815 2333 2168 2386; x_wconf 75' lang='lat' dir='ltr'><strong>circumdatae</strong></span> <span class='ocrx_word' id='word_1_388' title='bbox 2185 2372 2201 2398; x_wconf 92' lang='lat'><strong>,</strong></span> <span class='ocrx_word' id='word_1_389' title='bbox 2230 2334 2387 2406; x_wconf 85' lang='lat' dir='ltr'><strong>eique</strong></span> <span class='ocrx_word' id='word_1_390' title='bbox 2407 2355 2474 2390; x_wconf 83' lang='lat' dir='ltr'><strong>ex</strong></span> <span class='ocrx_word' id='word_1_391' title='bbox 2495 2355 2612 2388; x_wconf 85' lang='lat' dir='ltr'><strong>om·</strong></span> 
     </span>
     <span class='ocr_line' id='line_1_66' title="bbox 1567 2411 2610 2485; baseline 0.004 -21"><span class='ocrx_word' id='word_1_392' title='bbox 1567 2412 1626 2464; x_wconf 89' lang='lat' dir='ltr'><strong>ni</strong></span> <span class='ocrx_word' id='word_1_393' title='bbox 1648 2425 1799 2485; x_wconf 85' lang='lat' dir='ltr'><strong>parte</strong></span> <span class='ocrx_word' id='word_1_394' title='bbox 1816 2411 2120 2485; x_wconf 85' lang='lat' dir='ltr'><strong>cupidinem</strong></span> <span class='ocrx_word' id='word_1_395' title='bbox 2139 2413 2390 2478; x_wconf 84' lang='lat' dir='ltr'><strong>incendi,</strong></span> <span class='ocrx_word' id='word_1_396' title='bbox 2413 2427 2476 2468; x_wconf 90' lang='lat' dir='ltr'><strong>ut</strong></span> <span class='ocrx_word' id='word_1_397' title='bbox 2495 2415 2610 2468; x_wconf 75' lang='lat' dir='ltr'><strong>vim</strong></span> 
     </span>
     <span class='ocr_line' id='line_1_67' title="bbox 1567 2491 2610 2566; baseline 0.005 -20"><span class='ocrx_word' id='word_1_398' title='bbox 1567 2491 1730 2564; x_wconf 77' lang='lat' dir='ltr'><strong>hujus</strong></span> <span class='ocrx_word' id='word_1_399' title='bbox 1751 2493 1896 2546; x_wconf 83' lang='lat' dir='ltr'><strong>vocis</strong></span> <span class='ocrx_word' id='word_1_400' title='bbox 1915 2492 2054 2545; x_wconf 74' lang='lat' dir='ltr'><strong>bene</strong></span> <span class='ocrx_word' id='word_1_401' title='bbox 2075 2494 2304 2565; x_wconf 87' lang='lat' dir='ltr'><strong>explicat</strong></span> <span class='ocrx_word' id='word_1_402' title='bbox 2324 2494 2574 2566; x_wconf 80' lang='lat' dir='ltr'><strong>Heynius</strong></span> <span class='ocrx_word' id='word_1_403' title='bbox 2593 2533 2610 2559; x_wconf 87' lang='lat'>,</span> 
     </span>
     <span class='ocr_line' id='line_1_68' title="bbox 1569 2569 2608 2646; baseline 0.002 -22"><span class='ocrx_word' id='word_1_404' title='bbox 1569 2569 1636 2624; x_wconf 81' lang='lat' dir='ltr'><strong>ad</strong></span> <span class='ocrx_word' id='word_1_405' title='bbox 1655 2571 1882 2622; x_wconf 77' lang='lat' dir='ltr'><strong>similem</strong></span> <span class='ocrx_word' id='word_1_406' title='bbox 1895 2571 2072 2624; x_wconf 87' lang='lat' dir='ltr'><strong>locum</strong></span> <span class='ocrx_word' id='word_1_407' title='bbox 2092 2571 2330 2638; x_wconf 86' lang='lat' dir='ltr'><strong>Tibulli,</strong></span> <span class='ocrx_word' id='word_1_408' title='bbox 2351 2572 2400 2638; x_wconf 88' lang='grc' dir='ltr'><strong>Ι,</strong></span> <span class='ocrx_word' id='word_1_409' title='bbox 2421 2575 2478 2638; x_wconf 85' lang='grc'><strong>3,</strong></span> <span class='ocrx_word' id='word_1_410' title='bbox 2507 2593 2608 2646; x_wconf 84' lang='lat'><strong>77:</strong></span> 
     </span>
     <span class='ocr_line' id='line_1_69' title="bbox 1573 2650 2612 2717; baseline 0.005 -15"><span class='ocrx_word' id='word_1_411' title='bbox 1573 2650 1871 2702; x_wconf 72' lang='lat' dir='ltr'><strong>«Tantalus</strong></span> <span class='ocrx_word' id='word_1_412' title='bbox 1899 2661 1977 2702; x_wconf 83' lang='lat' dir='ltr'><strong>est</strong></span> <span class='ocrx_word' id='word_1_413' title='bbox 2000 2650 2111 2704; x_wconf 85' lang='lat' dir='ltr'><strong>illic</strong></span> <span class='ocrx_word' id='word_1_414' title='bbox 2127 2692 2143 2717; x_wconf 87' lang='lat'>,</span> <span class='ocrx_word' id='word_1_415' title='bbox 2181 2663 2236 2704; x_wconf 89' lang='lat' dir='ltr'><strong>et</strong></span> <span class='ocrx_word' id='word_1_416' title='bbox 2263 2651 2472 2704; x_wconf 83' lang='lat' dir='ltr'><strong>circum</strong></span> <span class='ocrx_word' id='word_1_417' title='bbox 2505 2665 2612 2707; x_wconf 72' lang='lat' dir='ltr'><strong>sta-</strong></span> 
     </span>
     <span class='ocr_line' id='line_1_70' title="bbox 1568 2727 2611 2803; baseline 0.007 -24"><span class='ocrx_word' id='word_1_418' title='bbox 1568 2747 1674 2800; x_wconf 73' lang='lat' dir='ltr'><strong>gna</strong></span> <span class='ocrx_word' id='word_1_419' title='bbox 1689 2765 1705 2792; x_wconf 86' lang='lat'>‚</span> <span class='ocrx_word' id='word_1_420' title='bbox 1733 2727 1826 2782; x_wconf 83' lang='lat' dir='ltr'><strong>sed</strong></span> <span class='ocrx_word' id='word_1_421' title='bbox 1849 2748 2026 2781; x_wconf 77' lang='lat' dir='ltr'><strong>acrem</strong></span> <span class='ocrx_word' id='word_1_422' title='bbox 2050 2731 2280 2802; x_wconf 81' lang='lat' dir='ltr'><strong>Jamjam</strong></span> <span class='ocrx_word' id='word_1_423' title='bbox 2306 2733 2494 2803; x_wconf 82' lang='lat' dir='ltr'><strong>poturi</strong></span> <span class='ocrx_word' id='word_1_424' title='bbox 2517 2732 2611 2786; x_wconf 87' lang='lat' dir='ltr'><strong>de-</strong></span> 
     </span>
     <span class='ocr_line' id='line_1_71' title="bbox 1569 2806 2614 2878; baseline 0.005 -20"><span class='ocrx_word' id='word_1_425' title='bbox 1569 2807 1696 2859; x_wconf 79' lang='lat' dir='ltr'><strong>serit</strong></span> <span class='ocrx_word' id='word_1_426' title='bbox 1715 2806 1864 2860; x_wconf 78' lang='lat' dir='ltr'><strong>unda</strong></span> <span class='ocrx_word' id='word_1_427' title='bbox 1882 2808 2020 2860; x_wconf 83' lang='lat' dir='ltr'><strong>sitim</strong></span> <span class='ocrx_word' id='word_1_428' title='bbox 2039 2835 2083 2863; x_wconf 69' lang='lat' dir='ltr'><strong>n.</strong></span> <span class='ocrx_word' id='word_1_429' title='bbox 2105 2810 2340 2864; x_wconf 81' lang='lat' dir='ltr'><strong>Antonio</strong></span> <span class='ocrx_word' id='word_1_430' title='bbox 2379 2815 2442 2860; x_wconf 84' lang='lat' dir='ltr'><strong>de</strong></span> <span class='ocrx_word' id='word_1_431' title='bbox 2471 2817 2614 2878; x_wconf 72' lang='lat' dir='ltr'><strong>Rooy</strong></span> 
     </span>
     <span class='ocr_line' id='line_1_72' title="bbox 1568 2889 2614 2962; baseline 0.005 -22"><span class='ocrx_word' id='word_1_432' title='bbox 1568 2889 1636 2941; x_wconf 83' lang='grc' dir='ltr'><strong>τὰ</strong></span> <span class='ocrx_word' id='word_1_433' title='bbox 1655 2907 1839 2954; x_wconf 75' lang='lat' dir='ltr'><strong>magna</strong></span> <span class='ocrx_word' id='word_1_434' title='bbox 1866 2908 2019 2956; x_wconf 75' lang='lat' dir='ltr'><strong>poena</strong></span> <span class='ocrx_word' id='word_1_435' title='bbox 2047 2901 2290 2962; x_wconf 77' lang='lat' dir='ltr'><strong>suspecta</strong></span> <span class='ocrx_word' id='word_1_436' title='bbox 2321 2901 2449 2942; x_wconf 82' lang='lat' dir='ltr'><strong>sunt</strong></span> <span class='ocrx_word' id='word_1_437' title='bbox 2468 2929 2486 2956; x_wconf 85' lang='lat'>‚</span> <span class='ocrx_word' id='word_1_438' title='bbox 2511 2911 2614 2962; x_wconf 81' lang='lat' dir='ltr'><strong>pro</strong></span> 
     </span>
     <span class='ocr_line' id='line_1_73' title="bbox 1570 2965 2612 3038; baseline 0.005 -20"><span class='ocrx_word' id='word_1_439' title='bbox 1570 2966 1740 3037; x_wconf 73' lang='lat' dir='ltr'><strong>iisque</strong></span> <span class='ocrx_word' id='word_1_440' title='bbox 1759 2965 1894 3020; x_wconf 81' lang='lat' dir='ltr'><strong>forte</strong></span> <span class='ocrx_word' id='word_1_441' title='bbox 1920 2988 2141 3020; x_wconf 81' lang='lat' dir='ltr'><strong>macrum</strong></span> <span class='ocrx_word' id='word_1_442' title='bbox 2163 2980 2214 3020; x_wconf 86' lang='lat' dir='ltr'><strong>et</strong></span> <span class='ocrx_word' id='word_1_443' title='bbox 2229 2973 2396 3038; x_wconf 76' lang='lat' dir='ltr'><strong>pomis</strong></span> <span class='ocrx_word' id='word_1_444' title='bbox 2413 2972 2612 3023; x_wconf 76' lang='lat' dir='ltr'><strong>substi—</strong></span> 
     </span>
     <span class='ocr_line' id='line_1_74' title="bbox 1567 3043 2616 3117; baseline 0.004 -18"><span class='ocrx_word' id='word_1_445' title='bbox 1567 3043 1826 3099; x_wconf 87' lang='lat' dir='ltr'><strong>tuendum</strong></span> <span class='ocrx_word' id='word_1_446' title='bbox 1854 3057 2023 3117; x_wconf 81' lang='lat' dir='ltr'><strong>putat.</strong></span> <span class='ocrx_word' id='word_1_447' title='bbox 2048 3047 2184 3099; x_wconf 85' lang='lat' dir='ltr'><strong>Mihi</strong></span> <span class='ocrx_word' id='word_1_448' title='bbox 2214 3047 2406 3101; x_wconf 80' lang='lat' dir='ltr'><strong>eadem</strong></span> <span class='ocrx_word' id='word_1_449' title='bbox 2447 3049 2616 3103; x_wconf 79' lang='lat' dir='ltr'><strong>valde</strong></span> 
     </span>
     <span class='ocr_line' id='line_1_75' title="bbox 1569 3123 2615 3196; baseline 0.006 -20"><span class='ocrx_word' id='word_1_450' title='bbox 1569 3123 1760 3196; x_wconf 81' lang='lat' dir='ltr'><strong>frigere</strong></span> <span class='ocrx_word' id='word_1_451' title='bbox 1778 3123 2025 3177; x_wconf 82' lang='lat' dir='ltr'><strong>videntur</strong></span> <span class='ocrx_word' id='word_1_452' title='bbox 2044 3164 2059 3189; x_wconf 93' lang='lat'>,</span> <span class='ocrx_word' id='word_1_453' title='bbox 2078 3125 2171 3179; x_wconf 84' lang='lat' dir='ltr'><strong>sed</strong></span> <span class='ocrx_word' id='word_1_454' title='bbox 2190 3128 2383 3180; x_wconf 79' lang='lat' dir='ltr'><strong>citatus</strong></span> <span class='ocrx_word' id='word_1_455' title='bbox 2399 3127 2615 3182; x_wconf 85' lang='lat' dir='ltr'><strong>Tibulli</strong></span> 
     </span>
     <span class='ocr_line' id='line_1_76' title="bbox 1569 3201 2614 3261; baseline 0.007 -7"><span class='ocrx_word' id='word_1_456' title='bbox 1569 3201 1718 3256; x_wconf 79' lang='lat' dir='ltr'><strong>locus</strong></span> <span class='ocrx_word' id='word_1_457' title='bbox 1745 3202 1950 3255; x_wconf 79' lang='lat' dir='ltr'><strong>facilem</strong></span> <span class='ocrx_word' id='word_1_458' title='bbox 1976 3215 2028 3257; x_wconf 87' lang='lat' dir='ltr'><strong>et</strong></span> <span class='ocrx_word' id='word_1_459' title='bbox 2051 3217 2252 3258; x_wconf 82' lang='lat' dir='ltr'><strong>certam</strong></span> <span class='ocrx_word' id='word_1_460' title='bbox 2271 3205 2614 3261; x_wconf 82' lang='lat' dir='ltr'><strong>emendatio·</strong></span> 
     </span>
     <span class='ocr_line' id='line_1_77' title="bbox 1572 3275 2615 3353; baseline 0.009 -22"><span class='ocrx_word' id='word_1_461' title='bbox 1572 3299 1696 3333; x_wconf 86' lang='lat' dir='ltr'><strong>nem</strong></span> <span class='ocrx_word' id='word_1_462' title='bbox 1727 3275 2054 3353; x_wconf 81' lang='lat' dir='ltr'><strong>suppeditat.</strong></span> <span class='ocrx_word' id='word_1_463' title='bbox 2093 3283 2314 3336; x_wconf 86' lang='lat' dir='ltr'><strong>Scribo:</strong></span> <span class='ocrx_word' id='word_1_464' title='bbox 2345 3311 2373 3330; x_wconf 75' lang='grc' dir='ltr'><strong>ιι</strong></span> <span class='ocrx_word' id='word_1_465' title='bbox 2395 3285 2615 3340; x_wconf 87' lang='lat' dir='ltr'><strong>Sollici-</strong></span> 
     </span>
     <span class='ocr_line' id='line_1_78' title="bbox 1571 3362 2614 3432; baseline 0.007 -22"><span class='ocrx_word' id='word_1_466' title='bbox 1571 3371 1685 3412; x_wconf 79' lang='lat' dir='ltr'><strong>tant</strong></span> <span class='ocrx_word' id='word_1_467' title='bbox 1729 3373 1915 3432; x_wconf 78' lang='lat' dir='ltr'><strong>stagno</strong></span> <span class='ocrx_word' id='word_1_468' title='bbox 1965 3373 2016 3413; x_wconf 90' lang='lat' dir='ltr'><strong>te</strong></span> <span class='ocrx_word' id='word_1_469' title='bbox 2061 3362 2267 3416; x_wconf 85' lang='lat' dir='ltr'><strong>circum</strong></span> <span class='ocrx_word' id='word_1_470' title='bbox 2287 3403 2304 3429; x_wconf 86' lang='lat'><em>‚</em></span> <span class='ocrx_word' id='word_1_471' title='bbox 2337 3365 2580 3418; x_wconf 80' lang='lat' dir='ltr'><strong>Tantale</strong></span> <span class='ocrx_word' id='word_1_472' title='bbox 2598 3407 2614 3430; x_wconf 89' lang='lat'><strong>‚</strong></span> 
     </span>
     <span class='ocr_line' id='line_1_79' title="bbox 1569 3438 2678 3512; baseline 0.01 -24"><span class='ocrx_word' id='word_1_473' title='bbox 1569 3438 1726 3508; x_wconf 87' lang='lat' dir='ltr'><strong>pleno</strong></span> <span class='ocrx_word' id='word_1_474' title='bbox 1747 3479 1762 3504; x_wconf 93' lang='lat'>,</span> <span class='ocrx_word' id='word_1_475' title='bbox 1785 3439 2186 3512; x_wconf 85' lang='lat' dir='ltr'><strong>Sollicitantqne</strong></span> <span class='ocrx_word' id='word_1_476' title='bbox 2205 3442 2292 3496; x_wconf 79' lang='lat' dir='ltr'><strong>siti</strong></span> <span class='ocrx_word' id='word_1_477' title='bbox 2310 3467 2351 3494; x_wconf 71' lang='lat' dir='ltr'><strong>n.</strong></span> <span class='ocrx_word' id='word_1_478' title='bbox 2373 3444 2616 3498; x_wconf 79' lang='lat' dir='ltr'><strong>Librarii</strong></span> <span class='ocrx_word' id='word_1_479' title='bbox 2664 3464 2678 3471; x_wconf 82' lang='grc'><em>·</em></span> 
     </span>
     <span class='ocr_line' id='line_1_80' title="bbox 1570 3522 2618 3589; baseline 0.008 -20"><span class='ocrx_word' id='word_1_480' title='bbox 1570 3535 1746 3570; x_wconf 85' lang='lat' dir='ltr'><strong>errore</strong></span> <span class='ocrx_word' id='word_1_481' title='bbox 1791 3538 1821 3570; x_wconf 89' lang='lat' dir='ltr'><strong>e</strong></span> <span class='ocrx_word' id='word_1_482' title='bbox 1861 3535 2038 3589; x_wconf 78' lang='lat' dir='ltr'><strong>stagno</strong></span> <span class='ocrx_word' id='word_1_483' title='bbox 2077 3525 2229 3588; x_wconf 73' lang='lat' dir='ltr'><strong>pleno</strong></span> <span class='ocrx_word' id='word_1_484' title='bbox 2273 3522 2433 3575; x_wconf 75' lang='lat' dir='ltr'><strong>facile</strong></span> <span class='ocrx_word' id='word_1_485' title='bbox 2480 3526 2618 3578; x_wconf 83' lang='lat' dir='ltr'><strong>oriri</strong></span> 
     </span>
     <span class='ocr_line' id='line_1_81' title="bbox 1570 3600 2618 3671; baseline 0.008 -24"><span class='ocrx_word' id='word_1_486' title='bbox 1570 3617 1752 3666; x_wconf 79' lang='lat' dir='ltr'><strong>magna</strong></span> <span class='ocrx_word' id='word_1_487' title='bbox 1762 3619 1915 3666; x_wconf 77' lang='lat' dir='ltr'><strong>poena</strong></span> <span class='ocrx_word' id='word_1_488' title='bbox 1927 3600 2097 3670; x_wconf 83' lang='lat' dir='ltr'><strong>potuit</strong></span> <span class='ocrx_word' id='word_1_489' title='bbox 2118 3618 2132 3652; x_wconf 75' lang='grc' dir='ltr'><strong><em>ε</em></strong></span> <span class='ocrx_word' id='word_1_490' title='bbox 2152 3617 2388 3671; x_wconf 74' lang='lat' dir='ltr'><strong>stagnum</strong></span> <span class='ocrx_word' id='word_1_491' title='bbox 2401 3607 2618 3670; x_wconf 80' lang='lat' dir='ltr'><strong>plenum</strong></span> 
     </span>
     <span class='ocr_line' id='line_1_82' title="bbox 1570 3674 2616 3753; baseline 0.007 -25"><span class='ocrx_word' id='word_1_492' title='bbox 1570 3674 1763 3728; x_wconf 82' lang='lat' dir='ltr'><strong>dicitur</strong></span> <span class='ocrx_word' id='word_1_493' title='bbox 1782 3717 1798 3742; x_wconf 89' lang='lat'>,</span> <span class='ocrx_word' id='word_1_494' title='bbox 1830 3689 1888 3728; x_wconf 89' lang='lat' dir='ltr'><strong>ut</strong></span> <span class='ocrx_word' id='word_1_495' title='bbox 1897 3682 2092 3747; x_wconf 80' lang='lat' dir='ltr'><strong>flumen</strong></span> <span class='ocrx_word' id='word_1_496' title='bbox 2116 3683 2322 3746; x_wconf 83' lang='lat' dir='ltr'><strong>plenum</strong></span> <span class='ocrx_word' id='word_1_497' title='bbox 2341 3681 2581 3753; x_wconf 86' lang='lat' dir='ltr'><strong>Virgilio</strong></span> <span class='ocrx_word' id='word_1_498' title='bbox 2601 3723 2616 3749; x_wconf 88' lang='lat'><strong>,</strong></span> 
     </span>
     <span class='ocr_line' id='line_1_83' title="bbox 1571 3754 2616 3828; baseline 0.008 -22"><span class='ocrx_word' id='word_1_499' title='bbox 1571 3754 1763 3826; x_wconf 85' lang='lat' dir='ltr'><strong>Georg.</strong></span> <span class='ocrx_word' id='word_1_500' title='bbox 1802 3756 1916 3820; x_wconf 90' lang='lat'>111,</span> <span class='ocrx_word' id='word_1_501' title='bbox 1959 3759 2088 3822; x_wconf 68' lang='lat'>143,</span> <span class='ocrx_word' id='word_1_502' title='bbox 2121 3759 2244 3811; x_wconf 85' lang='lat' dir='ltr'><strong>AEn.</strong></span> <span class='ocrx_word' id='word_1_503' title='bbox 2277 3759 2416 3811; x_wconf 90' lang='lat' dir='ltr'>VIII</span> <span class='ocrx_word' id='word_1_504' title='bbox 2443 3799 2460 3823; x_wconf 90' lang='lat'>,</span> <span class='ocrx_word' id='word_1_505' title='bbox 2502 3764 2575 3814; x_wconf 80' lang='lat'><strong>62</strong></span> <span class='ocrx_word' id='word_1_506' title='bbox 2599 3803 2616 3828; x_wconf 92' lang='lat'>,</span> 
     </span>
     <span class='ocr_line' id='line_1_84' title="bbox 1573 3837 2620 3898; baseline 0.009 -14"><span class='ocrx_word' id='word_1_507' title='bbox 1573 3844 1625 3884; x_wconf 89' lang='lat' dir='ltr'><strong>et</strong></span> <span class='ocrx_word' id='word_1_508' title='bbox 1637 3837 1834 3898; x_wconf 77' lang='lat' dir='ltr'><strong>plenum</strong></span> <span class='ocrx_word' id='word_1_509' title='bbox 1853 3854 2048 3884; x_wconf 79' lang='lat' dir='ltr'><strong>amnem</strong></span> <span class='ocrx_word' id='word_1_510' title='bbox 2075 3837 2269 3890; x_wconf 83' lang='lat' dir='ltr'><strong>Noster</strong></span> <span class='ocrx_word' id='word_1_511' title='bbox 2301 3837 2437 3890; x_wconf 88' lang='lat' dir='ltr'><strong>dicit</strong></span> <span class='ocrx_word' id='word_1_512' title='bbox 2467 3840 2620 3894; x_wconf 81' lang='lat' dir='ltr'><strong>infra</strong></span> 
     </span>
     <span class='ocr_line' id='line_1_85' title="bbox 1573 3915 2617 3974; baseline 0.01 -11"><span class='ocrx_word' id='word_1_513' title='bbox 1573 3931 1628 3964; x_wconf 78' lang='lat' dir='ltr'><strong>v.</strong></span> <span class='ocrx_word' id='word_1_514' title='bbox 1657 3931 1773 3964; x_wconf 74' lang='lat'>120.</span> <span class='ocrx_word' id='word_1_515' title='bbox 1796 3915 2061 3966; x_wconf 77' lang='lat' dir='ltr'><strong>Caeterum</strong></span> <span class='ocrx_word' id='word_1_516' title='bbox 2083 3917 2330 3970; x_wconf 81' lang='lat' dir='ltr'><strong>conferre</strong></span> <span class='ocrx_word' id='word_1_517' title='bbox 2357 3938 2484 3971; x_wconf 88' lang='lat' dir='ltr'><strong>cum</strong></span> <span class='ocrx_word' id='word_1_518' title='bbox 2509 3920 2617 3974; x_wconf 88' lang='lat' dir='ltr'><strong>hoc</strong></span> 
     </span>
     <span class='ocr_line' id='line_1_86' title="bbox 1572 3990 2618 4066; baseline 0.01 -24"><span class='ocrx_word' id='word_1_519' title='bbox 1572 3990 1690 4043; x_wconf 88' lang='lat' dir='ltr'><strong>loco</strong></span> <span class='ocrx_word' id='word_1_520' title='bbox 1711 3992 2008 4046; x_wconf 73' lang='lat' dir='ltr'><strong>Martialem</strong></span> <span class='ocrx_word' id='word_1_521' title='bbox 2035 4007 2184 4066; x_wconf 86' lang='lat' dir='ltr'><strong>potes</strong></span> <span class='ocrx_word' id='word_1_522' title='bbox 2205 3997 2258 4046; x_wconf 87' lang='lat' dir='ltr'>X</span> <span class='ocrx_word' id='word_1_523' title='bbox 2275 4033 2293 4060; x_wconf 88' lang='lat'><strong><em>,</em></strong></span> <span class='ocrx_word' id='word_1_524' title='bbox 2316 3996 2373 4049; x_wconf 84' lang='lat'><strong>5:</strong></span> <span class='ocrx_word' id='word_1_525' title='bbox 2403 4024 2429 4043; x_wconf 74' lang='grc' dir='ltr'><strong>α</strong></span> <span class='ocrx_word' id='word_1_526' title='bbox 2449 3999 2502 4050; x_wconf 89' lang='lat' dir='ltr'>N</span> <span class='ocrx_word' id='word_1_527' title='bbox 2507 4019 2618 4052; x_wconf 86' lang='lat' dir='ltr'><strong>unc</strong></span> 
     </span>
    </p>
   </div>
   <div class='ocr_carea' id='block_1_7' title="bbox 1565 4070 2617 4142">
    <p class='ocr_par' dir='ltr' id='par_1_9' title="bbox 1565 4070 2617 4142">
     <span class='ocr_line' id='line_1_87' title="bbox 1565 4070 2617 4142; baseline 0.01 -20"><span class='ocrx_word' id='word_1_528' title='bbox 1565 4071 1709 4123; x_wconf 80' lang='lat' dir='ltr'><strong>&#39;inter</strong></span> <span class='ocrx_word' id='word_1_529' title='bbox 1733 4070 1900 4124; x_wconf 75' lang='lat' dir='ltr'><strong>undas</strong></span> <span class='ocrx_word' id='word_1_530' title='bbox 1919 4073 2123 4142; x_wconf 82' lang='lat' dir='ltr'><strong>garruli</strong></span> <span class='ocrx_word' id='word_1_531' title='bbox 2147 4075 2285 4128; x_wconf 83' lang='lat' dir='ltr'><strong>senis</strong></span> <span class='ocrx_word' id='word_1_532' title='bbox 2309 4076 2490 4130; x_wconf 78' lang='lat' dir='ltr'><strong>siccus</strong></span> <span class='ocrx_word' id='word_1_533' title='bbox 2511 4079 2617 4132; x_wconf 89' lang='lat' dir='ltr'><strong>Dc-</strong></span> 
     </span>
    </p>
   </div>
   <div class='ocr_carea' id='block_1_8' title="bbox 2954 3049 2966 4617">
    <p class='ocr_par' dir='ltr' id='par_1_10' title="bbox 2954 3049 2966 4617">
     <span class='ocr_line' id='line_1_88' title="bbox 2954 3049 2966 4617; baseline 0 0"><span class='ocrx_word' id='word_1_534' title='bbox 2954 3049 2966 4617; x_wconf 95' lang='lat' dir='ltr'><strong> </strong></span> 
     </span>
    </p>
   </div>
  </div>
 </body>
</html>
