<?xml version="1.0" encoding="UTF-8"?>
<!DOCTYPE html PUBLIC "-//W3C//DTD XHTML 1.0 Transitional//EN"
    "http://www.w3.org/TR/xhtml1/DTD/xhtml1-transitional.dtd">
<html xmlns="http://www.w3.org/1999/xhtml" xml:lang="en" lang="en">
 <head>
  <title>
</title>
<meta http-equiv="Content-Type" content="text/html;charset=utf-8" />
  <meta name='ocr-system' content='tesseract 3.04.00' />
  <meta name='ocr-capabilities' content='ocr_page ocr_carea ocr_par ocr_line ocrx_word'/>
</head>
<body>
  <div class='ocr_page' id='page_1' title='image "./poetaelatinimin00unkngoog_0529.png"; bbox 0 0 2975 4684; ppageno 0'>
   <div class='ocr_carea' id='block_1_1' title="bbox 525 353 664 426">
    <p class='ocr_par' dir='ltr' id='par_1_1' title="bbox 525 353 664 426">
     <span class='ocr_line' id='line_1_1' title="bbox 525 353 664 426; baseline 0 -1"><span class='ocrx_word' id='word_1_1' title='bbox 525 353 664 426; x_wconf 81' lang='lat'><strong>520</strong></span> 
     </span>
    </p>
   </div>
   <div class='ocr_carea' id='block_1_2' title="bbox 1382 357 1804 428">
    <p class='ocr_par' dir='ltr' id='par_1_2' title="bbox 1382 357 1804 428">
     <span class='ocr_line' id='line_1_2' title="bbox 1382 357 1804 428; baseline 0 -3"><span class='ocrx_word' id='word_1_2' title='bbox 1382 357 1488 426; x_wconf 89' lang='lat' dir='ltr'><strong>IN</strong></span> <span class='ocrx_word' id='word_1_3' title='bbox 1503 358 1804 428; x_wconf 74' lang='lat' dir='ltr'>CERTI.</span> 
     </span>
    </p>
   </div>
   <div class='ocr_carea' id='block_1_3' title="bbox 620 476 2674 1214">
    <p class='ocr_par' dir='ltr' id='par_1_3' title="bbox 620 476 2674 1127">
     <span class='ocr_line' id='line_1_3' title="bbox 620 476 2423 576; baseline 0.001 -28"><span class='ocrx_word' id='word_1_4' title='bbox 620 477 932 548; x_wconf 86' lang='lat' dir='ltr'><strong>Immittit</strong></span> <span class='ocrx_word' id='word_1_5' title='bbox 969 476 1294 574; x_wconf 88' lang='lat' dir='ltr'><strong>populos:</strong></span> <span class='ocrx_word' id='word_1_6' title='bbox 1328 478 1566 574; x_wconf 81' lang='lat' dir='ltr'><strong>vulgus</strong></span> <span class='ocrx_word' id='word_1_7' title='bbox 1599 481 1738 550; x_wconf 88' lang='lat' dir='ltr'><strong>ruit</strong></span> <span class='ocrx_word' id='word_1_8' title='bbox 1774 481 2075 576; x_wconf 89' lang='lat' dir='ltr'><strong>undique</strong></span> <span class='ocrx_word' id='word_1_9' title='bbox 2107 482 2423 568; x_wconf 87' lang='lat' dir='ltr'><strong>Graium,</strong></span> 
     </span>
     <span class='ocr_line' id='line_1_4' title="bbox 621 587 2420 687; baseline 0.003 -31"><span class='ocrx_word' id='word_1_10' title='bbox 621 589 886 682; x_wconf 79' lang='lat' dir='ltr'><strong>Vixque</strong></span> <span class='ocrx_word' id='word_1_11' title='bbox 925 588 1105 684; x_wconf 84' lang='lat' dir='ltr'><strong>rogis</strong></span> <span class='ocrx_word' id='word_1_12' title='bbox 1142 604 1445 683; x_wconf 84' lang='lat' dir='ltr'><strong>superest</strong></span> <span class='ocrx_word' id='word_1_13' title='bbox 1476 587 1706 674; x_wconf 88' lang='lat' dir='ltr'><strong>tellus,</strong></span> <span class='ocrx_word' id='word_1_14' title='bbox 1736 591 1847 661; x_wconf 85' lang='lat' dir='ltr'><strong>vix</strong></span> <span class='ocrx_word' id='word_1_15' title='bbox 1880 593 2151 687; x_wconf 87' lang='lat' dir='ltr'>ignibus</span> <span class='ocrx_word' id='word_1_16' title='bbox 2187 592 2420 661; x_wconf 88' lang='lat' dir='ltr'><strong>arbor:</strong></span> 
     </span>
     <span class='ocr_line' id='line_1_5' title="bbox 620 699 2329 793; baseline 0.004 -27"><span class='ocrx_word' id='word_1_17' title='bbox 620 700 869 767; x_wconf 81' lang='lat' dir='ltr'><strong>Deerat</strong></span> <span class='ocrx_word' id='word_1_18' title='bbox 901 723 1059 792; x_wconf 84' lang='lat' dir='ltr'><strong>ager</strong></span> <span class='ocrx_word' id='word_1_19' title='bbox 1103 699 1422 769; x_wconf 89' lang='lat' dir='ltr'><strong>tumulis:</strong></span> <span class='ocrx_word' id='word_1_20' title='bbox 1444 701 1587 793; x_wconf 88' lang='lat' dir='ltr'><strong>jam</strong></span> <span class='ocrx_word' id='word_1_21' title='bbox 1624 701 1840 771; x_wconf 88' lang='lat' dir='ltr'><strong>noctis</strong></span> <span class='ocrx_word' id='word_1_22' title='bbox 1878 701 2095 772; x_wconf 90' lang='lat' dir='ltr'><strong>sidera</strong></span> <span class='ocrx_word' id='word_1_23' title='bbox 2130 727 2329 772; x_wconf 79' lang='lat' dir='ltr'><strong>nonae</strong></span> 
     </span>
     <span class='ocr_line' id='line_1_6' title="bbox 621 809 2489 906; baseline 0.001 -27"><span class='ocrx_word' id='word_1_24' title='bbox 621 810 1052 879; x_wconf 84' lang='lat' dir='ltr'><strong>Transierant</strong></span> <span class='ocrx_word' id='word_1_25' title='bbox 1073 863 1093 898; x_wconf 90' lang='lat'><strong>,</strong></span> <span class='ocrx_word' id='word_1_26' title='bbox 1129 809 1561 904; x_wconf 87' lang='lat' dir='ltr'><strong>decimusque</strong></span> <span class='ocrx_word' id='word_1_27' title='bbox 1594 811 1737 880; x_wconf 87' lang='lat' dir='ltr'><strong>dies</strong></span> <span class='ocrx_word' id='word_1_28' title='bbox 1782 811 2185 906; x_wconf 82' lang='lat' dir='ltr'><strong>patefecerat</strong></span> <span class='ocrx_word' id='word_1_29' title='bbox 2216 812 2489 900; x_wconf 88' lang='lat' dir='ltr'><strong>orbem;</strong></span> 
     </span>
     <span class='ocr_line' id='line_1_7' title="bbox 625 920 2674 1015; baseline 0.001 -27"><span class='ocrx_word' id='word_1_30' title='bbox 625 922 816 990; x_wconf 89' lang='lat' dir='ltr'><strong>Tunc</strong></span> <span class='ocrx_word' id='word_1_31' title='bbox 850 921 1162 990; x_wconf 88' lang='lat' dir='ltr'><strong>Danaum</strong></span> <span class='ocrx_word' id='word_1_32' title='bbox 1193 945 1499 1015; x_wconf 87' lang='lat' dir='ltr'><strong>proceres</strong></span> <span class='ocrx_word' id='word_1_33' title='bbox 1525 921 1597 989; x_wconf 90' lang='lat' dir='ltr'><strong>in</strong></span> <span class='ocrx_word' id='word_1_34' title='bbox 1626 936 1876 991; x_wconf 89' lang='lat' dir='ltr'><strong>coetum</strong></span> <span class='ocrx_word' id='word_1_35' title='bbox 1915 921 2137 992; x_wconf 86' lang='lat' dir='ltr'><strong>clarus</strong></span> <span class='ocrx_word' id='word_1_36' title='bbox 2164 920 2459 992; x_wconf 67' lang='lat' dir='ltr'><strong>Achilles</strong></span> <span class='ocrx_word' id='word_1_37' title='bbox 2626 947 2674 984; x_wconf 83' lang='lat'><strong>⁵·</strong></span> 
     </span>
     <span class='ocr_line' id='line_1_8' title="bbox 623 1032 2291 1127; baseline 0 -27"><span class='ocrx_word' id='word_1_38' title='bbox 623 1033 997 1117; x_wconf 87' lang='lat' dir='ltr'><strong>Convocat,</strong></span> <span class='ocrx_word' id='word_1_39' title='bbox 1039 1047 1109 1100; x_wconf 91' lang='lat' dir='ltr'><strong>et</strong></span> <span class='ocrx_word' id='word_1_40' title='bbox 1146 1055 1409 1100; x_wconf 82' lang='lat' dir='ltr'><strong>caussas</strong></span> <span class='ocrx_word' id='word_1_41' title='bbox 1449 1032 1761 1102; x_wconf 84' lang='lat' dir='ltr'><strong>hortatur</strong></span> <span class='ocrx_word' id='word_1_42' title='bbox 1801 1034 2005 1127; x_wconf 87' lang='lat' dir='ltr'><strong>pestis</strong></span> <span class='ocrx_word' id='word_1_43' title='bbox 2044 1033 2291 1127; x_wconf 83' lang='lat' dir='ltr'><strong>iniquae</strong></span> 
     </span>
    </p>

    <p class='ocr_par' dir='ltr' id='par_1_4' title="bbox 627 1141 2483 1214">
     <span class='ocr_line' id='line_1_9' title="bbox 627 1141 2483 1214; baseline -0.001 -2"><span class='ocrx_word' id='word_1_44' title='bbox 627 1142 841 1212; x_wconf 89' lang='lat' dir='ltr'><strong>Edere</strong></span> <span class='ocrx_word' id='word_1_45' title='bbox 865 1141 1348 1212; x_wconf 90' lang='lat' dir='ltr'><strong>Thestoridem.</strong></span> <span class='ocrx_word' id='word_1_46' title='bbox 1367 1147 1563 1214; x_wconf 90' lang='lat' dir='ltr'><strong>Tunc</strong></span> <span class='ocrx_word' id='word_1_47' title='bbox 1596 1141 1880 1214; x_wconf 89' lang='lat' dir='ltr'><strong>Calchas</strong></span> <span class='ocrx_word' id='word_1_48' title='bbox 1916 1145 2195 1212; x_wconf 89' lang='lat' dir='ltr'><strong>numina</strong></span> <span class='ocrx_word' id='word_1_49' title='bbox 2226 1143 2483 1212; x_wconf 88' lang='lat' dir='ltr'><strong>Divum</strong></span> 
     </span>
    </p>
   </div>
   <div class='ocr_carea' id='block_1_4' title="bbox 625 1250 2679 1901">
    <p class='ocr_par' dir='ltr' id='par_1_5' title="bbox 627 1250 2396 1348">
     <span class='ocr_line' id='line_1_10' title="bbox 627 1250 2396 1348; baseline -0.001 -25"><span class='ocrx_word' id='word_1_50' title='bbox 627 1250 972 1339; x_wconf 88' lang='lat' dir='ltr'><strong>Consulit,</strong></span> <span class='ocrx_word' id='word_1_51' title='bbox 997 1267 1064 1322; x_wconf 89' lang='lat' dir='ltr'><strong>et</strong></span> <span class='ocrx_word' id='word_1_52' title='bbox 1098 1277 1362 1323; x_wconf 88' lang='lat' dir='ltr'><strong>caussas</strong></span> <span class='ocrx_word' id='word_1_53' title='bbox 1398 1254 1651 1347; x_wconf 89' lang='lat' dir='ltr'><strong>pariter</strong></span> <span class='ocrx_word' id='word_1_54' title='bbox 1688 1253 2024 1348; x_wconf 85' lang='lat' dir='ltr'><strong>finemque</strong></span> <span class='ocrx_word' id='word_1_55' title='bbox 2062 1252 2396 1323; x_wconf 87' lang='lat' dir='ltr'><strong>malorum</strong></span> 
     </span>
    </p>

    <p class='ocr_par' dir='ltr' id='par_1_6' title="bbox 625 1357 2287 1459">
     <span class='ocr_line' id='line_1_11' title="bbox 625 1357 2287 1459; baseline -0.001 -26"><span class='ocrx_word' id='word_1_56' title='bbox 625 1362 916 1447; x_wconf 86' lang='lat' dir='ltr'><strong>Invenit,</strong></span> <span class='ocrx_word' id='word_1_57' title='bbox 955 1361 1278 1456; x_wconf 81' lang='lat' dir='ltr'><strong>effarique</strong></span> <span class='ocrx_word' id='word_1_58' title='bbox 1315 1357 1586 1448; x_wconf 84' lang='lat' dir='ltr'><strong>verens,</strong></span> <span class='ocrx_word' id='word_1_59' title='bbox 1617 1389 1745 1459; x_wconf 92' lang='lat' dir='ltr'><strong>ope</strong></span> <span class='ocrx_word' id='word_1_60' title='bbox 1779 1379 1965 1434; x_wconf 92' lang='lat' dir='ltr'><strong>tutus</strong></span> <span class='ocrx_word' id='word_1_61' title='bbox 2005 1361 2287 1434; x_wconf 81' lang='lat' dir='ltr'><strong>Achillis</strong></span> 
     </span>
    </p>

    <p class='ocr_par' dir='ltr' id='par_1_7' title="bbox 629 1471 2679 1567">
     <span class='ocr_line' id='line_1_12' title="bbox 629 1471 2679 1567; baseline 0.002 -27"><span class='ocrx_word' id='word_1_62' title='bbox 629 1473 790 1540; x_wconf 82' lang='lat' dir='ltr'><strong>Haec</strong></span> <span class='ocrx_word' id='word_1_63' title='bbox 819 1471 960 1540; x_wconf 86' lang='lat' dir='ltr'><strong>ait:</strong></span> <span class='ocrx_word' id='word_1_64' title='bbox 993 1501 1028 1535; x_wconf 83' lang='lat'>«</span> <span class='ocrx_word' id='word_1_65' title='bbox 1055 1471 1291 1542; x_wconf 90' lang='lat' dir='ltr'><strong>Infesti</strong></span> <span class='ocrx_word' id='word_1_66' title='bbox 1328 1471 1665 1567; x_wconf 85' lang='lat' dir='ltr'><strong>placemus</strong></span> <span class='ocrx_word' id='word_1_67' title='bbox 1706 1477 1985 1544; x_wconf 87' lang='lat' dir='ltr'><strong>numina</strong></span> <span class='ocrx_word' id='word_1_68' title='bbox 2021 1475 2295 1561; x_wconf 83' lang='lat' dir='ltr'><strong>Phoebi,</strong></span> <span class='ocrx_word' id='word_1_69' title='bbox 2634 1497 2679 1536; x_wconf 80' lang='lat'><strong>⁵⁵</strong></span> 
     </span>
    </p>

    <p class='ocr_par' dir='ltr' id='par_1_8' title="bbox 627 1581 2226 1680">
     <span class='ocr_line' id='line_1_13' title="bbox 627 1581 2226 1680; baseline 0.001 -28"><span class='ocrx_word' id='word_1_70' title='bbox 627 1581 1140 1677; x_wconf 86' lang='lat' dir='ltr'><strong>Reddamusque</strong></span> <span class='ocrx_word' id='word_1_71' title='bbox 1177 1585 1291 1677; x_wconf 90' lang='lat' dir='ltr'><strong>pio</strong></span> <span class='ocrx_word' id='word_1_72' title='bbox 1331 1599 1579 1654; x_wconf 85' lang='lat' dir='ltr'><strong>castam</strong></span> <span class='ocrx_word' id='word_1_73' title='bbox 1618 1584 1983 1680; x_wconf 85' lang='lat' dir='ltr'><strong>Chryseida</strong></span> <span class='ocrx_word' id='word_1_74' title='bbox 2019 1587 2226 1679; x_wconf 87' lang='lat' dir='ltr'><strong>patri,</strong></span> 
     </span>
    </p>

    <p class='ocr_par' dir='ltr' id='par_1_9' title="bbox 630 1692 2331 1901">
     <span class='ocr_line' id='line_1_14' title="bbox 630 1692 2331 1790; baseline 0.002 -28"><span class='ocrx_word' id='word_1_75' title='bbox 630 1695 699 1762; x_wconf 85' lang='lat' dir='ltr'><strong>Si</strong></span> <span class='ocrx_word' id='word_1_76' title='bbox 735 1692 1044 1764; x_wconf 89' lang='lat' dir='ltr'><strong>volumus</strong></span> <span class='ocrx_word' id='word_1_77' title='bbox 1077 1696 1296 1764; x_wconf 92' lang='lat' dir='ltr'><strong>Danai</strong></span> <span class='ocrx_word' id='word_1_78' title='bbox 1329 1709 1567 1790; x_wconf 89' lang='lat' dir='ltr'><strong>portus</strong></span> <span class='ocrx_word' id='word_1_79' title='bbox 1610 1697 1863 1766; x_wconf 86' lang='lat' dir='ltr'><strong>intrare</strong></span> <span class='ocrx_word' id='word_1_80' title='bbox 1900 1694 2131 1766; x_wconf 87' lang='lat' dir='ltr'><strong>salutis</strong></span> <span class='ocrx_word' id='word_1_81' title='bbox 2157 1727 2209 1765; x_wconf 71' lang='lat' dir='ltr'><strong>n.</strong></span> <span class='ocrx_word' id='word_1_82' title='bbox 2322 1775 2331 1782; x_wconf 49' lang='grc'><em>,</em></span> 
     </span>
     <span class='ocr_line' id='line_1_15' title="bbox 731 1804 2167 1901; baseline 0 -25"><span class='ocrx_word' id='word_1_83' title='bbox 731 1804 1042 1892; x_wconf 84' lang='lat' dir='ltr'><strong>Dixerat,</strong></span> <span class='ocrx_word' id='word_1_84' title='bbox 1077 1805 1322 1874; x_wconf 85' lang='lat' dir='ltr'><strong>exarsit</strong></span> <span class='ocrx_word' id='word_1_85' title='bbox 1357 1807 1581 1875; x_wconf 86' lang='lat' dir='ltr'><strong>subito</strong></span> <span class='ocrx_word' id='word_1_86' title='bbox 1614 1806 1932 1876; x_wconf 88' lang='lat' dir='ltr'><strong>violentia</strong></span> <span class='ocrx_word' id='word_1_87' title='bbox 1975 1809 2167 1901; x_wconf 85' lang='lat' dir='ltr'><strong>regis.</strong></span> 
     </span>
    </p>
   </div>
   <div class='ocr_carea' id='block_1_5' title="bbox 535 2042 1567 2993">
    <p class='ocr_par' dir='ltr' id='par_1_10' title="bbox 535 2042 1567 2993">
     <span class='ocr_line' id='line_1_16' title="bbox 611 2042 1563 2111; baseline 0.001 -17"><span class='ocrx_word' id='word_1_88' title='bbox 611 2045 696 2106; x_wconf 74' lang='lat'><strong>46.</strong></span> <span class='ocrx_word' id='word_1_89' title='bbox 731 2045 920 2111; x_wconf 74' lang='lat' dir='ltr'><strong>Vulgus</strong></span> <span class='ocrx_word' id='word_1_90' title='bbox 943 2043 1040 2092; x_wconf 76' lang='lat' dir='ltr'><strong>mit</strong></span> <span class='ocrx_word' id='word_1_91' title='bbox 1063 2044 1306 2110; x_wconf 75' lang='lat' dir='ltr'><strong>undique,</strong></span> <span class='ocrx_word' id='word_1_92' title='bbox 1334 2042 1438 2094; x_wconf 91' lang='lat' dir='ltr'><strong>hoc</strong></span> <span class='ocrx_word' id='word_1_93' title='bbox 1459 2054 1563 2108; x_wconf 72' lang='lat' dir='ltr'><strong>est,</strong></span> 
     </span>
     <span class='ocr_line' id='line_1_17' title="bbox 538 2121 1563 2187; baseline 0 -13"><span class='ocrx_word' id='word_1_94' title='bbox 538 2121 710 2185; x_wconf 87' lang='lat' dir='ltr'><strong>cadit,</strong></span> <span class='ocrx_word' id='word_1_95' title='bbox 737 2122 1008 2174; x_wconf 89' lang='lat' dir='ltr'><strong>occumbit</strong></span> <span class='ocrx_word' id='word_1_96' title='bbox 1033 2121 1264 2174; x_wconf 74' lang='lat' dir='ltr'><strong>moriens</strong></span> <span class='ocrx_word' id='word_1_97' title='bbox 1278 2141 1295 2187; x_wconf 78' lang='lat'>3</span> <span class='ocrx_word' id='word_1_98' title='bbox 1323 2133 1382 2174; x_wconf 88' lang='lat' dir='ltr'><strong>ut</strong></span> <span class='ocrx_word' id='word_1_99' title='bbox 1404 2121 1563 2174; x_wconf 90' lang='lat' dir='ltr'><strong>Sene-</strong></span> 
     </span>
     <span class='ocr_line' id='line_1_18' title="bbox 540 2198 1565 2273; baseline -0.001 -18"><span class='ocrx_word' id='word_1_100' title='bbox 540 2221 598 2255; x_wconf 88' lang='lat' dir='ltr'><strong>ca</strong></span> <span class='ocrx_word' id='word_1_101' title='bbox 618 2242 634 2267; x_wconf 92' lang='lat'><strong>,</strong></span> <span class='ocrx_word' id='word_1_102' title='bbox 653 2199 852 2273; x_wconf 77' lang='lat' dir='ltr'><strong>OEdipi</strong></span> <span class='ocrx_word' id='word_1_103' title='bbox 877 2219 928 2252; x_wconf 77' lang='lat' dir='ltr'><strong>v.</strong></span> <span class='ocrx_word' id='word_1_104' title='bbox 951 2198 1049 2253; x_wconf 85' lang='lat'><strong>53:</strong></span> <span class='ocrx_word' id='word_1_105' title='bbox 1079 2226 1106 2246; x_wconf 72' lang='grc' dir='ltr'><strong>α</strong></span> <span class='ocrx_word' id='word_1_106' title='bbox 1126 2200 1221 2254; x_wconf 72' lang='lat' dir='ltr'><strong>sed</strong></span> <span class='ocrx_word' id='word_1_107' title='bbox 1240 2201 1414 2254; x_wconf 71' lang='lat' dir='ltr'><strong>omnis</strong></span> <span class='ocrx_word' id='word_1_108' title='bbox 1439 2212 1565 2254; x_wconf 70' lang='lat' dir='ltr'><strong>otas</strong></span> 
     </span>
     <span class='ocr_line' id='line_1_19' title="bbox 535 2281 1560 2354; baseline -0.002 -20"><span class='ocrx_word' id='word_1_109' title='bbox 535 2282 734 2354; x_wconf 81' lang='lat' dir='ltr'><strong>pariter</strong></span> <span class='ocrx_word' id='word_1_110' title='bbox 761 2290 812 2334; x_wconf 90' lang='lat' dir='ltr'><strong>et</strong></span> <span class='ocrx_word' id='word_1_111' title='bbox 830 2299 984 2334; x_wconf 75' lang='lat' dir='ltr'><strong>sexus</strong></span> <span class='ocrx_word' id='word_1_112' title='bbox 1010 2281 1120 2333; x_wconf 88' lang='lat' dir='ltr'><strong>ruit</strong></span> <span class='ocrx_word' id='word_1_113' title='bbox 1137 2307 1184 2334; x_wconf 71' lang='lat' dir='ltr'><strong>n.</strong></span> <span class='ocrx_word' id='word_1_114' title='bbox 1213 2281 1480 2334; x_wconf 84' lang='lat' dir='ltr'><strong>Poeticam</strong></span> <span class='ocrx_word' id='word_1_115' title='bbox 1506 2293 1560 2333; x_wconf 89' lang='lat' dir='ltr'><strong>et</strong></span> 
     </span>
     <span class='ocr_line' id='line_1_20' title="bbox 537 2359 1559 2434; baseline 0.001 -21"><span class='ocrx_word' id='word_1_116' title='bbox 537 2372 780 2433; x_wconf 82' lang='lat' dir='ltr'><strong>argutam</strong></span> <span class='ocrx_word' id='word_1_117' title='bbox 819 2379 931 2414; x_wconf 76' lang='lat' dir='ltr'><strong>esee</strong></span> <span class='ocrx_word' id='word_1_118' title='bbox 968 2359 1110 2414; x_wconf 88' lang='lat' dir='ltr'><strong>hanc</strong></span> <span class='ocrx_word' id='word_1_119' title='bbox 1150 2361 1559 2434; x_wconf 82' lang='lat' dir='ltr'><strong>descriptionem</strong></span> 
     </span>
     <span class='ocr_line' id='line_1_21' title="bbox 539 2439 1563 2511; baseline -0.002 -15"><span class='ocrx_word' id='word_1_120' title='bbox 539 2439 727 2511; x_wconf 72' lang='lat' dir='ltr'><strong>stragis</strong></span> <span class='ocrx_word' id='word_1_121' title='bbox 767 2440 959 2492; x_wconf 84' lang='lat' dir='ltr'><strong>fatetur</strong></span> <span class='ocrx_word' id='word_1_122' title='bbox 1000 2440 1248 2493; x_wconf 70' lang='lat' dir='ltr'><strong>Bar-thius</strong></span> <span class='ocrx_word' id='word_1_123' title='bbox 1291 2440 1328 2494; x_wconf 91' lang='grc'><strong>1.</strong></span> <span class='ocrx_word' id='word_1_124' title='bbox 1371 2459 1416 2494; x_wconf 89' lang='lat' dir='ltr'><strong>c.</strong></span> <span class='ocrx_word' id='word_1_125' title='bbox 1456 2439 1563 2494; x_wconf 88' lang='lat' dir='ltr'><strong>Sed</strong></span> 
     </span>
     <span class='ocr_line' id='line_1_22' title="bbox 539 2516 1563 2574; baseline -0.003 -1"><span class='ocrx_word' id='word_1_126' title='bbox 539 2519 722 2574; x_wconf 84' lang='lat' dir='ltr'><strong>deberi</strong></span> <span class='ocrx_word' id='word_1_127' title='bbox 758 2537 874 2572; x_wconf 82' lang='lat' dir='ltr'><strong>eam</strong></span> <span class='ocrx_word' id='word_1_128' title='bbox 918 2517 1112 2572; x_wconf 82' lang='lat' dir='ltr'><strong>ovidio</strong></span> <span class='ocrx_word' id='word_1_129' title='bbox 1150 2516 1471 2572; x_wconf 80' lang='lat' dir='ltr'><strong>Bondamius</strong></span> <span class='ocrx_word' id='word_1_130' title='bbox 1510 2529 1563 2572; x_wconf 90' lang='lat' dir='ltr'><strong>et</strong></span> 
     </span>
     <span class='ocr_line' id='line_1_23' title="bbox 540 2598 1559 2664; baseline -0.001 -11"><span class='ocrx_word' id='word_1_131' title='bbox 540 2598 859 2662; x_wconf 73' lang='lat' dir='ltr'><strong>Bussenius,</strong></span> <span class='ocrx_word' id='word_1_132' title='bbox 907 2617 1032 2652; x_wconf 88' lang='lat' dir='ltr'><strong>cum</strong></span> <span class='ocrx_word' id='word_1_133' title='bbox 1079 2598 1265 2652; x_wconf 90' lang='lat' dir='ltr'><strong>eodem</strong></span> <span class='ocrx_word' id='word_1_134' title='bbox 1311 2599 1559 2664; x_wconf 86' lang='lat' dir='ltr'><strong>Barthio,</strong></span> 
     </span>
     <span class='ocr_line' id='line_1_24' title="bbox 540 2678 1560 2754; baseline 0 -21"><span class='ocrx_word' id='word_1_135' title='bbox 540 2693 853 2754; x_wconf 79' lang='lat' dir='ltr'><strong>agnoscunt.</strong></span> <span class='ocrx_word' id='word_1_136' title='bbox 879 2679 964 2732; x_wconf 89' lang='lat' dir='ltr'><strong>Sic</strong></span> <span class='ocrx_word' id='word_1_137' title='bbox 991 2678 1132 2731; x_wconf 88' lang='lat' dir='ltr'><strong>enim</strong></span> <span class='ocrx_word' id='word_1_138' title='bbox 1159 2679 1320 2732; x_wconf 81' lang='lat' dir='ltr'><strong>Ovid.</strong></span> <span class='ocrx_word' id='word_1_139' title='bbox 1346 2679 1560 2733; x_wconf 86' lang='lat' dir='ltr'><strong>Metam.</strong></span> 
     </span>
     <span class='ocr_line' id='line_1_25' title="bbox 541 2758 1561 2832; baseline 0 -18"><span class='ocrx_word' id='word_1_140' title='bbox 541 2761 682 2826; x_wconf 89' lang='lat' dir='ltr'><strong>v11,</strong></span> <span class='ocrx_word' id='word_1_141' title='bbox 719 2763 855 2814; x_wconf 83' lang='lat'>611:</span> <span class='ocrx_word' id='word_1_142' title='bbox 899 2785 922 2806; x_wconf 76' lang='grc' dir='ltr'>ι</span> <span class='ocrx_word' id='word_1_143' title='bbox 949 2759 1056 2824; x_wconf 89' lang='lat' dir='ltr'><strong>Qui</strong></span> <span class='ocrx_word' id='word_1_144' title='bbox 1093 2758 1418 2832; x_wconf 76' lang='lat' dir='ltr'><strong>lacryment,</strong></span> <span class='ocrx_word' id='word_1_145' title='bbox 1467 2759 1561 2814; x_wconf 88' lang='lat' dir='ltr'><strong>de-</strong></span> 
     </span>
     <span class='ocr_line' id='line_1_26' title="bbox 541 2839 1565 2910; baseline -0.003 -15"><span class='ocrx_word' id='word_1_146' title='bbox 541 2853 694 2904; x_wconf 82' lang='lat' dir='ltr'><strong>sunt,</strong></span> <span class='ocrx_word' id='word_1_147' title='bbox 723 2839 1086 2910; x_wconf 79' lang='lat' dir='ltr'><strong>indefletoeque</strong></span> <span class='ocrx_word' id='word_1_148' title='bbox 1109 2851 1366 2910; x_wconf 77' lang='lat' dir='ltr'><strong>vagantur</strong></span> <span class='ocrx_word' id='word_1_149' title='bbox 1401 2839 1565 2892; x_wconf 80' lang='lat' dir='ltr'><strong>Nata·</strong></span> 
     </span>
     <span class='ocr_line' id='line_1_27' title="bbox 543 2919 1567 2993; baseline -0.003 -18"><span class='ocrx_word' id='word_1_150' title='bbox 543 2940 664 2975; x_wconf 87' lang='lat' dir='ltr'><strong>rum</strong></span> <span class='ocrx_word' id='word_1_151' title='bbox 690 2931 1025 2993; x_wconf 85' lang='lat' dir='ltr'><strong>matrumque</strong></span> <span class='ocrx_word' id='word_1_152' title='bbox 1051 2919 1238 2972; x_wconf 76' lang='lat' dir='ltr'><strong>animae</strong></span> <span class='ocrx_word' id='word_1_153' title='bbox 1258 2956 1274 2982; x_wconf 88' lang='lat'><strong>,</strong></span> <span class='ocrx_word' id='word_1_154' title='bbox 1315 2921 1567 2991; x_wconf 78' lang='lat' dir='ltr'><strong>juvenes·</strong></span> 
     </span>
    </p>
   </div>
   <div class='ocr_carea' id='block_1_6' title="bbox 543 2997 1572 3073">
    <p class='ocr_par' dir='ltr' id='par_1_11' title="bbox 543 2997 1572 3073">
     <span class='ocr_line' id='line_1_28' title="bbox 543 2997 1572 3073; baseline -0.003 -19"><span class='ocrx_word' id='word_1_155' title='bbox 543 3020 648 3073; x_wconf 89' lang='lat' dir='ltr'><strong>que</strong></span> <span class='ocrx_word' id='word_1_156' title='bbox 665 3019 934 3072; x_wconf 77' lang='lat' dir='ltr'><strong>senesque.</strong></span> <span class='ocrx_word' id='word_1_157' title='bbox 957 2999 1066 3052; x_wconf 90' lang='lat' dir='ltr'><strong>Nec</strong></span> <span class='ocrx_word' id='word_1_158' title='bbox 1082 2999 1231 3052; x_wconf 75' lang='lat' dir='ltr'><strong>locus</strong></span> <span class='ocrx_word' id='word_1_159' title='bbox 1246 2997 1300 3050; x_wconf 87' lang='lat' dir='ltr'><strong>in</strong></span> <span class='ocrx_word' id='word_1_160' title='bbox 1321 2998 1572 3065; x_wconf 80' lang='lat' dir='ltr'><strong>tumulos,</strong></span> 
     </span>
    </p>
   </div>
   <div class='ocr_carea' id='block_1_7' title="bbox 542 3077 1574 4031">
    <p class='ocr_par' dir='ltr' id='par_1_12' title="bbox 542 3077 1574 4031">
     <span class='ocr_line' id='line_1_29' title="bbox 543 3077 1571 3152; baseline -0.003 -18"><span class='ocrx_word' id='word_1_161' title='bbox 543 3100 643 3134; x_wconf 89' lang='lat' dir='ltr'><strong>nec</strong></span> <span class='ocrx_word' id='word_1_162' title='bbox 679 3079 872 3134; x_wconf 84' lang='lat' dir='ltr'><strong>sufficit</strong></span> <span class='ocrx_word' id='word_1_163' title='bbox 906 3081 1065 3134; x_wconf 83' lang='lat' dir='ltr'><strong>arbor</strong></span> <span class='ocrx_word' id='word_1_164' title='bbox 1097 3079 1152 3130; x_wconf 86' lang='lat' dir='ltr'><strong>in</strong></span> <span class='ocrx_word' id='word_1_165' title='bbox 1191 3079 1336 3152; x_wconf 81' lang='lat' dir='ltr'><strong>ignes</strong></span> <span class='ocrx_word' id='word_1_166' title='bbox 1355 3105 1401 3131; x_wconf 73' lang='lat' dir='ltr'><strong>n.</strong></span> <span class='ocrx_word' id='word_1_167' title='bbox 1430 3077 1571 3131; x_wconf 82' lang='lat' dir='ltr'><strong>Addi</strong></span> 
     </span>
     <span class='ocr_line' id='line_1_30' title="bbox 543 3158 1563 3233; baseline 0 -21"><span class='ocrx_word' id='word_1_168' title='bbox 543 3174 717 3233; x_wconf 85' lang='lat' dir='ltr'><strong>potest</strong></span> <span class='ocrx_word' id='word_1_169' title='bbox 740 3161 991 3214; x_wconf 85' lang='lat' dir='ltr'><strong>Manilius</strong></span> <span class='ocrx_word' id='word_1_170' title='bbox 1009 3198 1024 3223; x_wconf 90' lang='lat'><strong>,</strong></span> <span class='ocrx_word' id='word_1_171' title='bbox 1061 3158 1130 3213; x_wconf 83' lang='lat' dir='ltr'><strong>de</strong></span> <span class='ocrx_word' id='word_1_172' title='bbox 1153 3159 1449 3232; x_wconf 82' lang='lat' dir='ltr'><strong>pestilentia</strong></span> <span class='ocrx_word' id='word_1_173' title='bbox 1471 3159 1563 3212; x_wconf 85' lang='lat' dir='ltr'><strong>At-</strong></span> 
     </span>
     <span class='ocr_line' id='line_1_31' title="bbox 544 3240 1567 3314; baseline -0.002 -21"><span class='ocrx_word' id='word_1_174' title='bbox 544 3243 646 3296; x_wconf 85' lang='lat' dir='ltr'><strong>tica</strong></span> <span class='ocrx_word' id='word_1_175' title='bbox 687 3242 936 3314; x_wconf 83' lang='lat' dir='ltr'><strong>loquens,</strong></span> <span class='ocrx_word' id='word_1_176' title='bbox 973 3241 1064 3292; x_wconf 88' lang='lat' dir='ltr'><strong>lib.</strong></span> <span class='ocrx_word' id='word_1_177' title='bbox 1099 3240 1157 3304; x_wconf 91' lang='lat'><strong>1,</strong></span> <span class='ocrx_word' id='word_1_178' title='bbox 1203 3241 1304 3294; x_wconf 83' lang='lat'><strong>883</strong></span> <span class='ocrx_word' id='word_1_179' title='bbox 1340 3257 1484 3312; x_wconf 82' lang='lat' dir='ltr'><strong>seqq.</strong></span> <span class='ocrx_word' id='word_1_180' title='bbox 1514 3250 1567 3292; x_wconf 89' lang='lat' dir='ltr'><strong>et</strong></span> 
     </span>
     <span class='ocr_line' id='line_1_32' title="bbox 542 3317 1564 3394; baseline -0.002 -20"><span class='ocrx_word' id='word_1_181' title='bbox 542 3321 742 3374; x_wconf 81' lang='lat' dir='ltr'><strong>Seneca</strong></span> <span class='ocrx_word' id='word_1_182' title='bbox 781 3321 837 3373; x_wconf 90' lang='lat' dir='ltr'><strong>in</strong></span> <span class='ocrx_word' id='word_1_183' title='bbox 880 3317 1096 3391; x_wconf 88' lang='lat' dir='ltr'><strong>OEdipo</strong></span> <span class='ocrx_word' id='word_1_184' title='bbox 1133 3317 1200 3372; x_wconf 90' lang='lat' dir='ltr'><strong>de</strong></span> <span class='ocrx_word' id='word_1_185' title='bbox 1229 3333 1406 3394; x_wconf 77' lang='lat' dir='ltr'><strong>strage</strong></span> <span class='ocrx_word' id='word_1_186' title='bbox 1424 3319 1564 3372; x_wconf 88' lang='lat' dir='ltr'><strong>The·</strong></span> 
     </span>
     <span class='ocr_line' id='line_1_33' title="bbox 542 3399 1568 3471; baseline 0 -19"><span class='ocrx_word' id='word_1_187' title='bbox 542 3400 685 3453; x_wconf 85' lang='lat' dir='ltr'><strong>bana</strong></span> <span class='ocrx_word' id='word_1_188' title='bbox 699 3437 714 3462; x_wconf 91' lang='lat'><strong>,</strong></span> <span class='ocrx_word' id='word_1_189' title='bbox 742 3411 844 3452; x_wconf 83' lang='lat' dir='ltr'><strong>act.</strong></span> <span class='ocrx_word' id='word_1_190' title='bbox 862 3400 891 3451; x_wconf 93' lang='lat'>1</span> <span class='ocrx_word' id='word_1_191' title='bbox 909 3436 924 3463; x_wconf 91' lang='lat'><strong>,</strong></span> <span class='ocrx_word' id='word_1_192' title='bbox 947 3418 994 3452; x_wconf 92' lang='lat' dir='ltr'><strong>v.</strong></span> <span class='ocrx_word' id='word_1_193' title='bbox 1011 3401 1079 3468; x_wconf 82' lang='lat'><strong>37</strong></span> <span class='ocrx_word' id='word_1_194' title='bbox 1095 3417 1240 3470; x_wconf 82' lang='lat' dir='ltr'><strong>seqq.</strong></span> <span class='ocrx_word' id='word_1_195' title='bbox 1260 3399 1353 3471; x_wconf 86' lang='lat' dir='ltr'><strong>qui</strong></span> <span class='ocrx_word' id='word_1_196' title='bbox 1371 3413 1424 3454; x_wconf 87' lang='lat' dir='ltr'><strong>et</strong></span> <span class='ocrx_word' id='word_1_197' title='bbox 1439 3400 1568 3454; x_wconf 84' lang='lat' dir='ltr'><strong>Ovi-</strong></span> 
     </span>
     <span class='ocr_line' id='line_1_34' title="bbox 545 3477 1497 3534; baseline -0.002 -1"><span class='ocrx_word' id='word_1_198' title='bbox 545 3481 709 3534; x_wconf 87' lang='lat' dir='ltr'><strong>diano</strong></span> <span class='ocrx_word' id='word_1_199' title='bbox 732 3478 853 3532; x_wconf 86' lang='lat' dir='ltr'><strong>loco</strong></span> <span class='ocrx_word' id='word_1_200' title='bbox 877 3477 1165 3533; x_wconf 78' lang='lat' dir='ltr'><strong>admodum</strong></span> <span class='ocrx_word' id='word_1_201' title='bbox 1196 3479 1382 3533; x_wconf 77' lang='lat' dir='ltr'><strong>similis</strong></span> <span class='ocrx_word' id='word_1_202' title='bbox 1403 3491 1497 3533; x_wconf 82' lang='lat' dir='ltr'><strong>est.</strong></span> 
     </span>
     <span class='ocr_line' id='line_1_35' title="bbox 618 3559 1564 3633; baseline -0.004 -19"><span class='ocrx_word' id='word_1_203' title='bbox 618 3562 706 3633; x_wconf 73' lang='grc'><strong>47.</strong></span> <span class='ocrx_word' id='word_1_204' title='bbox 750 3563 852 3612; x_wconf 77' lang='lat' dir='ltr'><strong>Viae</strong></span> <span class='ocrx_word' id='word_1_205' title='bbox 881 3563 1073 3629; x_wconf 74' lang='lat' dir='ltr'><strong>ignibus</strong></span> <span class='ocrx_word' id='word_1_206' title='bbox 1101 3563 1265 3612; x_wconf 72' lang='lat' dir='ltr'><strong>oetlzer.</strong></span> <span class='ocrx_word' id='word_1_207' title='bbox 1299 3559 1366 3613; x_wconf 86' lang='lat' dir='ltr'><strong>G.</strong></span> <span class='ocrx_word' id='word_1_208' title='bbox 1403 3578 1424 3612; x_wconf 85' lang='lat'>1</span> <span class='ocrx_word' id='word_1_209' title='bbox 1455 3570 1506 3611; x_wconf 86' lang='lat' dir='ltr'><strong>et</strong></span> <span class='ocrx_word' id='word_1_210' title='bbox 1536 3579 1564 3611; x_wconf 76' lang='lat'>2</span> 
     </span>
     <span class='ocr_line' id='line_1_36' title="bbox 546 3637 1569 3709; baseline -0.006 -14"><span class='ocrx_word' id='word_1_211' title='bbox 546 3643 746 3695; x_wconf 83' lang='lat' dir='ltr'><strong>habent</strong></span> <span class='ocrx_word' id='word_1_212' title='bbox 769 3643 958 3709; x_wconf 73' lang='lat' dir='ltr'><strong>ignibus</strong></span> <span class='ocrx_word' id='word_1_213' title='bbox 980 3659 1083 3700; x_wconf 82' lang='lat' dir='ltr'><strong>aer,</strong></span> <span class='ocrx_word' id='word_1_214' title='bbox 1119 3641 1260 3691; x_wconf 83' lang='lat' dir='ltr'><strong>Ann.</strong></span> <span class='ocrx_word' id='word_1_215' title='bbox 1293 3657 1450 3706; x_wconf 77' lang='lat' dir='ltr'><strong>ager,-</strong></span> <span class='ocrx_word' id='word_1_216' title='bbox 1475 3637 1569 3691; x_wconf 77' lang='lat' dir='ltr'><strong>sed</strong></span> 
     </span>
     <span class='ocr_line' id='line_1_37' title="bbox 551 3713 1570 3774; baseline -0.005 0"><span class='ocrx_word' id='word_1_217' title='bbox 551 3713 844 3774; x_wconf 77' lang='lat' dir='ltr'><strong>coi-rectum</strong></span> <span class='ocrx_word' id='word_1_218' title='bbox 879 3739 970 3771; x_wconf 82' lang='lat' dir='ltr'><strong>aer</strong></span> <span class='ocrx_word' id='word_1_219' title='bbox 1001 3719 1085 3770; x_wconf 86' lang='lat' dir='ltr'><strong>vel</strong></span> <span class='ocrx_word' id='word_1_220' title='bbox 1121 3722 1286 3771; x_wconf 80' lang='lat' dir='ltr'><strong>aether.</strong></span> <span class='ocrx_word' id='word_1_221' title='bbox 1319 3722 1386 3770; x_wconf 79' lang='lat' dir='ltr'><strong>At</strong></span> <span class='ocrx_word' id='word_1_222' title='bbox 1421 3736 1570 3771; x_wconf 87' lang='lat' dir='ltr'><strong>men·</strong></span> 
     </span>
     <span class='ocr_line' id='line_1_38' title="bbox 549 3797 1569 3863; baseline -0.002 -10"><span class='ocrx_word' id='word_1_223' title='bbox 549 3801 678 3854; x_wconf 88' lang='lat' dir='ltr'><strong>dum</strong></span> <span class='ocrx_word' id='word_1_224' title='bbox 726 3800 782 3852; x_wconf 89' lang='lat' dir='ltr'><strong>in</strong></span> <span class='ocrx_word' id='word_1_225' title='bbox 829 3799 912 3852; x_wconf 71' lang='lat' dir='ltr'><strong>his</strong></span> <span class='ocrx_word' id='word_1_226' title='bbox 965 3797 1161 3852; x_wconf 83' lang='lat' dir='ltr'><strong>detexit</strong></span> <span class='ocrx_word' id='word_1_227' title='bbox 1207 3797 1535 3852; x_wconf 77' lang='lat' dir='ltr'><strong>Schraderus</strong></span> <span class='ocrx_word' id='word_1_228' title='bbox 1553 3838 1569 3863; x_wconf 94' lang='lat'><strong>,</strong></span> 
     </span>
     <span class='ocr_line' id='line_1_39' title="bbox 548 3875 1573 3950; baseline -0.005 -17"><span class='ocrx_word' id='word_1_229' title='bbox 548 3879 773 3934; x_wconf 81' lang='lat' dir='ltr'><strong>Observ.</strong></span> <span class='ocrx_word' id='word_1_230' title='bbox 801 3879 896 3931; x_wconf 84' lang='lat' dir='ltr'><strong>lib.</strong></span> <span class='ocrx_word' id='word_1_231' title='bbox 925 3879 954 3930; x_wconf 89' lang='lat'>1</span> <span class='ocrx_word' id='word_1_232' title='bbox 969 3919 984 3944; x_wconf 89' lang='lat'><strong>,</strong></span> <span class='ocrx_word' id='word_1_233' title='bbox 1007 3896 1120 3950; x_wconf 83' lang='lat' dir='ltr'><strong>cap.</strong></span> <span class='ocrx_word' id='word_1_234' title='bbox 1145 3879 1202 3942; x_wconf 84' lang='lat'><strong>3,</strong></span> <span class='ocrx_word' id='word_1_235' title='bbox 1227 3875 1452 3948; x_wconf 85' lang='lat' dir='ltr'><strong>legendo</strong></span> <span class='ocrx_word' id='word_1_236' title='bbox 1476 3881 1573 3929; x_wconf 76' lang='lat' dir='ltr'><strong>vix</strong></span> 
     </span>
     <span class='ocr_line' id='line_1_40' title="bbox 547 3956 1574 4031; baseline 0.001 -22"><span class='ocrx_word' id='word_1_237' title='bbox 547 3963 740 4029; x_wconf 74' lang='lat' dir='ltr'><strong>ignibus</strong></span> <span class='ocrx_word' id='word_1_238' title='bbox 777 3963 939 4020; x_wconf 76' lang='lat' dir='ltr'><strong>arbor,</strong></span> <span class='ocrx_word' id='word_1_239' title='bbox 963 3977 1082 4031; x_wconf 74' lang='lat' dir='ltr'><strong>quae</strong></span> <span class='ocrx_word' id='word_1_240' title='bbox 1115 3956 1414 4011; x_wconf 79' lang='lat' dir='ltr'><strong>emendatio</strong></span> <span class='ocrx_word' id='word_1_241' title='bbox 1447 3977 1574 4010; x_wconf 89' lang='lat' dir='ltr'><strong>cum</strong></span> 
     </span>
    </p>
   </div>
   <div class='ocr_carea' id='block_1_8' title="bbox 548 4039 1571 4208">
    <p class='ocr_par' dir='ltr' id='par_1_13' title="bbox 548 4039 1571 4208">
     <span class='ocr_line' id='line_1_41' title="bbox 548 4039 1571 4208; baseline -0.001 -117"><span class='ocrx_word' id='word_1_242' title='bbox 548 4039 773 4091; x_wconf 79' lang='lat' dir='ltr'><strong>Nasonis</strong></span> <span class='ocrx_word' id='word_1_243' title='bbox 799 4039 971 4208; x_wconf 48' lang='grc' dir='ltr'><strong>ηςέἑίε</strong></span> <span class='ocrx_word' id='word_1_244' title='bbox 1003 4059 1094 4090; x_wconf 82' lang='lat' dir='ltr'><strong>nec</strong></span> <span class='ocrx_word' id='word_1_245' title='bbox 1123 4041 1302 4106; x_wconf 69' lang='lat' dir='ltr'><strong>sefffice&#39;t</strong></span> <span class='ocrx_word' id='word_1_246' title='bbox 1341 4041 1488 4089; x_wconf 76' lang='lat' dir='ltr'><strong>arbor</strong></span> <span class='ocrx_word' id='word_1_247' title='bbox 1519 4041 1571 4090; x_wconf 82' lang='lat' dir='ltr'><strong>e&#39;n</strong></span> 
     </span>
    </p>
   </div>
   <div class='ocr_carea' id='block_1_9' title="bbox 548 4117 1573 4184">
    <p class='ocr_par' dir='ltr' id='par_1_14' title="bbox 548 4117 1573 4184">
     <span class='ocr_line' id='line_1_42' title="bbox 548 4117 1573 4184; baseline 0.002 -18"><span class='ocrx_word' id='word_1_248' title='bbox 548 4119 691 4184; x_wconf 73' lang='lat' dir='ltr'><strong>ignes</strong></span> <span class='ocrx_word' id='word_1_249' title='bbox 733 4137 855 4168; x_wconf 87' lang='lat' dir='ltr'><strong>man</strong></span> <span class='ocrx_word' id='word_1_250' title='bbox 931 4129 1005 4169; x_wconf 85' lang='lat' dir='ltr'><strong>ste</strong></span> <span class='ocrx_word' id='word_1_251' title='bbox 1045 4117 1419 4183; x_wconf 81' lang='lat' dir='ltr'><strong>confirmatur,</strong></span> <span class='ocrx_word' id='word_1_252' title='bbox 1458 4128 1573 4170; x_wconf 89' lang='lat' dir='ltr'><strong>tum</strong></span> 
     </span>
    </p>
   </div>
   <div class='ocr_carea' id='block_1_10' title="bbox 1646 2039 2687 3055">
    <p class='ocr_par' dir='ltr' id='par_1_15' title="bbox 1646 2039 2687 3055">
     <span class='ocr_line' id='line_1_43' title="bbox 1650 2039 2677 2112; baseline -0.005 -17"><span class='ocrx_word' id='word_1_253' title='bbox 1650 2042 1810 2096; x_wconf 85' lang='lat' dir='ltr'><strong>etiam</strong></span> <span class='ocrx_word' id='word_1_254' title='bbox 1838 2043 1907 2096; x_wconf 80' lang='lat' dir='ltr'><strong>ab</strong></span> <span class='ocrx_word' id='word_1_255' title='bbox 1934 2040 2130 2096; x_wconf 83' lang='lat' dir='ltr'><strong>Anton.</strong></span> <span class='ocrx_word' id='word_1_256' title='bbox 2155 2045 2220 2094; x_wconf 78' lang='lat' dir='ltr'><strong>de</strong></span> <span class='ocrx_word' id='word_1_257' title='bbox 2243 2045 2399 2106; x_wconf 66' lang='lat' dir='ltr'><strong>Reor,</strong></span> <span class='ocrx_word' id='word_1_258' title='bbox 2428 2039 2677 2112; x_wconf 78' lang='lat' dir='ltr'><strong>Spicileg.</strong></span> 
     </span>
     <span class='ocr_line' id='line_1_44' title="bbox 1650 2119 2682 2194; baseline -0.003 -20"><span class='ocrx_word' id='word_1_259' title='bbox 1650 2121 1779 2175; x_wconf 88' lang='lat' dir='ltr'><strong>Crit.</strong></span> <span class='ocrx_word' id='word_1_260' title='bbox 1800 2141 1920 2194; x_wconf 84' lang='lat' dir='ltr'><strong>cap.</strong></span> <span class='ocrx_word' id='word_1_261' title='bbox 1950 2123 2047 2185; x_wconf 83' lang='lat'><strong>16,</strong></span> <span class='ocrx_word' id='word_1_262' title='bbox 2080 2139 2136 2194; x_wconf 89' lang='lat' dir='ltr'><strong>p.</strong></span> <span class='ocrx_word' id='word_1_263' title='bbox 2158 2123 2227 2190; x_wconf 86' lang='lat'><strong>96</strong></span> <span class='ocrx_word' id='word_1_264' title='bbox 2246 2160 2262 2186; x_wconf 91' lang='lat'><strong>,</strong></span> <span class='ocrx_word' id='word_1_265' title='bbox 2300 2120 2457 2172; x_wconf 84' lang='lat' dir='ltr'><strong>unice</strong></span> <span class='ocrx_word' id='word_1_266' title='bbox 2484 2119 2682 2193; x_wconf 80' lang='lat' dir='ltr'><strong>proba·</strong></span> 
     </span>
     <span class='ocr_line' id='line_1_45' title="bbox 1651 2201 2683 2274; baseline -0.003 -20"><span class='ocrx_word' id='word_1_267' title='bbox 1651 2213 1706 2254; x_wconf 82' lang='lat' dir='ltr'><strong>ta</strong></span> <span class='ocrx_word' id='word_1_268' title='bbox 1720 2243 1737 2268; x_wconf 91' lang='lat'><strong>,</strong></span> <span class='ocrx_word' id='word_1_269' title='bbox 1761 2212 1815 2255; x_wconf 88' lang='lat' dir='ltr'><strong>et</strong></span> <span class='ocrx_word' id='word_1_270' title='bbox 1845 2201 2085 2273; x_wconf 78' lang='lat' dir='ltr'><strong>pluribus</strong></span> <span class='ocrx_word' id='word_1_271' title='bbox 2112 2212 2387 2274; x_wconf 84' lang='lat' dir='ltr'><strong>poetarum</strong></span> <span class='ocrx_word' id='word_1_272' title='bbox 2414 2201 2551 2254; x_wconf 74' lang='lat' dir='ltr'><strong>locis</strong></span> <span class='ocrx_word' id='word_1_273' title='bbox 2572 2219 2683 2253; x_wconf 84' lang='lat' dir='ltr'><strong>cor-</strong></span> 
     </span>
     <span class='ocr_line' id='line_1_46' title="bbox 1646 2279 2682 2353; baseline -0.005 -18"><span class='ocrx_word' id='word_1_274' title='bbox 1646 2283 1897 2335; x_wconf 86' lang='lat' dir='ltr'><strong>roborata</strong></span> <span class='ocrx_word' id='word_1_275' title='bbox 1922 2294 2017 2335; x_wconf 84' lang='lat' dir='ltr'><strong>est.</strong></span> <span class='ocrx_word' id='word_1_276' title='bbox 2042 2283 2088 2334; x_wconf 87' lang='lat' dir='ltr'><strong>E</strong></span> <span class='ocrx_word' id='word_1_277' title='bbox 2114 2283 2309 2353; x_wconf 74' lang='lat' dir='ltr'><strong>quibus</strong></span> <span class='ocrx_word' id='word_1_278' title='bbox 2332 2280 2424 2333; x_wconf 88' lang='lat' dir='ltr'><strong>hic</strong></span> <span class='ocrx_word' id='word_1_279' title='bbox 2452 2279 2682 2333; x_wconf 81' lang='lat' dir='ltr'><strong>maxime</strong></span> 
     </span>
     <span class='ocr_line' id='line_1_47' title="bbox 1649 2359 2683 2433; baseline -0.001 -20"><span class='ocrx_word' id='word_1_280' title='bbox 1649 2362 1801 2416; x_wconf 78' lang='lat' dir='ltr'><strong>locus</strong></span> <span class='ocrx_word' id='word_1_281' title='bbox 1819 2363 2029 2417; x_wconf 74' lang='lat' dir='ltr'><strong>Senecae</strong></span> <span class='ocrx_word' id='word_1_282' title='bbox 2055 2363 2111 2414; x_wconf 86' lang='lat' dir='ltr'><strong>in</strong></span> <span class='ocrx_word' id='word_1_283' title='bbox 2140 2359 2285 2414; x_wconf 89' lang='lat' dir='ltr'><strong>OEd.</strong></span> <span class='ocrx_word' id='word_1_284' title='bbox 2308 2381 2356 2412; x_wconf 86' lang='lat' dir='ltr'><strong>v.</strong></span> <span class='ocrx_word' id='word_1_285' title='bbox 2380 2362 2449 2414; x_wconf 88' lang='lat'><strong>68</strong></span> <span class='ocrx_word' id='word_1_286' title='bbox 2468 2397 2485 2424; x_wconf 85' lang='lat'><strong>,</strong></span> <span class='ocrx_word' id='word_1_287' title='bbox 2532 2372 2683 2433; x_wconf 76' lang='lat' dir='ltr'><strong>aptus</strong></span> 
     </span>
     <span class='ocr_line' id='line_1_48' title="bbox 1651 2439 2683 2496; baseline -0.003 -2"><span class='ocrx_word' id='word_1_288' title='bbox 1651 2443 1825 2496; x_wconf 76' lang='lat' dir='ltr'><strong>verbis</strong></span> <span class='ocrx_word' id='word_1_289' title='bbox 1866 2442 2036 2496; x_wconf 83' lang='lat' dir='ltr'><strong>nostri</strong></span> <span class='ocrx_word' id='word_1_290' title='bbox 2073 2441 2306 2495; x_wconf 73' lang='lat' dir='ltr'><strong>auctoris</strong></span> <span class='ocrx_word' id='word_1_291' title='bbox 2348 2451 2461 2494; x_wconf 79' lang='lat' dir='ltr'><strong>est:</strong></span> <span class='ocrx_word' id='word_1_292' title='bbox 2502 2466 2531 2485; x_wconf 72' lang='grc' dir='ltr'><strong>α</strong></span> <span class='ocrx_word' id='word_1_293' title='bbox 2560 2439 2683 2491; x_wconf 80' lang='lat' dir='ltr'><strong>Pars</strong></span> 
     </span>
     <span class='ocr_line' id='line_1_49' title="bbox 1650 2519 2683 2593; baseline -0.003 -19"><span class='ocrx_word' id='word_1_294' title='bbox 1650 2533 1814 2593; x_wconf 79' lang='lat' dir='ltr'><strong>quota</strong></span> <span class='ocrx_word' id='word_1_295' title='bbox 1850 2523 1905 2574; x_wconf 83' lang='lat' dir='ltr'><strong>in</strong></span> <span class='ocrx_word' id='word_1_296' title='bbox 1933 2523 2135 2577; x_wconf 80' lang='lat' dir='ltr'><strong>cineres</strong></span> <span class='ocrx_word' id='word_1_297' title='bbox 2166 2519 2317 2574; x_wconf 79' lang='lat' dir='ltr'><strong>abit?</strong></span> <span class='ocrx_word' id='word_1_298' title='bbox 2356 2521 2519 2578; x_wconf 64' lang='lat' dir='ltr'><strong>Deest</strong></span> <span class='ocrx_word' id='word_1_299' title='bbox 2546 2531 2683 2572; x_wconf 79' lang='lat' dir='ltr'><strong>terra</strong></span> 
     </span>
     <span class='ocr_line' id='line_1_50' title="bbox 1650 2599 2683 2674; baseline -0.004 -21"><span class='ocrx_word' id='word_1_300' title='bbox 1650 2601 1869 2654; x_wconf 82' lang='lat' dir='ltr'><strong>tumulis</strong></span> <span class='ocrx_word' id='word_1_301' title='bbox 1891 2619 1905 2654; x_wconf 90' lang='lat'><strong>:</strong></span> <span class='ocrx_word' id='word_1_302' title='bbox 1924 2604 2038 2674; x_wconf 85' lang='lat' dir='ltr'><strong>jam</strong></span> <span class='ocrx_word' id='word_1_303' title='bbox 2066 2619 2221 2672; x_wconf 80' lang='lat' dir='ltr'><strong>rogos</strong></span> <span class='ocrx_word' id='word_1_304' title='bbox 2252 2599 2396 2655; x_wconf 70' lang='lat' dir='ltr'><strong>silvae</strong></span> <span class='ocrx_word' id='word_1_305' title='bbox 2419 2611 2623 2670; x_wconf 82' lang='lat' dir='ltr'><strong>negant</strong></span> <span class='ocrx_word' id='word_1_306' title='bbox 2647 2623 2683 2649; x_wconf 74' lang='grc' dir='ltr'><strong>ι.</strong></span> 
     </span>
     <span class='ocr_line' id='line_1_51' title="bbox 1725 2679 2681 2750; baseline 0.001 -19"><span class='ocrx_word' id='word_1_307' title='bbox 1725 2687 1810 2748; x_wconf 78' lang='grc'><strong>49.</strong></span> <span class='ocrx_word' id='word_1_308' title='bbox 1854 2682 2156 2750; x_wconf 76' lang='lat' dir='ltr'><strong>Patefeeerat</strong></span> <span class='ocrx_word' id='word_1_309' title='bbox 2202 2683 2380 2732; x_wconf 68' lang='lat' dir='ltr'><strong>orbem.</strong></span> <span class='ocrx_word' id='word_1_310' title='bbox 2426 2679 2495 2732; x_wconf 86' lang='lat' dir='ltr'><strong>Et</strong></span> <span class='ocrx_word' id='word_1_311' title='bbox 2548 2679 2651 2732; x_wconf 87' lang='lat' dir='ltr'><strong>hoc</strong></span> <span class='ocrx_word' id='word_1_312' title='bbox 2666 2715 2681 2741; x_wconf 87' lang='lat'><strong>,</strong></span> 
     </span>
     <span class='ocr_line' id='line_1_52' title="bbox 1654 2757 2683 2826; baseline 0 -14"><span class='ocrx_word' id='word_1_313' title='bbox 1654 2772 1900 2814; x_wconf 87' lang='lat' dir='ltr'><strong>monente</strong></span> <span class='ocrx_word' id='word_1_314' title='bbox 1921 2759 2138 2814; x_wconf 71' lang='lat' dir='ltr'><strong>Bar-thio</strong></span> <span class='ocrx_word' id='word_1_315' title='bbox 2152 2799 2168 2826; x_wconf 94' lang='lat'><em>‚</em></span> <span class='ocrx_word' id='word_1_316' title='bbox 2193 2777 2255 2812; x_wconf 85' lang='lat' dir='ltr'><strong>ex</strong></span> <span class='ocrx_word' id='word_1_317' title='bbox 2272 2757 2473 2813; x_wconf 77' lang='lat' dir='ltr'><strong>ovidio</strong></span> <span class='ocrx_word' id='word_1_318' title='bbox 2490 2759 2683 2822; x_wconf 77' lang='lat' dir='ltr'><strong>habet,</strong></span> 
     </span>
     <span class='ocr_line' id='line_1_53' title="bbox 1654 2838 2683 2911; baseline -0.003 -19"><span class='ocrx_word' id='word_1_319' title='bbox 1654 2839 1873 2894; x_wconf 79' lang='lat' dir='ltr'><strong>Metam.</strong></span> <span class='ocrx_word' id='word_1_320' title='bbox 1916 2841 1999 2892; x_wconf 90' lang='lat' dir='ltr'><strong>IX</strong></span> <span class='ocrx_word' id='word_1_321' title='bbox 2015 2881 2032 2908; x_wconf 89' lang='lat'><strong>,</strong></span> <span class='ocrx_word' id='word_1_322' title='bbox 2078 2848 2183 2911; x_wconf 72' lang='lat'><strong>794</strong></span> <span class='ocrx_word' id='word_1_323' title='bbox 2210 2860 2224 2894; x_wconf 90' lang='lat'><strong>:</strong></span> <span class='ocrx_word' id='word_1_324' title='bbox 2276 2863 2300 2887; x_wconf 78' lang='grc' dir='ltr'>ι</span> <span class='ocrx_word' id='word_1_325' title='bbox 2334 2840 2557 2894; x_wconf 78' lang='lat' dir='ltr'><strong>Postera</strong></span> <span class='ocrx_word' id='word_1_326' title='bbox 2596 2838 2683 2890; x_wconf 84' lang='lat' dir='ltr'><strong>lux</strong></span> 
     </span>
     <span class='ocr_line' id='line_1_54' title="bbox 1654 2920 2633 2993; baseline 0 -21"><span class='ocrx_word' id='word_1_327' title='bbox 1654 2920 1819 2973; x_wconf 80' lang='lat' dir='ltr'><strong>radiis</strong></span> <span class='ocrx_word' id='word_1_328' title='bbox 1845 2920 2009 2974; x_wconf 79' lang='lat' dir='ltr'><strong>latum</strong></span> <span class='ocrx_word' id='word_1_329' title='bbox 2036 2921 2358 2993; x_wconf 82' lang='lat' dir='ltr'><strong>patefecerat</strong></span> <span class='ocrx_word' id='word_1_330' title='bbox 2381 2920 2571 2973; x_wconf 77' lang='lat' dir='ltr'><strong>orbem</strong></span> <span class='ocrx_word' id='word_1_331' title='bbox 2590 2945 2633 2972; x_wconf 68' lang='grc' dir='ltr'><strong>υ.</strong></span> 
     </span>
     <span class='ocr_line' id='line_1_55' title="bbox 1729 2997 2687 3055; baseline -0.004 0"><span class='ocrx_word' id='word_1_332' title='bbox 1729 3001 1812 3055; x_wconf 81' lang='lat'><strong>51.</strong></span> <span class='ocrx_word' id='word_1_333' title='bbox 1840 3004 2052 3054; x_wconf 79' lang='lat' dir='ltr'><strong>Caussas</strong></span> <span class='ocrx_word' id='word_1_334' title='bbox 2078 3005 2321 3054; x_wconf 71' lang='lat' dir='ltr'><strong>hortatur.</strong></span> <span class='ocrx_word' id='word_1_335' title='bbox 2348 2997 2416 3052; x_wconf 89' lang='lat' dir='ltr'><strong>G.</strong></span> <span class='ocrx_word' id='word_1_336' title='bbox 2452 3019 2473 3053; x_wconf 86' lang='lat'>1</span> <span class='ocrx_word' id='word_1_337' title='bbox 2506 3000 2687 3054; x_wconf 82' lang='lat' dir='ltr'><strong>scribit</strong></span> 
     </span>
    </p>
   </div>
   <div class='ocr_carea' id='block_1_11' title="bbox 1656 3080 2687 3214">
    <p class='ocr_par' dir='ltr' id='par_1_16' title="bbox 1656 3080 2687 3214">
     <span class='ocr_line' id='line_1_56' title="bbox 1659 3080 2687 3153; baseline 0 -20"><span class='ocrx_word' id='word_1_338' title='bbox 1659 3100 1804 3133; x_wconf 73' lang='lat' dir='ltr'><strong>casus</strong></span> <span class='ocrx_word' id='word_1_339' title='bbox 1832 3085 2069 3143; x_wconf 73' lang='lat' dir='ltr'><strong>hortatur,</strong></span> <span class='ocrx_word' id='word_1_340' title='bbox 2104 3080 2198 3134; x_wconf 74' lang='lat' dir='ltr'><strong>sed</strong></span> <span class='ocrx_word' id='word_1_341' title='bbox 2223 3081 2279 3133; x_wconf 86' lang='lat' dir='ltr'><strong>in</strong></span> <span class='ocrx_word' id='word_1_342' title='bbox 2301 3080 2545 3152; x_wconf 78' lang='lat' dir='ltr'><strong>margine</strong></span> <span class='ocrx_word' id='word_1_343' title='bbox 2568 3081 2687 3153; x_wconf 79' lang='lat' dir='ltr'><strong>legi·</strong></span> 
     </span>
     <span class='ocr_line' id='line_1_57' title="bbox 1656 3171 1965 3214; baseline -0.003 -2"><span class='ocrx_word' id='word_1_344' title='bbox 1656 3171 1745 3214; x_wconf 85' lang='lat' dir='ltr'><strong>tur</strong></span> <span class='ocrx_word' id='word_1_345' title='bbox 1762 3179 1965 3212; x_wconf 73' lang='lat' dir='ltr'><strong>causas.</strong></span> 
     </span>
    </p>
   </div>
   <div class='ocr_carea' id='block_1_12' title="bbox 1655 3237 2687 4187">
    <p class='ocr_par' dir='ltr' id='par_1_17' title="bbox 1655 3237 2683 3450">
     <span class='ocr_line' id='line_1_58' title="bbox 1726 3237 2682 3292; baseline -0.001 -1"><span class='ocrx_word' id='word_1_346' title='bbox 1726 3239 1813 3292; x_wconf 78' lang='lat'><strong>52.</strong></span> <span class='ocrx_word' id='word_1_347' title='bbox 1842 3240 2153 3291; x_wconf 73' lang='lat' dir='ltr'><strong>Thestoriden</strong></span> <span class='ocrx_word' id='word_1_348' title='bbox 2172 3237 2243 3292; x_wconf 89' lang='lat' dir='ltr'><strong>G.</strong></span> <span class='ocrx_word' id='word_1_349' title='bbox 2271 3245 2317 3290; x_wconf 79' lang='grc' dir='ltr'><strong>ι’.</strong></span> <span class='ocrx_word' id='word_1_350' title='bbox 2337 3243 2455 3289; x_wconf 60' lang='lat' dir='ltr'><strong>Dim</strong></span> <span class='ocrx_word' id='word_1_351' title='bbox 2477 3241 2682 3292; x_wconf 72' lang='lat' dir='ltr'><strong>Calchas</strong></span> 
     </span>
     <span class='ocr_line' id='line_1_59' title="bbox 1655 3318 2683 3380; baseline -0.002 -8"><span class='ocrx_word' id='word_1_352' title='bbox 1655 3318 1719 3372; x_wconf 90' lang='lat' dir='ltr'><strong>G.</strong></span> <span class='ocrx_word' id='word_1_353' title='bbox 1746 3339 1792 3371; x_wconf 77' lang='lat'><strong>2.</strong></span> <span class='ocrx_word' id='word_1_354' title='bbox 1816 3321 2152 3370; x_wconf 74' lang='lat' dir='ltr'><strong>Thestoridam</strong></span> <span class='ocrx_word' id='word_1_355' title='bbox 2168 3356 2184 3380; x_wconf 92' lang='lat'><strong>,</strong></span> <span class='ocrx_word' id='word_1_356' title='bbox 2228 3333 2346 3370; x_wconf 76' lang='lat' dir='ltr'><strong>tunc</strong></span> <span class='ocrx_word' id='word_1_357' title='bbox 2378 3321 2591 3370; x_wconf 67' lang='lat' dir='ltr'><strong>Calchas</strong></span> <span class='ocrx_word' id='word_1_358' title='bbox 2624 3321 2683 3370; x_wconf 76' lang='lat' dir='ltr'><strong>A.</strong></span> 
     </span>
     <span class='ocr_line' id='line_1_60' title="bbox 1662 3398 2043 3450; baseline -0.008 0"><span class='ocrx_word' id='word_1_359' title='bbox 1662 3401 1957 3450; x_wconf 74' lang='lat' dir='ltr'><strong>Testor-idem</strong></span> <span class='ocrx_word' id='word_1_360' title='bbox 1976 3398 2043 3449; x_wconf 88' lang='lat' dir='ltr'><strong>T.</strong></span> 
     </span>
    </p>

    <p class='ocr_par' dir='ltr' id='par_1_18' title="bbox 1658 3475 2683 3627">
     <span class='ocr_line' id='line_1_61' title="bbox 1731 3475 2683 3546; baseline -0.006 -13"><span class='ocrx_word' id='word_1_361' title='bbox 1731 3481 1817 3542; x_wconf 80' lang='grc'><strong>54.</strong></span> <span class='ocrx_word' id='word_1_362' title='bbox 1857 3481 2054 3530; x_wconf 76' lang='lat' dir='ltr'><strong>Invenit</strong></span> <span class='ocrx_word' id='word_1_363' title='bbox 2070 3478 2281 3546; x_wconf 77' lang='lat' dir='ltr'><strong>fatique</strong></span> <span class='ocrx_word' id='word_1_364' title='bbox 2310 3496 2493 3528; x_wconf 78' lang='lat' dir='ltr'><strong>verens</strong></span> <span class='ocrx_word' id='word_1_365' title='bbox 2532 3475 2601 3529; x_wconf 90' lang='lat' dir='ltr'><strong>G.</strong></span> <span class='ocrx_word' id='word_1_366' title='bbox 2643 3495 2683 3529; x_wconf 86' lang='lat'><strong>1.</strong></span> 
     </span>
     <span class='ocr_line' id='line_1_62' title="bbox 1658 3559 2117 3627; baseline -0.007 -17"><span class='ocrx_word' id='word_1_367' title='bbox 1658 3559 1827 3627; x_wconf 77' lang='lat' dir='ltr'><strong>Effan‘</strong></span> <span class='ocrx_word' id='word_1_368' title='bbox 1848 3577 2029 3610; x_wconf 80' lang='lat' dir='ltr'><strong>verens</strong></span> <span class='ocrx_word' id='word_1_369' title='bbox 2054 3559 2117 3608; x_wconf 84' lang='lat' dir='ltr'><strong>A.</strong></span> 
     </span>
    </p>

    <p class='ocr_par' dir='ltr' id='par_1_19' title="bbox 1661 3634 2687 4187">
     <span class='ocr_line' id='line_1_63' title="bbox 1734 3634 2687 3708; baseline -0.006 -17"><span class='ocrx_word' id='word_1_370' title='bbox 1734 3637 1820 3708; x_wconf 83' lang='lat'><strong>57.</strong></span> <span class='ocrx_word' id='word_1_371' title='bbox 1841 3644 2010 3690; x_wconf 81' lang='lat' dir='ltr'><strong>Portus</strong></span> <span class='ocrx_word' id='word_1_372' title='bbox 2029 3639 2215 3688; x_wconf 78' lang='lat' dir='ltr'><strong>intrare</strong></span> <span class='ocrx_word' id='word_1_373' title='bbox 2235 3639 2428 3687; x_wconf 77' lang='lat' dir='ltr'><strong>salutis.</strong></span> <span class='ocrx_word' id='word_1_374' title='bbox 2468 3634 2551 3686; x_wconf 71' lang='lat' dir='ltr'><strong>Ad</strong></span> <span class='ocrx_word' id='word_1_375' title='bbox 2572 3635 2687 3686; x_wconf 62' lang='lat' dir='ltr'><strong>hae</strong></span> 
     </span>
     <span class='ocr_line' id='line_1_64' title="bbox 1664 3713 2683 3771; baseline -0.003 0"><span class='ocrx_word' id='word_1_376' title='bbox 1664 3719 1827 3771; x_wconf 84' lang='lat' dir='ltr'><strong>verba</strong></span> <span class='ocrx_word' id='word_1_377' title='bbox 1853 3717 2099 3770; x_wconf 72' lang='lat' dir='ltr'><strong>Bai-thius</strong></span> <span class='ocrx_word' id='word_1_378' title='bbox 2120 3735 2134 3768; x_wconf 91' lang='lat'>:</span> <span class='ocrx_word' id='word_1_379' title='bbox 2185 3716 2263 3768; x_wconf 87' lang='lat' dir='ltr'><strong>De</strong></span> <span class='ocrx_word' id='word_1_380' title='bbox 2286 3713 2463 3767; x_wconf 76' lang='lat' dir='ltr'><strong>saeculi</strong></span> <span class='ocrx_word' id='word_1_381' title='bbox 2496 3726 2576 3767; x_wconf 72' lang='lat' dir='ltr'><strong>est</strong></span> <span class='ocrx_word' id='word_1_382' title='bbox 2602 3715 2683 3768; x_wconf 87' lang='lat' dir='ltr'><strong>in·</strong></span> 
     </span>
     <span class='ocr_line' id='line_1_65' title="bbox 1661 3793 2683 3869; baseline -0.004 -19"><span class='ocrx_word' id='word_1_383' title='bbox 1661 3797 1972 3869; x_wconf 82' lang='lat' dir='ltr'><strong>quinatione</strong></span> <span class='ocrx_word' id='word_1_384' title='bbox 1995 3794 2258 3868; x_wconf 80' lang='lat' dir='ltr'><strong>quadam,</strong></span> <span class='ocrx_word' id='word_1_385' title='bbox 2296 3793 2444 3867; x_wconf 86' lang='lat' dir='ltr'><strong>quod</strong></span> <span class='ocrx_word' id='word_1_386' title='bbox 2472 3806 2683 3866; x_wconf 85' lang='lat' dir='ltr'><strong>portum</strong></span> 
     </span>
     <span class='ocr_line' id='line_1_66' title="bbox 1664 3873 2684 3947; baseline -0.003 -18"><span class='ocrx_word' id='word_1_387' title='bbox 1664 3877 1839 3930; x_wconf 75' lang='lat' dir='ltr'><strong>salutis</strong></span> <span class='ocrx_word' id='word_1_388' title='bbox 1861 3874 2058 3928; x_wconf 79' lang='lat' dir='ltr'><strong>intrare</strong></span> <span class='ocrx_word' id='word_1_389' title='bbox 2084 3893 2185 3947; x_wconf 86' lang='lat' dir='ltr'><strong>pro</strong></span> <span class='ocrx_word' id='word_1_390' title='bbox 2220 3873 2517 3945; x_wconf 80' lang='lat' dir='ltr'><strong>pestilentia</strong></span> <span class='ocrx_word' id='word_1_391' title='bbox 2555 3873 2684 3926; x_wconf 78' lang='lat' dir='ltr'><strong>lihe-</strong></span> 
     </span>
     <span class='ocr_line' id='line_1_67' title="bbox 1662 3952 2684 4027; baseline -0.005 -17"><span class='ocrx_word' id='word_1_392' title='bbox 1662 3956 1771 4010; x_wconf 85' lang='lat' dir='ltr'><strong>rari</strong></span> <span class='ocrx_word' id='word_1_393' title='bbox 1794 3956 1927 4009; x_wconf 83' lang='lat' dir='ltr'><strong>dixit</strong></span> <span class='ocrx_word' id='word_1_394' title='bbox 1941 3997 1957 4022; x_wconf 96' lang='lat'><strong>,</strong></span> <span class='ocrx_word' id='word_1_395' title='bbox 1977 3975 2087 4027; x_wconf 88' lang='lat' dir='ltr'><strong>quo</strong></span> <span class='ocrx_word' id='word_1_396' title='bbox 2108 3955 2227 4008; x_wconf 83' lang='lat' dir='ltr'><strong>loco</strong></span> <span class='ocrx_word' id='word_1_397' title='bbox 2250 3973 2375 4008; x_wconf 83' lang='lat' dir='ltr'><strong>sane</strong></span> <span class='ocrx_word' id='word_1_398' title='bbox 2393 3953 2543 4008; x_wconf 81' lang='lat' dir='ltr'><strong>aliter</strong></span> <span class='ocrx_word' id='word_1_399' title='bbox 2562 3952 2684 4006; x_wconf 84' lang='lat' dir='ltr'><strong>scri-</strong></span> 
     </span>
     <span class='ocr_line' id='line_1_68' title="bbox 1662 4032 2683 4109; baseline -0.004 -21"><span class='ocrx_word' id='word_1_400' title='bbox 1662 4035 1849 4109; x_wconf 78' lang='lat' dir='ltr'><strong>psisset</strong></span> <span class='ocrx_word' id='word_1_401' title='bbox 1897 4037 2159 4108; x_wconf 85' lang='lat' dir='ltr'><strong>majorum</strong></span> <span class='ocrx_word' id='word_1_402' title='bbox 2211 4035 2445 4106; x_wconf 70' lang='lat' dir='ltr'><strong>gentium</strong></span> <span class='ocrx_word' id='word_1_403' title='bbox 2498 4032 2683 4105; x_wconf 78' lang='lat' dir='ltr'><strong>aliquis</strong></span> 
     </span>
     <span class='ocr_line' id='line_1_69' title="bbox 1666 4114 2681 4187; baseline -0.004 -19"><span class='ocrx_word' id='word_1_404' title='bbox 1666 4129 1824 4186; x_wconf 77' lang='lat' dir='ltr'><strong>vates.</strong></span> <span class='ocrx_word' id='word_1_405' title='bbox 1846 4143 1869 4162; x_wconf 73' lang='grc' dir='ltr'><strong>α</strong></span> <span class='ocrx_word' id='word_1_406' title='bbox 1885 4117 1997 4187; x_wconf 77' lang='lat' dir='ltr'><strong>Ego</strong></span> <span class='ocrx_word' id='word_1_407' title='bbox 2020 4134 2167 4179; x_wconf 87' lang='lat' dir='ltr'><strong>vero,</strong></span> <span class='ocrx_word' id='word_1_408' title='bbox 2189 4134 2256 4168; x_wconf 83' lang='lat' dir='ltr'><strong>an</strong></span> <span class='ocrx_word' id='word_1_409' title='bbox 2276 4126 2395 4185; x_wconf 83' lang='lat' dir='ltr'><strong>apte</strong></span> <span class='ocrx_word' id='word_1_410' title='bbox 2421 4114 2545 4166; x_wconf 72' lang='lat' dir='ltr'><strong>satis</strong></span> <span class='ocrx_word' id='word_1_411' title='bbox 2570 4130 2681 4165; x_wconf 84' lang='lat' dir='ltr'><strong>eam</strong></span> 
     </span>
    </p>
   </div>
  </div>
 </body>
</html>
