2975 4684
923 349 1404 417 EPITAPHI
1423 350 1478 415 A
1541 350 2002 419 HEROUM.

2396 346 2538 418 635

587 469 839 539 Cedere
869 494 975 537 me
1003 469 1272 538 structis
1305 468 1634 565 compulit
1674 471 1952 539 insidiis,

487 570 631 649 jam
669 578 844 647 dabo
879 604 1292 675 purpureum
1331 578 1513 649 claro
1555 580 1637 650 de
1682 582 2007 675 sanguine
2053 582 2281 649 florem
2305 634 2323 665 ,

583 684 961 759 Testante‘m
1002 692 1263 787 gemitu
1300 693 1583 763 erimina
1610 691 1877 786 judicii.

389 876 518 929 eiam
563 878 782 951 Troiani
835 878 1012 949 potius
1070 877 1406 945 dirimerent3

390 974 524 1027 quoe
577 958 769 1009 multos
825 956 1083 1021 haberent
1137 959 1376 1030 captivos
1394 998 1410 1023 ‚

391 1054 696 1089 communes
718 1038 956 1090 omnium
982 1036 1288 1091 Graecorum
1315 1037 1412 1091 ho-

391 1126 512 1169 stes.
570 1115 802 1171 Consilio
851 1117 1218 1189 sapientissimi
1273 1119 1413 1171 senis

393 1196 717 1268 principibus
742 1196 935 1251 Grecis
962 1199 1183 1269 probato
1197 1239 1214 1263 ,
1234 1198 1420 1263 Troia-

391 1275 445 1328 ni
474 1277 670 1347 captivi
704 1296 850 1332 arma
883 1278 1100 1332 Achiuis
1129 1278 1296 1351 Ulyxi
1324 1278 1418 1331 ad-

387 1355 710 1427 judicarunt.
736 1359 840 1412 Alii
857 1362 1202 1432 scripserunt,
1223 1369 1282 1412 ut
1303 1377 1415 1412 me·

391 1435 543 1488 minit
570 1438 877 1492 Eustachius
901 1437 1048 1511 apud
1074 1437 1416 1492 undecimum

391 1514 668 1588 Odyssea,
682 1519 1162 1590 Agamemnonem,
1186 1518 1278 1591 qui
1293 1519 1415 1590 plus

393 1594 554 1668 Ulyxi
580 1597 801 1663 faveret,
825 1598 1087 1669 Trojanos
1109 1597 1228 1650 illos
1257 1598 1416 1651 inter·

390 1676 690 1747 rogavisse,
733 1695 839 1729 non
892 1678 1013 1749 quis
1065 1696 1173 1749 prae
1215 1676 1420 1731 caeteris

391 1753 588 1808 Graecis
625 1756 692 1807 ab
731 1756 950 1809 Achillis
991 1776 1216 1829 corpore
1241 1756 1419 1812 hostes

389 1834 698 1906 repulisset,
733 1835 828 1888 sed
872 1849 994 1890 uter
1037 1836 1250 1890 illorum
1299 1838 1420 1909 plus

392 1912 576 1967 damni
596 1925 707 1968 toto
727 1915 872 1969 bello
889 1916 1138 1989 Troianis
1157 1915 1417 1969 dedisset:

394 2010 484 2046 eos
503 1994 728 2067 Ulyxem
745 1995 1112 2067 respondisse3
1147 2014 1210 2048 ac
1237 1995 1312 2049 ita
1327 1998 1416 2067 ju-

393 2071 626 2126 dicatum
657 2074 884 2149 Ulyxem
920 2075 1280 2147 pulcherrimo
1315 2076 1418 2128 viri

395 2151 666 2205 fortissimi
692 2154 883 2227 ciypeo
907 2154 1225 2229 digniorem.
1254 2154 1417 2221 Quod

388 2228 648 2303 judicium
697 2244 802 2286 tam
853 2232 1070 2305 indigne
1111 2253 1294 2307 passus
1339 2247 1417 2287 est

394 2311 552 2383 Ajax,
579 2324 638 2365 ut
661 2324 775 2367 atra
803 2314 907 2367 bile
933 2313 1154 2368 tandem
1182 2312 1414 2386 percitus

394 2410 450 2443 ue
473 2390 650 2462 gladio
663 2394 948 2465 jugularit,
968 2413 1079 2467 quo
1101 2394 1171 2447 ab
1193 2395 1420 2447 Hectore

394 2470 620 2524 donatus
647 2472 836 2525 fuerat.
864 2504 936 2514 —
961 2474 1040 2526 De
1065 2473 1169 2527 hac
1195 2482 1416 2531 conten-

395 2548 538 2603 tione
553 2549 660 2605 vid.
681 2552 839 2606 ovid.
855 2554 980 2606 Met.
1005 2554 1138 2606 XIII
1157 2594 1173 2619 ‚
1209 2572 1233 2606 1
1245 2592 1258 2606 .
1277 2554 1382 2607 En.

469 2629 515 2684 5.
537 2638 651 2682 Iam
675 2635 818 2685 dabo.
851 2632 977 2687 Hoc
1003 2645 1192 2705 preter
1212 2632 1418 2687 Greco-

1498 898 1619 931 rum
1664 880 1824 951 epigr.
1871 878 2137 931 Ausonius
2162 896 2179 941 ;
2227 894 2345 949 qun
2389 878 2537 949 Ajaei

1500 959 1707 1031 potius,
1749 976 1911 1029 quam
1957 960 2070 1030 ejus
2111 957 2292 1010 virtuti
2344 975 2536 1009 conve-

1502 1039 1669 1093 niant.
1692 1040 1773 1093 De
1794 1039 1971 1113 Aiacis
2000 1050 2175 1091 autem
2200 1036 2455 1109 sanguine
2481 1036 2539 1087 in

1502 1118 1685 1171 florem
1728 1130 1931 1171 mutato
1964 1134 2289 1189 purpureum
2308 1154 2324 1179 ,
2365 1135 2427 1168 ac
2468 1114 2537 1168 de

1508 1198 1610 1251 isto
1647 1198 1845 1269 gemitu
1876 1197 2180 1250 monuimus
2206 1197 2262 1247 in
2288 1194 2535 1267 idyltium

1508 1276 1576 1330 de
1596 1276 1865 1349 Cupidine
1884 1276 2031 1331 cruci
2053 1274 2250 1330 adfixo.

1578 1359 1632 1409 6.
1661 1360 1875 1409 Cn'tns'ua
1887 1358 2085 1425 judieii.
2118 1354 2338 1411 Falsum
2358 1352 2429 1409 de
2448 1373 2531 1407 me

1505 1448 1557 1489 et
1596 1437 1767 1509 Ulyxe
1804 1434 2086 1511 judicium.
2128 1433 2386 1489 Pindarus
2425 1452 2537 1487 car-

1502 1516 1647 1568 mine
1668 1527 1857 1570 octavo
1877 1517 2198 1569 Nemeorum
2216 1556 2231 1581 ,
2250 1513 2539 1586 Sophocles

1503 1595 1562 1647 in
1586 1595 1747 1667 Ajace
1772 1594 2202 1666 Mastigophorm
2240 1606 2291 1647 et
2314 1593 2539 1646 Ovidius

1504 1674 1626 1729 loco
1660 1675 1820 1727 citato
1850 1673 2367 1745 Metamorphoseon.
2397 1672 2536 1725 Scri-

1508 1754 1585 1807 bit
1608 1764 1785 1807 autem
1819 1754 2007 1808 Strabo
2044 1752 2181 1805 libro
2216 1751 2371 1805 tertio
2398 1751 2537 1804 deci·

1508 1852 1628 1896 mo,
1670 1844 1723 1885 et
1766 1832 2093 1904 Pomponius
2132 1832 2277 1885 Meia
2326 1832 2499 1903 primo
2518 1870 2534 1895 ,

1509 1912 1685 1984 Ajacis
1715 1914 1933 1965 cremati
1958 1912 2161 1965 eineres
2182 1910 2342 1966 fnisse
2366 1910 2539 1982 sepul-

1507 2004 1589 2044 tos
1610 1992 1669 2044 in
1691 1991 1843 2044 litore
1867 1990 2099 2043 Rhoeteo.
2122 1991 2359 2063 Quintus
2384 1991 2536 2043 Cala-

1506 2072 1603 2125 ber
1628 2072 1685 2123 in
1714 2084 1949 2124 extremo
1989 2071 2125 2123 libro
2156 2072 2347 2143 quinto
2368 2108 2385 2133 ‚
2428 2090 2539 2123 non

1504 2151 1691 2223 procul
1740 2171 1773 2204 a
1826 2150 1982 2203 litore
2039 2151 2269 2204 Rhoeteo.
2333 2150 2537 2203 Plinius

1504 2232 1692 2303 quinto
1706 2230 1975 2284 Naturalis
1995 2230 2238 2283 Historia
2258 2230 2315 2281 in
2332 2229 2533 2301 Sigaeo3

1506 2312 1599 2366 sed
1632 2312 1909 2365 Rhoeteum
1942 2324 1994 2365 et
2018 2312 2233 2382 Sigeum
2255 2312 2372 2381 agri
2396 2310 2535 2363 Tro·

1503 2392 1621 2463 jani
1659 2390 1859 2464 oppida
1880 2430 1898 2455 ,
1936 2392 2093 2445 ambo
2138 2390 2401 2443 maritima
2421 2430 2437 2455 ‚
2486 2402 2539 2443 et
2628 2446 2634 2453 ,

1509 2473 1699 2544 exiguo
1730 2472 1901 2543 spatio
1926 2470 2127 2525 dissita.
2151 2474 2409 2527 Αἶαντιιον
2442 2488 2537 2522 au·

1508 2564 1617 2605 tem
1652 2551 1849 2605 Graeeis
1884 2552 2172 2605 vocitatum
2212 2552 2315 2604 fuit
2361 2550 2541 2622 Aiacis

1509 2643 1927 2685 monumentum.

1159 2802 1289 2869 lv.
1343 2747 1784 2869 AcHiLm.

493 2965 654 3035 Non*
693 2989 825 3033 una
861 2966 1200 3035 AEacidem
1238 2966 1430 3039 tellus
1463 2968 1705 3057 habet;
1740 2995 1889 3039 ossa
1924 2984 2245 3065 teguntur

493 3074 750 3144 Littore
783 3076 1014 3170 Sige03
1036 3078 1292 3149 crinem
1323 3082 1591 3151 Larissa
1628 3082 1969 3151 cremavit.

499 3187 660 3253 Pars
695 3186 934 3255 tumuli
955 3240 1458 3260 ...........

497 3296 682 3366 Orbe
722 3296 842 3367 sed
873 3299 942 3367 in
993 3313 1136 3368 toto
1155 3352 1416 3371 ......
1431 3305 1685 3371 Homer
1702 3353 1959 3370 ......

469 3484 692 3539 *Achilla
706 3485 928 3543 Achillis
944 3487 1274 3559 epitaphium
1289 3508 1418 3561 qua-

398 3574 522 3617 tuor
547 3584 796 3619 versuum
823 3567 1030 3631 fuerat3
1069 3566 1162 3620 sed
1187 3566 1420 3623 deletum

401 3642 512 3696 fere
531 3646 790 3715 posterius
817 3645 1102 3699 distichon.

473 3742 520 3776 ι.
545 3728 734 3777 Crinem
753 3728 956 3777 Larissa
973 3729 1218 3779 cremavit.
1240 3726 1320 3779 De
1337 3746 1424 3779 eo·

399 3821 484 3856 ma
509 3804 728 3858 Achillis
749 3806 861 3859 hae
882 3817 1090 3857 tantum
1115 3800 1290 3877 legere
1315 3824 1427 3859 me·

399 3882 532 3935 mini
561 3884 699 3937 libro
731 3885 984 3939 vicesimo
1011 3886 1168 3939 tertio
1191 3884 1388 3939 Iliados
1408 3904 1422 3937 ε

397 3963 546 4034 quod
580 3982 742 4036 quam
771 3978 922 4036 pater
957 3966 1140 4019 Peleus
1166 3964 1423 4037 Sperchio

399 4040 562 4095 fluvio
583 4043 754 4114 patrio
783 4044 983 4097 nutrire
1005 4048 1264 4116 jusserat,
1307 4065 1420 4099 eam

1506 3487 1741 3545 Achilles
1758 3530 1773 3557 ,
1802 3488 1895 3560 qui
1922 3506 1977 3541 se
2002 3486 2206 3540 videret
2230 3484 2287 3537 in
2313 3484 2539 3555 patriam

1508 3587 1785 3640 nunquam
1815 3567 2144 3631 rediturum,
2182 3562 2423 3617 Patroclo
2453 3582 2541 3615 so-

1510 3646 1619 3703 dali
1644 3649 1945 3713 cal-issimo,
1978 3645 2048 3699 ab
2070 3644 2301 3699 Hectore
2326 3641 2503 3695 occiso
2522 3680 2539 3704 ,

1511 3728 1863 3791 consecrarit,
1882 3723 2167 3779 totonderit
2185 3760 2201 3786 ,
2241 3735 2295 3775 et
2322 3721 2375 3773 in
2402 3740 2543 3773 mor·

1515 3807 1593 3860 tui
1620 3808 1865 3862 manibus
1898 3822 2007 3859 una
2043 3801 2421 3865 cremandam,
2456 3820 2541 3853 se-

1510 3886 1921 3958 peliendumque
1942 3882 2180 3957 posuerit
2201 3898 2217 3932 :
2244 3898 2406 3951 quam
2426 3898 2539 3931 rem

1510 3967 1772 4021 imitatum
1786 3966 1947 4019 refert
1964 3964 2095 4016 festo
2116 3980 2212 4015 suo
2232 3959 2541 4013 Bassianum

1513 4046 1845 4101 Herodianus
1868 4044 2006 4097 libro
2029 4052 2237 4115 quarto.
