2975 4684
1282 409 1584 481 AETNA.

2371 413 2498 503 145

470 535 833 627 Congeries
868 535 1005 601 saxi
1045 559 1113 602 se
1148 549 1434 629 angusto
1476 559 1514 602 e
1559 537 1802 604 vertice
1840 559 2180 634 purgans;

472 643 612 730 Sic,
656 643 867 712 veluti
912 646 980 711 in
1021 643 1293 713 fornace
1326 643 1527 740 lapiS‚
1557 661 1874 734 torretur,
1905 662 1975 716 et
2009 653 2232 719 omnis

2427 677 2503 726 475

473 755 793 822 Exsuitur
830 755 1099 848 penitus
1134 756 1359 843 venis3
1383 757 1564 824 subit
1599 755 1796 826 altius
1841 759 2116 844 humor,

476 865 749 934 Amissis
789 865 1031 958 opibus
1074 863 1235 934 levis
1272 880 1341 934 et
1380 867 1522 936 sine
1566 867 1860 962 pondere
1894 893 2141 963 pumex

478 975 851 1060 Excutitur‚
883 973 1107 1068 liquor
1147 973 1257 1043 ille
1293 977 1504 1070 magis
1540 975 1792 1047 fervere
1827 980 2208 1074 magisque,

479 1082 803 1152 Fluminis
840 1087 906 1152 in
940 1086 1219 1180 speciem
1256 1086 1433 1154 mitis
1466 1087 1824 1180 procedere
1857 1088 2120 1158 tandem

386 1270 483 1322 ctis
516 1269 780 1340 particulis
822 1270 1048 1324 fulciunt
1090 1291 1103 1322 :
1153 1275 1407 1340 congeries

384 1352 499 1400 saxi
508 1386 529 1411 ‚
560 1363 863 1418 angustoque
894 1370 922 1400 e
952 1355 1138 1402 vertice
1171 1367 1375 1420 surgunt
1388 1373 1408 1412 ‚-

386 1427 497 1480 alite
511 1425 635 1480 edit.
656 1427 849 1481 omisso
869 1449 987 1497 que,
1011 1443 1195 1482 autum
1212 1429 1411 1484 habent

1495 1266 1655 1320 mices
1681 1267 1738 1320 in
1765 1269 1918 1319 AEtna
1949 1267 2079 1321 fiant
2097 1309 2113 1335 ,
2139 1289 2362 1344 eamque
2383 1293 2515 1328 cou-

1496 1345 1634 1397 ferre
1673 1364 1793 1398 cum
1837 1347 2064 1415 ratione,
2095 1367 2200 1420 qua
2244 1350 2416 1404 silices
2461 1354 2518 1407 in

1499 1423 1803 1479 fornacibus
1843 1443 2226 1499 excoquantur,
2266 1442 2325 1483 ut
2366 1451 2428 1486 ex
2459 1435 2521 1488 iis

384 1521 599 1576 angusto
641 1527 669 1558 e
708 1508 893 1560 vertice
930 1519 1169 1580 surgunt.
1213 1509 1403 1563 Goral-
1434 1522 1464 1549 ⁸
1500 1504 1616 1557 calx
1655 1503 1765 1556 fiat.
1797 1506 1910 1576 Ego
1934 1546 1950 1571 ,
1977 1507 2022 1560 si
2044 1527 2152 1580 qua
2193 1512 2524 1580 parenthesis

385 1585 467 1638 lus
490 1627 507 1652 ‚
535 1604 705 1658 quum
744 1587 935 1640 merito
965 1587 1330 1642 offenderetur
1374 1607 1405 1640 a

386 1667 545 1719 verbo
570 1683 800 1736 surgunt,
822 1665 967 1739 quod
1004 1667 1212 1720 nullum
1246 1667 1412 1722 nomi-

386 1745 625 1798 nativum
662 1745 822 1799 habet
840 1785 856 1810 ‚
892 1765 1001 1818 quo
1035 1749 1317 1815 referatur,
1354 1747 1411 1800 id

386 1827 613 1880 mutavit
634 1827 691 1880 in
720 1847 929 1886 sursum,
960 1839 1013 1880 et
1050 1827 1128 1880 sic
1150 1827 1310 1899 legit:
1333 1847 1413 1878 ca-

384 1908 503 1958 duci
524 1909 779 1974 congeries
794 1910 913 1958 saxi
922 1945 937 1968 ,
968 1921 1173 1976 angusto
1192 1927 1219 1958 e
1232 1910 1415 1959 vertice

385 2005 601 2048 sursum,
638 2005 745 2058 qua
772 1984 827 2038 in
858 1987 1083 2040 lectione
1122 1998 1174 2039 et
1207 1986 1413 2039 hiatum

384 2063 547 2117 habet
570 2085 755 2118 versus
772 2103 790 2128 ,
821 2077 873 2118 et
888 2087 1075 2118 sursum
1100 2066 1258 2137 plane
1279 2067 1413 2118 otio-

388 2161 504 2195 sum
526 2158 621 2208 est,
637 2145 693 2199 in
712 2145 929 2198 vocibus
946 2148 1145 2196 exsiluit
1154 2157 1206 2196 et
1220 2149 1417 2197 sublata

381 2227 493 2296 jam
515 2224 643 2277 satis
664 2243 985 2298 expressum.
1004 2225 1121 2294 Ego
1138 2243 1246 2276 non
1268 2223 1418 2278 aliter

390 2303 631 2377 expediri
672 2322 883 2356 sensum
924 2322 1075 2374 posse
1102 2315 1231 2375 puto
1252 2341 1269 2366 ,
1317 2303 1417 2356 nisi

388 2403 489 2453 pro
514 2398 726 2452 surgunt
751 2382 953 2454 legatur
967 2403 1219 2451 purgans,
1250 2401 1419 2453 eoque

392 2462 725 2534 comparatio
746 2499 763 2526 ,
790 2481 909 2534 quoe
952 2463 1227 2516 antecessit
1249 2500 1266 2526 ,
1294 2481 1417 2515 cum

391 2543 532 2596 ferro
563 2553 788 2614 purgato
808 2583 825 2608 ‚
856 2542 947 2596 hic
981 2542 1294 2614 applicetur.
1331 2542 1419 2594 Sic

391 2621 647 2674 nimirum
669 2622 951 2692 legendum
974 2622 1223 2675 arbitror:
1246 2626 1421 2672 Verum

394 2705 480 2753 ubi
504 2705 774 2768 paullatim
798 2705 997 2754 exsiluit
1024 2707 1219 2754 sublata
1246 2704 1423 2752 caduci

400 2784 655 2850 (longer-ies
673 2784 791 2831 saa-i
804 2801 856 2832 se
873 2796 1085 2850 angusto
1105 2783 1288 2832 vertice
1301 2800 1421 2848 pur-

388 2879 520 2928 gans
540 2879 559 2910 .·
582 2859 637 2911 h.
657 2877 703 2910 e.
722 2877 905 2912 verum
927 2871 1201 2932 postquam
1227 2877 1422 2930 conge·

396 2939 503 2992 ries
528 2937 613 2989 illa
643 2956 891 2990 saxorum
916 2939 1193 3010 paullatim
1220 2939 1422 2990 sublata

397 3029 503 3081 est,
532 3015 663 3068 dum
694 3035 749 3069 se
778 3017 991 3070 faecibus
1022 3019 1129 3070 suis
1157 3017 1213 3070 h.
1241 3035 1290 3070 e.
1319 3036 1421 3089 pu-

396 3095 630 3149 micibus
666 3107 887 3166 purgat,
918 3097 1008 3166 qui
1049 3115 1078 3147 e
1114 3107 1297 3148 monte
1330 3116 1425 3168 per

398 3188 683 3246 augustum
714 3176 961 3228 verticem
992 3177 1141 3248 ejecti
1176 3195 1272 3246 per
1297 3175 1424 3228 vici·

397 3272 499 3308 uos
536 3272 753 3326 campos
792 3252 957 3306 veluti
996 3273 1025 3308 e
1062 3255 1297 3308 nubibus
1335 3274 1423 3309 ca-

401 3333 557 3386 dunt.
574 3366 645 3374 -—
660 3339 721 3386 Et
736 3353 953 3402 purgans
968 3334 1223 3406 explicari
1240 3345 1429 3405 potest,

402 3432 521 3485 quae
542 3413 761 3466 solvitur
784 3425 833 3464 et
854 3413 1159 3486 dissipatur,
1180 3427 1239 3468 ut
1257 3413 1311 3465 in
1334 3413 1427 3465 illo

402 3493 591 3564 virgil.
620 3493 825 3546 AEneid.
851 3495 879 3546 1
896 3531 913 3558 ,
940 3495 1069 3563 587:
1100 3519 1125 3539 α
1142 3493 1346 3548 scindit
1373 3512 1428 3546 se

404 3572 601 3633 nubes,
632 3583 683 3624 et
722 3572 780 3625 in
820 3572 1011 3626 aethera
1034 3584 1231 3644 purgat
1273 3591 1427 3644 aper-

404 3665 523 3704 tum
540 3678 583 3704 2.
612 3651 717 3704 En.
738 3685 810 3693 —
832 3653 911 3705 Ne
942 3651 1079 3705 hanc
1114 3652 1427 3718 lectionem,

404 3731 757 3784 necessariam
782 3769 797 3796 ‚
864 3742 922 3782 ut
970 3745 1105 3802 puto
1130 3768 1145 3794 ,
1192 3730 1431 3801 pluribus

406 3811 741 3872 confirmem,
756 3811 999 3882 angustia
1013 3810 1115 3863 loci
1130 3810 1431 3880 prohibeor.

407 3889 608 3942 Confer
636 3887 813 3942 adhuc
836 3907 1050 3944 versum
1079 3897 1177 3951 204
1208 3901 1259 3941 et
1285 3908 1397 3960 seq.

490 3967 607 4036 475.
628 3969 709 4020 Sic
733 3973 893 4020 veluti
916 3972 965 4019 in
980 3972 1217 4037 fornace.
1235 3967 1436 4020 Gorall.

410 4047 523 4098 haec
539 4049 697 4100 verba
714 4065 881 4118 usque
895 4047 961 4100 ad
975 4051 1281 4116 Eaecoquitur
1293 4046 1437 4119 quod

411 4127 573 4178 habet
592 4146 646 4179 v.
677 4127 781 4196 478
808 4126 1115 4198 parenthesi
1134 4125 1335 4178 claudit
1352 4163 1368 4188 ‚
1390 4138 1441 4178 et

414 4205 689 4259 continere
708 4207 967 4261 rationem
995 4218 1177 4280 putat,
1212 4224 1317 4276 qua
1348 4225 1443 4278 pu-

566 4301 715 4368 III.

1498 1584 1772 1637 statuenda
1793 1584 1858 1636 sit
1873 1623 1888 1650 ,
1908 1603 2020 1638 non
2039 1605 2154 1638 eam
2175 1588 2321 1642 ultra'
2333 1611 2518 1647 vocem

1499 1666 1639 1714 venis
1655 1683 1835 1718 versus
1857 1667 2120 1735 sequentis
2137 1668 2424 1738 procedere
2441 1691 2526 1725 ar·

1499 1743 1682 1796 bitror.

1573 1825 1694 1894 476.
1724 1827 1962 1874 Exsuieur
1977 1829 2174 1892 penitus
2199 1832 2372 1890 venis,
2404 1830 2444 1882 i.
2477 1850 2526 1884 e.

1501 1903 1646 1955 omni
1687 1903 1922 1956 exsuitur
1966 1921 2124 1957 succo
2151 1905 2236 1958 vel
2278 1906 2482 1980 liquore
2505 1950 2522 1976 ‚

1499 1982 1653 2056 cujus
1665 1982 1720 2034 in
1736 2000 1800 2035 eo
1810 2000 1954 2035 venae
1967 1994 2108 2036 sunt.
2121 1983 2345 2038 Helmst.
2365 1986 2528 2042 habet

1500 2067 1717 2113 Est-ustus
1738 2100 1752 2122 ,
1791 2061 1936 2134 quod
1975 2081 2167 2134 parum
2211 2083 2524 2136 congruum.

1501 2145 1719 2192 ——Subit
1749 2145 1894 2194 aleius
1959 2147 2156 2206 humor,
2190 2146 2356 2216 magis
2415 2167 2528 2202 mn-

1501 2220 1687 2292 gisque
1733 2220 1973 2274 ascendit
2015 2223 2213 2276 humor
2260 2225 2527 2296 lapidibus

1503 2312 1764 2354 excoctus.
1797 2300 1922 2354 Haec
1948 2314 2026 2354 est
2049 2302 2294 2374 apodosis
2321 2318 2372 2358 et
2397 2325 2526 2360 con-

1503 2381 1704 2432 secutio
1751 2381 2027 2436 referenda
2068 2381 2136 2435 ad
2171 2403 2378 2438 versum
2407 2394 2534 2456 474.

1503 2462 1638 2513 Nam
1679 2478 1824 2514 nunc
1867 2474 2022 2532 poeta
2067 2463 2343 2518 ostendere
2384 2468 2496 2520 vult
2511 2505 2528 2532 ,

1503 2552 1786 2612 postquam
1811 2541 1964 2611 ejecti
1981 2553 2104 2594 sunt
2123 2543 2362 2614 pumices
2379 2565 2409 2598 e
2421 2563 2534 2600 ver-

1506 2619 1608 2672 tice
1635 2619 1840 2680 montis,
1867 2619 2075 2674 effundi
2101 2621 2358 2676 molarem
2397 2625 2530 2698 lapi·

1507 2697 1627 2750 dem
1656 2697 2012 2769 liquefactum.
2363 2759 2368 2762 ¹

1579 2786 1700 2848 477.
1719 2782 1929 2830 Amissis
1955 2783 2118 2847 opibus
2138 2818 2155 2844 ,
2175 2779 2377 2850 perdita
2401 2780 2529 2834 den—

1507 2857 1656 2909 sitate
1684 2869 1735 2910 et
1763 2859 2017 2928 gravitate
2035 2896 2051 2918 ,
2073 2871 2284 2912 excocto
2313 2879 2491 2914 succo.

1580 2943 1700 3005 478.
1727 2941 2029 3004 lia-coquitur
2053 2937 2250 2990 habent
2283 2938 2530 3008 quaedam

1509 3015 1630 3070 edd.
1676 3015 1768 3070 sed
1805 3016 2114 3068 vetustiores
2132 3056 2147 3081 ‚
2187 3029 2244 3068 ut
2285 3016 2425 3070 Ven.
2480 3031 2534 3070 et

1509 3093 1683 3164 Lugd.
1711 3113 1832 3146 cum
1861 3093 1976 3148 cod.
2007 3093 2227 3145 Helmst.
2258 3099 2532 3160 Exeucimr,

1511 3172 1654 3246 quod
1693 3184 1896 3226 rectum
1939 3184 1989 3225 et
2023 3183 2204 3242 aptum
2229 3187 2326 3226 est.
2355 3174 2530 3228 Excu-

1512 3254 1660 3316 titur,
1709 3263 2001 3324 separatur,
2048 3251 2256 3323 ejicitur
2299 3272 2494 3326 pumex
2514 3292 2531 3318 ,

1511 3330 1728 3404 quando
1757 3342 1998 3384 excoctus
2024 3331 2188 3384 levior
2225 3333 2392 3386 factus
2433 3346 2532 3387 est.

1514 3410 1716 3464 Deinde
1737 3413 1898 3478 liquor·
1918 3412 2002 3463 ille
2026 3415 2183 3480 magis
2205 3432 2400 3466 servare
2419 3433 2535 3466 om·-

1513 3509 1606 3544 nes
1627 3503 1828 3545 veteres
1854 3490 2050 3543 habent
2069 3531 2084 3556 ,
2109 3489 2413 3560 sedfervere
2437 3511 2534 3546 ne·-

1515 3571 1738 3624 cessario
1763 3569 2045 3640 legendum
2073 3571 2203 3624 vidit
2223 3571 2458 3644 Scaliger
2485 3583 2538 3625 et

1515 3649 1662 3703 dedit
1677 3649 1938 3702 Gon-allus.
1959 3650 2246 3704 Dorvillius
2258 3691 2273 3714 ‚
2289 3651 2380 3720 qui
2395 3651 2540 3704 hunc

1515 3729 1690 3784 locum
1714 3731 1881 3780 AEtnae
1911 3728 1980 3782 ad
2000 3747 2212 3782 versum
2237 3747 2408 3800 usque
2435 3727 2539 3793 504

1517 3809 1788 3879 castigavit
1813 3810 1869 3860 in
1897 3808 2086 3862 Siculis
2103 3845 2118 3870 ‚
2141 3825 2259 3880 cap.
2293 3815 2356 3870 14
2373 3849 2390 3875 ,
2415 3828 2539 3882 pag.

1527 3889 1625 3943 238
1646 3926 1660 3951 ,
1681 3889 1766 3940 hic
1787 3888 1914 3959 legit
1929 3893 2104 3940 sedare
2123 3888 2160 3940 i.
2181 3907 2228 3940 e.
2251 3887 2542 3958 quiescere,

1523 3967 1670 4039 quod
1713 3968 1844 4020 mihi
1881 3978 2064 4020 contra
2102 3979 2332 4019 mentem
2377 3978 2542 4039 poeto

1527 4046 1761 4100 videtur:
1786 4046 2060 4117 quiescere
2076 4045 2216 4098 enim
2240 4045 2418 4116 liquor
2437 4065 2546 4100 non

1531 4137 1702 4198 potest
1723 4167 1736 4192 ,
1761 4126 1852 4196 qui
1881 4144 2001 4177 mox
2013 4128 2283 4193 procedere
2303 4124 2512 4178 dicitur.

1605 4211 1725 4274 479.
1754 4201 1914 4269 Quod
1945 4203 2032 4256 hic
2060 4203 2302 4275 quaedam
2329 4206 2553 4276 vulgata

2165 4319 2246 4364 10
