2975 4684
493 377 640 461 624
1035 374 1466 445 AUSONII
1532 374 2073 445 PERIOCHAE

483 507 844 599 insignibus
860 504 1188 569 edocetur.
1207 504 1462 569 Dehinc
1477 504 1813 568 Menelaus
1830 502 1915 567 ad
1939 502 2263 593 singulare
2288 518 2619 566 certamen

481 614 564 677 ab
597 609 956 679 Alexandro
987 625 1397 698 provocatur.
1435 608 1568 690 Qui
1604 608 1837 673 frustra
1868 610 2355 698 Agamemnone
2382 606 2627 670 dehor-

489 736 662 785 tante
693 716 1131 807 congreditur,
1167 718 1330 780 facta
1366 716 1537 780 inter
1571 731 1885 803 utrosque
1921 715 2199 804 populos
2230 714 2585 803 sponsione
2602 762 2625 791 ‚

489 842 554 891 et
588 824 827 890 foedere
857 846 974 911 per
1000 846 1174 899 sacra
1207 820 1492 903 firmato,
1518 822 1643 885 sub
1670 844 1743 885 ea
1772 819 2151 885 conditione
2166 867 2184 900 ,
2208 835 2283 883 ut
2306 819 2623 882 victorem

485 932 728 997 Helena
763 952 912 994 cum
952 928 1108 994 dote
1137 944 1537 1016 sequeretur.
1584 927 1711 992 Sed
1748 942 2087 1015 superatus
2125 925 2304 989 Paris
2320 972 2337 1005 ,
2368 946 2623 1015 regres-

488 1060 728 1124 susque
753 1035 836 1101 ad
859 1036 1090 1103 urbem
1109 1083 1127 1117 ,
1151 1034 1364 1124 jurgio
1389 1036 1609 1097 uxoris
1635 1033 1968 1121 excipitur.
2005 1033 2100 1096 Ab
2134 1035 2625 1123 Agamemnone

491 1141 744 1207 foederis
783 1156 965 1229 pacta
995 1152 1400 1226 repetuntur.

939 1388 1460 1457 PERIOCHA
1520 1388 1625 1455 IV
1696 1387 2146 1459 ILIADOS.

765 1602 1008 1674 Iuppiter
1025 1602 1106 1671 (t)
1129 1600 1329 1655 interea
1354 1618 1478 1654 cum
1502 1602 1614 1654 Diis
1635 1602 1950 1673 genitalibus
1974 1620 2080 1654 una

769 1689 1074 1744 Concilium
1094 1686 1235 1761 cogit
1263 1688 1527 1761 Superum
1554 1688 1623 1742 de
1648 1689 1809 1743 rebus
1834 1688 2068 1742 Achivis.

572 1862 713 1928 Jovi
758 1862 964 1950 placet
1013 1860 1228 1925 delere
1271 1858 1577 1943 Trojam3
1618 1859 1701 1924 ad
1746 1859 1926 1949 quod
1968 1860 2318 1948 pertinacia
2346 1863 2627 1925 Junonis

491 1984 778 2058 urgetur.
827 1967 1186 2054 Quumque
1219 1962 1288 2030 id
1332 1964 1468 2029 fieri
1500 1966 1789 2031 Minerva
1830 1954 2238 2055 properauit,
2276 1966 2623 2032 discidium

489 2075 742 2141 foederis
801 2073 1319 2139 comminiscitur
1337 2121 1356 2153 ,
1411 2088 1478 2137 et
1535 2072 1899 2137 Pandarum
1948 2072 2290 2162 sagittandi
2340 2074 2625 2161 peritum

496 2197 640 2246 astu
668 2179 996 2245 suadentis
1034 2175 1435 2268 aggreditur,
1469 2196 1546 2243 ut
1576 2179 1739 2243 clam
1771 2178 2112 2243 vulnerato
2144 2179 2441 2243 Menelao
2472 2179 2627 2243 beni

491 2308 714 2352 caussa
751 2283 1104 2350 crudescat.
1137 2284 1292 2366 Quo
1321 2285 1488 2349 facto
1504 2333 1521 2366 ,
1546 2306 1583 2347 a
1616 2283 1853 2349 Graecis
1879 2286 2171 2372 praelium
2197 2286 2625 2366 instauratur3

494 2393 986 2483 congressisque
1021 2391 1406 2456 exercitibus
1441 2406 1668 2455 mutua
1698 2390 1877 2455 clade
1909 2390 2297 2456 decernitur.

565 2618 643 2687 (ι)
675 2619 895 2685 Iuppiter
925 2618 1160 2685 hesma„
1179 2626 1278 2668 etc.
1298 2615 1581 2669 Turnebus
1604 2620 1737 2667 Deos
1770 2620 2023 2669 Genitales
2054 2628 2207 2689 putat
2236 2615 2345 2669 dici
2362 2656 2379 2683 ,
2424 2628 2483 2667 nt
2530 2634 2626 2688 pn-

486 2716 660 2759 rentes
679 2742 696 2768 ‚
731 2716 784 2757 et
820 2704 1093 2766 auctores,
1137 2714 1189 2755 et
1229 2715 1588 2773 procreatores
1632 2720 1809 2755 rerum
1862 2704 2102 2757 omnium
2122 2744 2137 2770 ,
2168 2716 2219 2757 et
2258 2704 2625 2757 animantium.

491 2798 672 2851 Movet
705 2795 856 2849 illum
875 2832 892 2859 ,
932 2792 1080 2867 quod
1120 2797 1398 2867 ἀιιγινίτας
1427 2795 1496 2847 ab
1520 2796 1754 2848 Homero
1768 2796 2461 2867 vocariDeosreperiamus3
2486 2796 2629 2848 hanc

491 2904 673 2940 vocem
692 2882 1065 2941 Grammaticis
1087 2882 1247 2937 modo
1271 2882 1506 2935 Deorum
1528 2882 1905 2937 immortalium
1928 2884 2229 2949 aeternitati,
2256 2884 2418 2938 modo
2438 2904 2625 2957 perpe·

494 2986 598 3026 tun
631 2990 814 3026 eorum
849 2970 1197 3043 procreationi
1222 2972 1661 3035 attribuentibus3
1698 2971 1791 3025 sed
1824 2974 2165 3044 posteriorem
2192 2973 2623 3045 significationem

493 3072 675 3135 poetas
719 3074 969 3135 aequatos
1012 3080 1125 3114 esse
1161 3060 1434 3114 existimat.
1477 3092 1549 3102 —
1588 3066 1807 3131 Iuppiter
1842 3066 2031 3114 interea
2064 3083 2170 3115 mam
2200 3065 2304 3114 Diis
2330 3066 2625 3131 genitalibus

498 3172 601 3204 una
623 3155 884 3204 Concilium
897 3190 914 3213 ,
944 3162 1041 3204 etc.
1062 3150 1307 3203 Bar-thius
1328 3149 1609 3221 legendum
1633 3150 1923 3205 existimat:
1947 3155 2163 3221 luppiter
2181 3156 2365 3205 interea
2384 3173 2491 3203 cum
2524 3156 2627 3203 Diis

497 3242 776 3294 Genialibus
801 3260 904 3292 una
928 3243 1190 3292 Concilium
1220 3242 1355 3309 cogit
1371 3244 1601 3307 Superum
1632 3244 1697 3293 de
1728 3244 1865 3293 rebus
1890 3244 2123 3293 Achivum
2138 3264 2157 3303 ,-
2176 3261 2285 3295 non
2312 3244 2627 3311 genitalibus.

497 3330 760 3384 Videntur
793 3329 936 3383 enim
974 3332 1206 3381 Geniales
1235 3328 1272 3381 ii
1310 3329 1418 3382 dici
1435 3368 1450 3390 ‚
1489 3328 1582 3403 qui
1625 3348 1749 3384 cum
1789 3330 1921 3385 Jove
1956 3331 2271 3385 accumbant
2310 3349 2543 3403 semper,
2576 3342 2628 3383 et

493 3414 728 3491 ejusdem
757 3434 949 3469 mense
975 3415 1119 3468 velut
1147 3416 1302 3487 genio
1331 3431 1674 3483 censeantur,
1707 3436 1937 3489 quorum
1962 3410 2181 3490 quidem
2212 3416 2495 3471 duodecim
2522 3438 2623 3471 no·

501 3505 662 3559 minat
682 3506 914 3571 Ennius,
939 3517 992 3557 et
1019 3523 1082 3557 eo
1109 3522 1332 3557 numero
1369 3522 1457 3557 sex
1493 3524 1564 3558 sc.
1607 3507 1677 3558 ab
1704 3498 1927 3579 uti-oque
1952 3524 2075 3561 sexu
2116 3507 2434 3578 putabantur
2468 3506 2627 3559 simu!

499 3598 862 3661 discumbere,
885 3596 1030 3650 unde
1061 3596 1222 3651 ducta
1245 3596 1556 3661 δωδεκᾶοεος
1578 3616 1725 3651 coena
1745 3601 1965 3671 Augusti
1984 3639 1999 3661 ,
2026 3598 2095 3652 de
2124 3618 2231 3671 qua
2252 3600 2517 3654 notissima
2542 3622 2628 3655 res

500 3704 562 3740 ex
587 3688 854 3741 Suetonio.
885 3714 956 3728 -
992 3686 1104 3758 Ego
1139 3688 1434 3755 genitalibus
1471 3682 1791 3740 servandum
1822 3700 1952 3759 pnto
1980 3700 2033 3740 et
2062 3688 2301 3740 Tui-nebi
2328 3688 2633 3759 interpreta-

503 3776 702 3829 tionem
727 3772 1056 3847 probandam
1079 3792 1096 3839 ;
1133 3792 1252 3847 qun
1279 3776 1362 3827 vel
1389 3776 1432 3826 si
1455 3779 1731 3844 genialibus
1762 3776 2045 3847 legeretur,
2080 3794 2189 3829 non
2222 3774 2449 3830 absin-da
2478 3790 2629 3830 esset.

499 3866 634 3919 Nam
647 3869 868 3935 genior-e,
895 3882 998 3937 pro
1013 3864 1252 3917 animare
1266 3901 1282 3931 ,
1307 3864 1521 3918 vitalem
1540 3866 1713 3921 facem
1725 3902 1743 3930 ‚
1766 3876 2075 3938 usurpatum
2096 3862 2387 3937 aiiqmudo
2404 3866 2627 3920 videtur.

503 3956 800 4011 videantur
833 3956 1076 4010 adnotata
1107 3956 1177 4010 ad
1213 3958 1560 4029 fngmmtum
1598 3966 1849 4014 Ποντικῶν
1872 3996 1888 4024 ,
1928 3976 1980 4011 v.
2006 3976 2098 4021 n,
2134 3958 2247 4029 huj.
2286 3959 2458 4030 operis
2500 3972 2539 4009 t.
2574 3958 2635 4011 1.

505 4062 626 4113 pag.
655 4046 771 4096 218.
800 4045 902 4095 En.
