2975 4684
535 362 667 434 562
1371 360 1804 459 ‚INCERTI

629 485 1140 576 Attonitumque
1177 479 1376 552 simul
1413 477 1645 550 caelum
1688 495 1911 575 petere
1950 480 2089 573 ipsa
2130 481 2369 575 coegit.
2590 501 2667 538 ⁵³⁵

627 595 756 664 Hic
793 591 902 661 ille
943 592 1230 662 aethereo
1271 589 1577 683 queritur
1612 613 1731 660 sua
1770 588 2047 660 vulnera
2088 591 2229 684 regi

627 703 906 774 Saucius
927 755 946 787 ,
981 717 1048 770 et
1084 701 1310 795 magni
1343 700 1666 792 genitoris
1693 700 1919 796 jurgia
1954 699 2213 768 suffert.

724 817 841 882 Vt.
897 816 1160 881 Interea
1194 811 1456 905 magnis
1494 813 1927 880 Acamantem
1962 810 2217 880 viribus
2253 811 2423 904 Ajax

626 923 992 1006 Interimit‚
1025 935 1417 1013 vastumque
1451 919 1634 1014 capit
1668 917 2012 988 Menelaus
2046 918 2439 1006 Adrastum,

627 1041 714 1105 Et
749 1033 924 1126 rapit
967 1030 1054 1099 ad
1089 1029 1324 1099 classes
1360 1029 1671 1098 manibus
1708 1043 1861 1123 post
1900 1044 2089 1122 terga
2126 1029 2475 1115 revinctis,
2589 1055 2671 1094 ss..

629 1150 728 1216 Ut
763 1145 911 1212 vivo
949 1141 1150 1210 ducat
1186 1138 1372 1208 laetos
1405 1164 1486 1208 ex
1523 1138 1715 1208 hoste
1750 1137 2149 1231 triumphos,

629 1254 1038 1328 Incumbunt
1070 1251 1326 1336 Danai,
1361 1249 1539 1318 cedit
1572 1251 1863 1342 Trojana
1893 1249 2242 1342 juventus,

531 1459 640 1494 non
679 1435 900 1490 dubium
942 1444 1020 1486 est
1034 1472 1049 1497 ,
1083 1429 1366 1503 legendum
1395 1449 1509 1484 esse
1536 1471 1551 1495 ,

532 1523 715 1589 AEgide
733 1531 784 1568 et
801 1527 1024 1567 extrema
1046 1530 1332 1582 percussum
1355 1513 1557 1580 cuspide

531 1603 694 1654 cerdic.
717 1597 852 1649 Nam
881 1603 934 1646 et
971 1594 1140 1659 aegida
1174 1588 1346 1642 Pallas
1386 1589 1559 1642 existi-

533 1677 728 1734 manda
743 1686 820 1728 est
837 1671 1148 1744 opposuisse
1167 1673 1335 1738 οζηιεο
1353 1668 1561 1731 Martis,

533 1777 692 1831 quem
717 1765 844 1808 ante
867 1750 1161 1804 nominavit
1194 1759 1398 1815 auctor,
1424 1760 1474 1800 et
1502 1747 1559 1798 in

534 1832 848 1892 debellando
867 1832 1045 1883 Marte
1067 1845 1282 1881 necesse
1311 1827 1413 1879 suit
1435 1827 1558 1899 iegi-

533 1919 604 1972 de
637 1915 714 1968 uti
731 1955 745 1980 ,
765 1913 822 1964 in
847 1929 955 1983 qua
979 1907 1205 1960 maxima
1224 1907 1301 1959 vis
1327 1905 1561 1958 Palladis

533 2000 704 2051 inesse
734 1991 1062 2046 credebatur.
1095 1985 1256 2038 Unde
1281 1997 1332 2038 et
1357 1983 1565 2056 Jupiter

533 2077 726 2130 dicitur
742 2069 908 2144 aegide
931 2067 1160 2120 Achivos
1183 2065 1392 2136 fugasse
1419 2062 1563 2134 apud

534 2157 751 2208 Homer.
790 2147 948 2202 Iliad.
994 2145 1190 2208 XVII,
1227 2145 1347 2212 593.
1385 2145 1565 2209 Quam

535 2236 690 2289 facile
711 2231 880 2302 verba
898 2230 1081 2296 AEgide
1115 2239 1166 2277 ec
1199 2225 1468 2296 corrumpi
1509 2225 1563 2276 in

535 2317 654 2384 Egit
675 2327 725 2365 ee
751 2308 1020 2383 potuerint
1045 2323 1076 2358 a
1101 2302 1326 2357 librariis
1341 2343 1356 2369 ,
1390 2302 1568 2355 sciunt

535 2395 628 2465 qui
665 2387 928 2445 scribendi
967 2403 1164 2438 morem
1181 2423 1197 2444 ‚
1247 2381 1425 2436 medio
1451 2399 1566 2434 aevo

537 2481 881 2528 consuetum,
909 2476 1107 2518 tenent.
1147 2465 1214 2514 Et
1237 2480 1564 2534 quamquam

537 2553 834 2608 Homerus,
873 2543 968 2616 qui
995 2543 1108 2594 haec
1149 2553 1328 2594 narrat
1348 2580 1364 2605 ,
1404 2539 1563 2593 Iliad.

537 2633 611 2694 V,
649 2629 777 2689 841,
819 2623 1016 2677 nullam
1039 2620 1222 2693 agidis
1247 2621 1564 2674 mentionem

537 2708 704 2783 injicit
727 2744 741 2769 ,
767 2706 958 2758 Noster
983 2713 1189 2763 tamen,
1218 2701 1312 2773 qui
1333 2701 1567 2752 Homero

538 2807 662 2842 raro
685 2785 918 2838 adhaeret
933 2823 948 2848 ,
975 2792 1025 2834 et
1045 2792 1230 2852 poetas
1256 2781 1448 2832 latinos
1471 2797 1567 2832 εω-

539 2889 606 2941 pe
626 2864 876 2938 sequitur,
897 2861 1136 2914 hocloco
1158 2860 1376 2914 fortasse
1397 2859 1567 2912 Hora·

539 2949 670 3000 tium
717 2942 942 3015 respexit
961 2982 977 3007 ,
1026 2940 1118 3012 qui
1160 2939 1425 2992 Palladem
1459 2939 1565 2992 hoc

540 3029 655 3098 ipso
677 3027 732 3077 in
757 3021 1046 3076 certamine
1066 3020 1138 3071 ait
1163 3017 1380 3090 oegidenx
1409 3017 1564 3070 adhi-

539 3107 741 3169 buisse,
761 3103 936 3154 Carm.
957 3101 1019 3162 1,
1047 3098 1133 3163 15,
1175 3116 1265 3151 11:
1289 3123 1312 3144 ι
1335 3097 1454 3150 Jam
1483 3117 1569 3168 ga-

541 3187 676 3238 leam
706 3181 878 3235 Pallas
903 3192 958 3232 et
989 3176 1156 3248 effide
1181 3177 1489 3248 Cui-rusque
1518 3189 1569 3229 et

539 3264 742 3318 rabiem
769 3272 918 3332 parat
935 3283 978 3311 a.
999 3287 1072 3298 -—-
1091 3259 1156 3308 Et
1175 3256 1420 3323 Ovidius,
1437 3261 1566 3309 Met.

541 3346 616 3408 V,
659 3349 722 3412 47
743 3359 754 3391 :
793 3363 816 3385 ι
847 3337 1042 3390 Bellica
1088 3335 1256 3388 Pallas
1300 3336 1480 3400 adest,
1518 3349 1570 3388 et

541 3422 766 3493 protegit
785 3415 950 3490 aegide
971 3417 1186 3469 fratrem
1205 3443 1248 3469 a.
1272 3417 1374 3470 En.

615 3503 736 3555 536.
776 3500 885 3550 Illic
924 3501 1132 3548 oetluereo
1171 3495 1239 3548 G.
1281 3513 1331 3546 2.
1370 3494 1573 3566 Repetit

542 3599 752 3636 versum
768 3621 783 3645 ,
823 3595 980 3648 quem
1028 3593 1186 3647 supra
1229 3575 1348 3646 pari
1393 3575 1460 3628 de
1508 3594 1565 3626 re

545 3661 788 3716 adhibuit
813 3676 865 3709 v.
892 3663 1014 3727 471.

618 3742 737 3811 537.
751 3745 890 3806 ,ἴω-5.
905 3733 1229 3805 suff'ertNid.
1241 3753 1293 3786 v.
1305 3735 1337 3786 6
1348 3751 1368 3786 ι
1384 3747 1434 3788 et
1453 3743 1564 3798 104.

619 3821 736 3874 538.
776 3823 1099 3870 Acamantem
1144 3814 1326 3883 legunt
1364 3813 1569 3868 Bonda·

547 3901 683 3953 mins
709 3909 760 3952 et
789 3897 1012 3948 Dussen.
1048 3895 1100 3945 ll.
1133 3911 1209 3945 cc.
1245 3911 1308 3944 ex
1347 3893 1567 3946 Homeri

548 3981 650 4043 vl,
671 3981 722 4031 8.
743 3975 984 4045 Vulgi-tie
997 3981 1327 4025 Acamantem.

619 4054 984 4124 539.Vulgatie
1001 4053 1090 4106 hic
1111 4053 1292 4123 legunt
1307 4071 1569 4120 magnum·
1590 4097 1595 4104 .

549 4155 643 4202 que
662 4137 786 4202 petit
819 4135 1072 4184 Menelaus
1111 4135 1394 4184 Adrastum.
1433 4134 1567 4184 Dus-

1642 1431 1817 1484 senius
1846 1432 1899 1483 in
1932 1431 2117 1486 Prodr.
2144 1451 2264 1504 pag.
2286 1423 2357 1484 31
2378 1431 2674 1484 rescribere

1635 1511 1787 1584 jubet
1810 1514 2133 1578 miserumque
2144 1514 2294 1579 petit,
2312 1522 2527 1582 propter
2549 1531 2674 1564 nar·

1640 1591 1899 1643 rationem
1960 1590 2211 1658 Homeri,
2262 1590 2417 1649 Iliad.
2444 1593 2523 1642 vl
2545 1633 2561 1656 ,
2602 1592 2671 1664 37

1642 1689 1791 1742 seqq.
1828 1670 1921 1742 qui
1960 1671 2151 1737 refert,
2188 1671 2473 1724 Adrastum
2520 1675 2673 1745 equis

1642 1751 1843 1822 pavore
1866 1750 2097 1802 attonitis
2116 1769 2391 1805 excussum
2412 1791 2429 1814 ‚
2458 1753 2673 1804 vivum·

1644 1847 1749 1900 que
1774 1847 1805 1880 a
1836 1829 2078 1882 Menelao
2112 1849 2279 1902 prope
2312 1829 2555 1884 adstante
2580 1851 2673 1885 ω-

1646 1922 1793 1980 ptum
1832 1909 2139 1980 suppliciter
2180 1909 2327 1963 hune
2364 1929 2577 1977 orasse,
2614 1924 2674 1963 nt

1649 1989 1765 2039 vitae
1790 2005 1898 2040 suae
1928 2001 2197 2060 parceret3
2216 2002 2376 2061 atque
2396 1989 2501 2043 hoc
2520 1990 2675 2060 prius

1649 2067 1956 2138 impetrasse
1973 2108 1989 2134 ,
2018 2087 2142 2120 mox
2179 2069 2247 2120 ab
2274 2069 2679 2140 Agamemnone

1650 2160 1957 2200 accim-ente
1974 2189 1989 2213 ,
2048 2161 2099 2201 et
2152 2149 2453 2201 Menelaum
2494 2151 2679 2222 objur-

1650 2238 1807 2299 gante
1825 2264 1840 2289 ,
1884 2228 2113 2298 graviter
2156 2228 2489 2282 vulneratum
2536 2247 2675 2282 esse.

1655 2305 1876 2358 Adrasto
1896 2306 2058 2378 igitur
2075 2305 2231 2359 talem
2254 2305 2521 2359 fortunam
2544 2309 2675 2360 sub-

1651 2385 1797 2438 eunti
1822 2385 1995 2438 minus
2028 2385 2307 2438 convenire
2326 2391 2383 2441 τὸ
2404 2407 2645 2454 inagnum
2664 2427 2679 2452 ,

1653 2466 1829 2518 verius
1848 2469 1903 2520 τὸ
1925 2467 2165 2516 miserum.
2192 2465 2295 2518 Sed
2326 2465 2465 2518 hanc
2492 2485 2679 2520 σοι-κ-

1653 2545 1879 2598 ctionem
1914 2543 2229 2616 superfluam
2264 2544 2439 2598 reddit
2456 2564 2590 2599 sana
2608 2546 2683 2598 le·

1653 2625 1757 2676 ctio
1782 2623 1979 2677 codicis
2008 2624 2076 2677 H.
2110 2637 2161 2676 et
2192 2623 2260 2676 G.
2298 2643 2325 2676 2
2345 2664 2359 2689 ‚
2395 2643 2557 2695 quam
2584 2625 2681 2678 de-

1653 2701 1827 2756 dimus
1851 2725 1864 2755 t
1910 2717 2209 2770 vastumque
2248 2706 2385 2772 capit
2414 2709 2681 2756 Menelaus

1652 2787 1943 2834 Adrastum.
1966 2782 2009 2834 E
2040 2801 2146 2853 qua
2178 2783 2468 2854 intelligas,
2492 2797 2682 2837 aucto-

1652 2881 1764 2915 rem
1783 2881 1889 2914 non
1918 2861 2008 2914 hic
2032 2862 2249 2914 miseras
2268 2881 2446 2934 preces
2466 2863 2681 2917 Adrasti

1652 2943 1965 3014 respexisse,
1999 2940 2087 2994 sed
2122 2953 2325 2994 tantum
2354 2961 2533 2995 casum
2564 2950 2683 3010 ejus

1652 3035 1703 3076 et
1734 3022 2083 3092 captivitatem
2112 3023 2399 3091 exprimere
2427 3024 2678 3077 voluisse.

1654 3101 1905 3154 -Malim
1927 3118 1991 3152 ex
2008 3099 2241 3152 Homero
2256 3105 2560 3170 lapsumque.
2572 3105 2679 3157 En.

1728 3183 1847 3245 540.
1864 3185 1927 3231 Et
1944 3183 2071 3248 rapit
2086 3197 2283 3250 ponere
2298 3182 2439 3234 volui
2458 3201 2521 3234 ez
2538 3183 2608 3234 H.
2628 3196 2683 3234 et

1656 3260 1724 3314 G.
1754 3281 1781 3312 2
1808 3279 1905 3331 pro
1924 3259 2134 3330 vulgato
2154 3263 2321 3313 ualuit.

1733 3339 1854 3402 541.
1882 3339 2136 3393 Dedimus
2173 3341 2455 3410 genuinam
2494 3342 2683 3395 lectio·

1660 3437 1779 3470 nem
1798 3417 1997 3471 codicis
2014 3419 2081 3470 H.
2102 3433 2157 3470 et
2174 3419 2239 3471 G.
2264 3439 2313 3472 a.
2336 3420 2472 3473 Edd.
2492 3439 2687 3494 per-pe-

1658 3517 1775 3551 ram
1794 3498 2042 3550 exhibent
2065 3503 2148 3549 Ex
2168 3503 2283 3550 hine
2302 3504 2499 3552 deducit
2519 3505 2683 3555 Icelos.

1653 3579 1910 3632 Caeterum
1938 3579 2201 3630 truncavit
2226 3578 2313 3630 hic
2348 3593 2537 3632 auctor
2558 3601 2687 3634 nar-

1654 3657 1911 3710 rationem
1946 3657 2162 3708 Homeri
2201 3658 2358 3710 nimia
2404 3659 2683 3714 brevitate.

1654 3739 1789 3790 Nam
1819 3743 1963 3808 quod
1986 3736 2241 3790 Adrastus
2272 3749 2457 3810 captus
2492 3753 2603 3803 est,
2627 3755 2685 3794 et

1656 3817 1720 3869 ad
1752 3835 1910 3870 naves
1948 3815 2139 3870 deduci
2171 3819 2374 3890 jussus,
2410 3817 2465 3871 id
2508 3821 2683 3873 solnm

1654 3908 1831 3949 narrat
1855 3917 1869 3962 ς
1910 3897 2119 3949 reticuit
2150 3909 2323 3950 sutem
2342 3937 2357 3960 ,
2387 3899 2531 3970 quod
2566 3919 2689 3970 gra-

1656 3977 1931 4029 vissimum
1960 3987 2067 4027 erat
2087 4018 2102 4042 ,
2137 3976 2426 4030 Adrastum
2452 3979 2521 4030 ab
2538 3981 2683 4050 Aga-

1656 4073 1937 4108 memnone
1956 4095 1970 4120 ,
1992 4056 2215 4108 Menelai
2238 4057 2569 4111 clementiam
2594 4059 2681 4110 in·-

1658 4145 1876 4186 cusantc
1896 4171 1910 4196 ,
1938 4135 2189 4188 occisum.
