2975 4684
492 374 636 447 608

1355 379 1773 451 INCERTI

591 504 678 571 Et
719 499 972 595 clypei,
1007 496 1644 597 galeaeque.graves‚
1678 504 2056 599 Argivaque
2102 506 2256 576 tela.
2544 528 2649 566 ¹⁰⁵⁵

683 617 842 693 Haec
877 636 1078 705 super
1115 612 1369 705 ingenti
1405 614 1665 706 gemitu
1700 616 2133 713 componitur
2168 620 2439 687 Hector.

587 726 784 791 Stant
823 723 1078 791 circum
1123 720 1364 793 Iliades
1403 738 1689 809 matres,
1726 727 2173 821 manibusque
2217 728 2494 799 decoros

583 834 1018 928 Abrumpunt
1051 834 1300 918 crines,
1328 832 1715 929 laniataque
1756 854 2031 933 pectora
2069 840 2401 909 tundunt:

581 942 706 1013 Illo
739 968 1030 1037 namque
1071 968 1236 1039 rogo
1275 959 1591 1015 natorum
1628 946 1865 1017 funera
1904 966 2213 1021 cernunt.

581 1053 868 1125 Tollitur
901 1068 968 1123 et
990 1055 1316 1147 juvenum
1353 1080 1603 1150 magno
1640 1080 1801 1127 cum
1836 1083 2185 1129 murmure
2220 1060 2481 1133 clamor
2530 1086 2639 1123 ¹0⁶0

586 1166 856 1236 Flebilis
879 1158 1214 1251 ‚ardebat
1250 1167 1519 1236 flamma
1556 1193 1847 1264 namque
1886 1170 2060 1241 Ilion
2098 1170 2231 1241 illa.

681 1280 870 1346 Inter
905 1302 1074 1371 quos
1117 1278 1407 1371 gemitus
1443 1277 1696 1348 laniato
1730 1304 2013 1375 corpore
2050 1284 2295 1377 conjux

577 1386 865 1457 Advolat
902 1386 1372 1463 Andromache
1393 1442 1412 1471 ‚
1445 1387 1836 1484 mediosque
1869 1392 2230 1463 immittere
2258 1398 2325 1463 in
2363 1398 2553 1492 ignes

575 1502 661 1569 Se
697 1498 913 1594 cupit,
943 1500 1346 1593 Astyanacta
1381 1512 1619 1571 tenens
1640 1552 1660 1585 ‚
1697 1526 1899 1594 quam
1939 1502 2125 1597 jussa
2158 1530 2435 1575 suorum

569 1610 808 1680 Tristis
847 1608 1044 1678 turba
1087 1609 1306 1702 rapit:
1347 1622 1585 1678 contra
1630 1624 1855 1679 tamen
1901 1638 2113 1707 usque
2151 1616 2430 1703 resistit,

2526 1637 2634 1678 tofis

565 1726 802 1792 Donec
836 1718 1140 1815 collapsae
1181 1719 1570 1789 ceciderunt
1606 1722 1850 1792 robora
1888 1722 2209 1808 flammai,

571 1836 786 1927 Inque
827 1831 998 1900 leves
1035 1830 1200 1899 abiit
1237 1845 1464 1900 tantus
1508 1832 1645 1901 dux
1684 1832 1795 1902 ille
1828 1833 2110 1904 favillas,

669 1940 798 2011 Sed
833 1942 974 2035 jam
1022 1941 1178 2009 siste
1211 1940 1531 2035 gradum,
1563 1942 1903 2039 finemque
1936 1946 2211 2040 impone
2248 1946 2495 2037 labori,

477 2155 698 2210 ductum
715 2194 730 2219 ,
751 2152 847 2224 qni
874 2155 997 2205 AEn.
1021 2152 1100 2204 VI
1121 2192 1137 2218 ,
1163 2150 1262 2205 232
1284 2189 1301 2216 ,
1323 2150 1394 2205 de
1425 2170 1508 2207 se-

477 2237 669 2309 pulcro
707 2234 938 2287 Miseni:
979 2258 1005 2279 a
1025 2232 1262 2305 Imponit
1307 2252 1508 2305 suaque

474 2334 620 2369 arma
647 2314 780 2380 viro,
801 2332 1136 2385 remumque,
1157 2312 1446 2385 tubamque
1463 2338 1509 2368 a.

469 2396 574 2449 Sed
601 2394 874 2447 adnotavit
888 2394 1098 2457 Victor,
1113 2392 1184 2445 de
1191 2394 1342 2466 Orig.
1357 2406 1503 2465 gent.

469 2476 627 2527 Rom.
663 2492 779 2544 cap.
809 2491 875 2541 9,
903 2490 1028 2526 eum
1069 2472 1250 2525 locum
1285 2474 1507 2545 Virgilii

473 2553 727 2625 adlegans
746 2590 762 2617 ‚
801 2566 1022 2605 auctore
1054 2552 1292 2606 Homero
1311 2594 1328 2619 ,
1362 2554 1503 2606 tuboe

467 2652 625 2689 usum
649 2630 894 2706 Troianis
923 2632 1252 2704 temporibus
1281 2632 1501 2705 ignora·

464 2726 580 2767 tum
611 2713 788 2765 fnisse.

544 2794 694 2848 1055.
709 2796 981 2860 Galea-que
992 2809 1175 2859 graves
1191 2790 1392 2843 habent
1407 2790 1490 2845 ed.

463 2876 591 2928 Tor.
631 2886 682 2927 et
715 2872 807 2944 Sp.
833 2890 958 2924 cnm
983 2869 1052 2923 G.
1085 2888 1148 2923 a:
1173 2890 1312 2922 σανα
1339 2870 1410 2923 G.
1447 2888 1495 2937 1,

464 2958 524 3008 A.
575 2967 629 3007 et
667 2954 735 3005 L.
779 2956 905 3003 leves
950 2950 1022 3004 H.
1067 2964 1346 3019 argutoque
1391 2954 1493 3002 tela

463 3034 605 3105 vulg.
622 3036 918 3101 robustaque
936 3030 1007 3082 Η.
1031 3032 1316 3097 Argivaque
1338 3028 1410 3081 G.
1437 3048 1458 3081 1
1471 3070 1486 3083 .

465 3114 592 3167 Tor.
626 3113 709 3165 ed.
743 3112 800 3164 in
836 3128 1006 3180 marg.
1036 3120 1087 3161 et
1113 3107 1280 3161 schol.
1307 3110 1486 3161 Lutat.

465 3197 698 3251 Archiou,
719 3193 988 3243 Amholica
1015 3200 1066 3241 et
1091 3190 1311 3240 Archuea
1332 3188 1402 3241 G.
1437 3208 1483 3241 2.

539 3274 693 3328 1056.
722 3273 999 3339 Deponitm·
1019 3272 1202 3319 Hector
1220 3267 1294 3323 H.

537 3356 689 3423 1057.
719 3342 866 3401 scarie
898 3351 1077 3400 circum
1109 3349 1314 3399 Iliades.
1345 3348 1484 3400 Eum

338 3460 350 3471 ·
457 3450 662 3486 morem
679 3428 936 3500 Virgilius
955 3427 1012 3479 in
1029 3426 1218 3480 funere
1235 3425 1486 3497 Polydori

458 3524 510 3565 et
525 3510 794 3571 Pallantis,
815 3512 937 3560 AEn.
952 3507 1069 3571 111,
1093 3508 1180 3571 65,
1199 3518 1252 3559 et
1269 3506 1372 3569 xl,
1399 3508 1485 3574 35,

456 3594 789 3645 observatum
807 3587 912 3639 hoc
925 3604 1084 3639 versu
1099 3584 1326 3637 indicat:
1343 3592 1484 3638 Stant

456 3695 500 3724 ci
496 3678 637 3725 ‘mum
659 3672 842 3722 Iliades
859 3669 1041 3717 cn'nem
1061 3669 1125 3717 de
1141 3685 1276 3717 mone
1293 3670 1480 3717 solutoe.

457 3756 624 3827 Igitur
659 3754 942 3815 abrumpere
971 3747 1165 3808 crines,
1193 3743 1340 3815 quod
1376 3746 1482 3797 No-

453 3848 558 3889 ster
591 3840 844 3923 mai-pat,
873 3824 1012 3877 idem
1057 3837 1134 3877 est
1173 3842 1236 3877 ac
1269 3826 1480 3897 Virgilii

455 3921 556 3967 solo
559 3934 638 3965 ere
677 3912 856 3961 cn'nes.

531 3992 676 4046 1058.
701 3994 908 4039 Pectora
918 3989 1170 4053 plangant
1183 3984 1250 4037 Η.
1267 3995 1320 4035 et
1337 3982 1404 4035 G.
1427 4002 1478 4047 ας

441 4074 692 4139 plandunt
715 4066 786 4117 G.
821 4083 871 4125 1,
901 4068 1114 4114 tondunt
1133 4066 1193 4113 A.

525 4150 678 4215 1059.
709 4148 948 4195 Nammm
971 4146 1188 4193 vulnera
1217 4140 1284 4193 G.
1313 4160 1356 4193 2.

1676 2156 1823 2207 1061.
1854 2160 2081 2207 Flamma
2110 2176 2326 2225 namque
2353 2162 2481 2209 Ilion
2511 2162 2624 2211 illa.

1596 2230 1722 2285 Vid.
1746 2252 1879 2287 vers.
1904 2236 2027 2289 338.

1672 2313 1827 2366 1063.
1882 2318 2115 2367 Provolat
2154 2318 2505 2367 Andromache
2552 2315 2625 2369 H.

1594 2395 1878 2460 mediosque
1917 2396 2120 2462 injicere
2159 2394 2225 2447 L.

1672 2476 1829 2537 1064.
1864 2480 2026 2541 Quam
2052 2478 2171 2526 visa
2196 2494 2389 2526 saonem
2415 2475 2482 2528 G.
2512 2494 2541 2527 α
2568 2488 2629 2528 et

1590 2551 1674 2603 ed.
1702 2550 2013 2623 Lipsiensis.

1664 2633 1818 2683 1066.
1842 2634 2133 2684 Ceciderunt
2156 2636 2375 2702 undique
2386 2636 2622 2701 flamma·

1584 2708 1652 2761 H.
1678 2710 1824 2781 Vir-g.
1842 2715 1963 2765 AEn.
1976 2712 2091 2775 VI,
2132 2716 2261 2765 226·
2286 2714 2623 2786 -Postquam

1582 2788 1803 2899 collapsi
1848 2791 2085 2856 cineres,
2126 2802 2181 2843 et
2214 2790 2427 2847 flamma
2468 2795 2623 2865 quie·

1581 2869 1701 2921 vit·
1726 2887 1895 2941 :qua
1928 2872 2120 2925 Noster
2156 2874 2331 2924 robam
2348 2878 2615 2944 ffimmae,

1580 2948 1763 3001 nescio
1798 2968 1865 3003 an
1902 2950 2039 3005 alius
2086 2950 2208 3022 quis
2248 2951 2478 3006 dixerit:
2520 2954 2617 3008 scd

1576 3041 1798 3099 possunt
1836 3030 1995 3082 etiam
2031 3035 2212 3083 robora
2252 3030 2323 3084 de
2364 3033 2526 3104 lignis
2558 3034 2617 3087 in

1574 3126 1763 3179 pyram
1800 3110 2014 3161 structis
2050 3110 2304 3183 intelligi,
2342 3131 2462 3183 quae
2488 3114 2619 3184 igne

1576 3201 1891 3259 consumpta
1930 3188 1985 3239 in
2008 3190 2243 3243 cinerem
2264 3190 2575 3245 ceciderunt
2596 3212 2613 3245 :

1576 3278 1635 3318 nt
1664 3266 1733 3319 de
1765 3286 1895 3340 pyra
1918 3267 2111 3322 Miseni
2132 3270 2291 3323 etiam
2316 3271 2479 3325 refert
2496 3274 2617 3325 Ms-

1575 3364 1667 3410 ro,
1688 3350 1809 3398 AEn.
1829 3347 1905 3399 VI
1926 3384 1943 3409 ‚
1967 3348 2099 3400 213:
2138 3374 2159 3395 ι
2178 3350 2435 3421 pinguem
2462 3352 2615 3405 tedis

1576 3436 1627 3477 et
1653 3426 1847 3477 robore
1876 3439 2021 3481 secto
2052 3428 2330 3499 Ingentem
2368 3442 2615 3485 struxere

1572 3523 1761 3576 pyram
1784 3530 1827 3557 ιι.

1652 3586 1805 3637 1068.
1846 3590 1947 3637 Sed
1967 3589 2083 3654 jasa
2123 3590 2241 3639 siste
2278 3598 2461 3641 tenent
2502 3602 2615 3643 tres

1573 3662 1741 3735 Mspti
1761 3701 1778 3728 ,
1814 3684 1949 3736 quos
1978 3680 2235 3738 sequutus
2260 3687 2377 3719 sum
2403 3688 2418 3721 ε
2450 3686 2613 3723 excu-

1573 3744 1647 3809 si,
1685 3744 1863 3797 minus
1904 3746 2071 3808 bene,
2102 3752 2173 3799 Tu
2201 3751 2316 3815 jam
2354 3751 2493 3802 siste.
2538 3782 2613 3793 —-

1570 3823 1637 3874 Et
1654 3824 1850 3895 pariter
1868 3824 2061 3877 cecinit
2080 3825 2613 3899 SidoniusApollina·

1570 3903 1663 3967 ris,
1685 3904 1863 3955 Caria.
1891 3921 1948 3955 2:
1980 3930 2001 3951 ι
2026 3904 2191 3970 Siste,
2212 3906 2475 3971 Camena,
2496 3928 2613 3963 mo—

1570 3982 1668 4034 dos
1686 3994 1899 4050 tenues,
1920 3996 2238 4057 portumque
2262 3988 2459 4058 petenti
2487 3988 2609 4042 Jam

1570 4061 1785 4132 placido
1829 4062 2009 4117 sedeat
2050 4064 2184 4117 mihi
2224 4067 2475 4119 caminis
2516 4086 2609 4120 an-

1570 4142 1733 4195 chora
1781 4141 1951 4195 fundo
1977 4170 2017 4196 ».
2056 4146 2158 4197 Et).
