2975 4684
924 422 1032 492 IN
1093 423 1788 499 PARTHENONE.

2284 429 2424 503 355

383 544 578 613 Absit
603 544 688 613 ab
717 544 1024 639 ingenio,
1053 562 1122 617 et
1147 548 1400 619 viribus
1428 550 1886 641 AEacidarum‚

386 656 482 723 Ut
505 653 710 723 vitem
739 679 865 749 pro
895 653 1092 726 laude
1117 661 1328 747 mori,
1354 675 1783 757 metuamque
1814 686 2231 758 supremum,

387 764 612 852 Quem
640 764 780 853 das,
806 768 1046 857 Parca,
1076 767 1286 839 diem:
1316 771 1483 841 mihi
1512 796 1669 841 nam
1698 772 1815 842 lux
1840 772 2127 869 amplior
2154 774 2267 845 illa
2294 792 2424 864 est,

385 876 557 963 Quae
582 875 832 945 virtute
858 877 1038 967 fluit,
1063 904 1214 975 quae
1239 884 1450 951 nescit
1473 882 1761 953 claustra
1786 881 2096 978 sepulcri.
2374 912 2423 963 ⁷⁵

383 987 694 1080 Namque
721 987 1013 1059 hominis
1039 1014 1324 1087 semper,
1345 994 1743 1064 meritorum
1778 993 1925 1091 lege
1949 998 2259 1091 perenni,

385 1096 612 1184 Quam
640 1096 900 1167 breviat
922 1097 1134 1170 fatum
1152 1155 1175 1189 ‚
1201 1117 1532 1198 propagat
1556 1102 1769 1200 gloria
1794 1104 2025 1174 vitam.

391 1209 570 1302 Ergo
598 1208 863 1279 animus
889 1208 1106 1281 fidens
1133 1214 1204 1281 in
1229 1213 1551 1283 Dardana
1576 1216 1803 1283 saeviat
1826 1240 2042 1304 arma,

383 1318 530 1387 Nec
567 1316 733 1386 mihi
757 1318 894 1413 jam
927 1322 1176 1415 gemini
1205 1321 1484 1394 diiectus
1510 1325 1814 1421 pignoris
1838 1327 2099 1396 obstet:

383 1427 834 1517 Deidamiam,
860 1432 1328 1529 Pyrrhumque
1353 1460 1537 1505 meos
1562 1461 1746 1505 nunc
1773 1439 2013 1531 Scyros
2038 1434 2339 1525 habebit,
2375 1459 2422 1496 80

381 1538 668 1609 Visuros
694 1556 1001 1611 nostrum
1031 1544 1355 1633 reditum,
1381 1545 1800 1641 celeremque
1828 1547 2283 1641 triumphum:

381 1652 498 1719 Me
526 1651 748 1745 pudor
773 1652 1086 1723 hortatur
1109 1679 1345 1751 rapere
1389 1660 1460 1726 in
1492 1658 1856 1727 certamina
1884 1680 2173 1753 gressus.

393 1760 596 1829 Ferre
621 1762 842 1854 potest
868 1788 1305 1860 quaecumque
1332 1764 1565 1839 labans
1592 1766 2005 1837 successibus
2031 1780 2219 1855 aetaS,

355 1992 440 2061 73.
475 1998 540 2045 Ue
565 1997 715 2045 vitem
731 2014 826 2065 pm
861 2000 1013 2048 laude
1045 2001 1170 2051 mori
1185 2037 1200 2059 ,
1237 1998 1311 2051 ita

287 2071 492 2124 Divion.
523 2074 588 2124 Iu
610 2073 732 2127 cod.
753 2074 976 2129 Salmas.
1005 2088 1122 2129 erut
1153 2082 1216 2128 Ue
1233 2081 1310 2129 di-

285 2153 422 2202 vitem
439 2190 454 2212 ,
498 2152 586 2205 cui
625 2172 656 2206 a
683 2174 848 2209 manu
883 2156 1178 2209 recentiore
1215 2155 1307 2209 sd-

286 2230 540 2303 scriptum
560 2236 769 2285 dubitem
787 2235 872 2288 vel
891 2238 1070 2297 vitem,
1093 2234 1242 2306 quod
1264 2247 1316 2288 et

295 2310 350 2361 in
411 2310 652 2382 margine
695 2310 817 2365 cod.
871 2312 1027 2365 Leid.
1067 2312 1315 2367 Heinsius

289 2389 609 2461 conjiciebat
632 2395 847 2444 Deoitem
864 2412 961 2461 pro
993 2396 1156 2445 laude.
1179 2392 1316 2445 Mihi

290 2486 410 2521 cum
437 2468 747 2523 Bur-manno
766 2470 934 2542 placet
960 2476 1022 2523 Ue
1035 2473 1263 2524 dubitem.

354 2554 439 2616 74.
459 2554 615 2617 Quem
635 2554 748 2611 das,
761 2556 937 2611 Parca,
949 2550 1174 2623 praetulit
1188 2551 1315 2604 Bur-

287 2644 512 2680 mannus
541 2647 604 2681 ex
633 2628 841 2681 Divion.
869 2628 1056 2683 codice
1081 2648 1178 2702 pro
1206 2648 1272 2683 eo
1289 2670 1305 2696 ,

286 2704 427 2776 quod
457 2708 518 2759 in
553 2708 776 2762 Salmas.
804 2719 856 2761 et
881 2707 1125 2762 Leidensi
1147 2709 1307 2763 habe-

285 2794 390 2847 tur,
425 2812 452 2831 a
472 2786 648 2851 Quem
677 2786 770 2840 dat
796 2786 965 2841 Parca
993 2786 1134 2841 diem
1162 2813 1206 2841 -.
1235 2818 1306 2829 —

287 2866 408 2915 11:711·
425 2884 547 2916 nam
579 2870 670 2917 lux
695 2854 906 2935 ar‘nplae'or
935 2870 1026 2919 illa
1059 2881 1160 2928 ese,
1181 2886 1305 2920 cum

287 2940 594 2996 Burmanuo
608 2943 792 3017 scripsi
807 2962 907 3017 pro
923 2950 1027 2999 ulla
1045 2958 1123 2999 est
1142 2985 1158 3010 ‚
1185 2946 1309 3000 licet

285 3019 463 3076 hocin
483 3022 754 3077 veteribus
774 3023 922 3077 libris
941 3024 1252 3096 reperiatur.

355 3104 439 3171 75.
465 3109 591 3171 Qua·
621 3104 802 3155 virtute
811 3106 946 3175 fluit.
971 3104 1076 3157 Pro
1102 3122 1166 3157 eo
1191 3106 1310 3155 cluit

287 3182 584 3255 corrigebat
609 3180 820 3254 Higtius
837 3222 854 3247 ,
893 3194 954 3236 ut
982 3182 1146 3235 refert
1175 3183 1309 3236 Bur-

291 3278 518 3315 mannus
555 3260 610 3313 in
647 3261 903 3317 mantissa
943 3262 1010 3315 ad
1039 3274 1241 3317 tomum
1280 3262 1306 3315 1

289 3340 500 3393 Anthol.
525 3359 580 3414 p.
606 3360 728 3413 7⁰7·

355 3438 443 3489 77.
469 3426 622 3487 Quem
647 3422 1026 3491 bmiatfatism.
1051 3422 1190 3475 Nota
1213 3440 1308 3473 vo·

288 3516 402 3551 cem
441 3503 660 3551 breviare
694 3499 798 3553 hoc
833 3500 890 3551 in
937 3518 1093 3555 versu
1113 3538 1128 3564 ,
1164 3500 1310 3554 unde

289 3576 544 3649 sequioris
559 3578 780 3650 quidem
799 3616 814 3641 ,
861 3578 952 3633 sed
986 3588 1163 3633 tamen
1197 3598 1308 3631 non

289 3656 478 3709 infime
503 3658 667 3711 aetatis
691 3669 904 3729 poetam
926 3676 984 3710 se
1010 3658 1191 3729 prodit
1203 3660 1309 3711 Au-

289 3746 418 3787 ctor.
455 3736 571 3789 Hoc
603 3735 749 3789 enim
783 3736 944 3789 verbo
982 3736 1136 3789 etism
1181 3756 1308 3791 usus

291 3824 366 3867 est
395 3832 504 3867 non
535 3833 647 3868 uno
681 3816 737 3869 in
767 3816 887 3869 loco
919 3816 1308 3883 Quintilianus,

289 3903 400 3945 tum
441 3892 721 3959 Manilius,
760 3894 1063 3948 Lactantius
1098 3894 1308 3967 aliique.

293 3970 428 4025 Vide
459 3970 674 4026 Cellsrii
707 3974 836 4027 Cur.
868 3974 1067 4029 Poster.
1094 3994 1152 4045 p.
1179 3994 1275 4027 202
1295 4016 1310 4039 ,

295 4060 344 4101 et
358 4050 554 4103 Vorstii
573 4063 723 4107 notas
749 4052 817 4106 ud
833 4052 1020 4125 Sulpit.
1040 4054 1313 4115 Severum,

295 4126 380 4181 iib.
411 4130 462 4195 Ι,
503 4150 624 4203 cap.
667 4151 710 4184 ι.
757 4132 1048 4186 Censorino
1074 4134 1228 4187 etiam
1257 4150 1316 4185 ex

1399 1998 1496 2053 MS
1511 1998 1737 2053 restituit
1755 1996 2017 2061 Barthius,
2036 1996 2168 2051 Adv.
2186 1994 2425 2061 xxva,

1405 2096 1468 2145 19
1483 2118 1500 2143 ,
1524 2097 1689 2149 quem
1708 2077 1848 2131 vide.
1869 2076 2053 2129 Btmn.
2080 2106 2151 2117 —
2176 2082 2429 2147 Propagat

1396 2156 1566 2227 prima
1593 2156 1750 2229 longa
1774 2156 2039 2210 vitiosum.

1476 2236 1564 2305 78.
1595 2242 1658 2287 In
1686 2238 1935 2287 Dardana
1960 2236 2132 2285 soeviat
2158 2254 2301 2285 arma
2320 2256 2339 2285 .·
2356 2234 2425 2287 ita

1401 2310 1625 2368 Salmas.
1654 2327 1707 2368 et
1731 2312 1878 2369 Leid.
1906 2312 2089 2367 codex.
2117 2314 2181 2367 In
2216 2312 2421 2366 Divion.

1402 2396 1581 2445 saeviee.

1474 2470 1561 2524 82.
1584 2476 1775 2539 Rapere
1803 2474 1853 2522 in
1891 2473 2164 2522 certamina
2185 2490 2388 2539 gressus
2404 2510 2420 2531 ,

1401 2548 1457 2601 id
1482 2561 1563 2602 est
1580 2590 1596 2617 ,
1614 2568 1902 2623 properare
1930 2548 1998 2603 ad
2023 2548 2223 2601 bellum
2242 2590 2259 2614 ,
2290 2550 2423 2603 ceie-

1403 2628 1533 2680 riter
1550 2628 1715 2681 abire.

1467 2706 1557 2761 83.
1602 2712 1746 2759 Ferre
1772 2721 1919 2774 potes
1961 2725 2306 2773 qua-cumque,
2350 2707 2421 2761 ita

1394 2785 1514 2840 cod.
1527 2784 1747 2839 Salmas.
1772 2784 1863 2837 sed
1869 2786 2014 2853 ferre
2022 2798 2260 2853 potesque
2274 2806 2421 2853 quum

1395 2868 1575 2917 labans
1616 2864 1733 2918 eod.
1772 2864 1985 2917 Divion.
2012 2864 2159 2932 ferre
2186 2878 2425 2931 potesque

1398 2964 1643 3013 quumque
1677 2942 1796 2997 eod.
1834 2942 1983 2995 Leid.
2022 2940 2305 3013 perplexus
2332 2940 2422 2993 hic

1395 3024 1547 3077 Iocus
1568 3034 1673 3091 est,
1706 3042 1831 3077 cum
1850 3040 1979 3075 cura
2000 3018 2423 3091 distinguendus.

1394 3102 1578 3157 Sentio
1603 3102 2069 3156 cum‘Burmanno
2089 3137 2105 3163 ,
2144 3117 2311 3171 quum
2353 3098 2421 3151 le-

1395 3181 1629 3255 gendum
1668 3191 1843 3234 censet
1875 3186 2019 3232 Ferre
2047 3190 2231 3247 potest,
2292 3176 2418 3231 licet

1395 3279 1507 3315 non
1537 3271 1827 3333 repugnet,
1850 3260 1893 3311 si
1925 3258 2044 3331 quis
2077 3256 2306 3311 retinere
2334 3276 2419 3310 ve-

1395 3340 1454 3393 lit
1468 3355 1610 3409 potes
1629 3379 1644 3401 ,
1682 3350 1742 3392 ut
1768 3352 1892 3391 aetas
1927 3338 1993 3391 sit
2024 3336 2323 3391 vocativus:
2362 3336 2417 3387 in

1395 3438 1460 3472 eo
1480 3417 1751 3483 dissentio,
1767 3416 1912 3490 quod
1935 3436 2255 3487 quoecumque
2271 3426 2419 3486 putat

1395 3497 1464 3551 ad
1485 3500 1756 3551 certamina
1780 3496 2135 3550 referendum.
2176 3493 2311 3545 Mihi
2339 3494 2417 3545 vi-

1394 3577 1551 3631 detur
1565 3577 1655 3629 hic
1677 3594 1857 3629 versus
1878 3573 2199 3647 separandus
2218 3590 2250 3625 a
2277 3573 2419 3643 prio-

1395 3676 1484 3723 re,
1506 3668 1558 3709 et
1576 3674 1697 3709 cum
1728 3668 1976 3727 sequente
2004 3648 2417 3706 connectendus.

1396 3766 1467 3777 —
1496 3738 1693 3787 labam
1713 3736 2006 3785 successibus
2039 3746 2162 3783 σεται
2192 3748 2299 3781 non
2318 3728 2421 3780 alia

1395 3814 1530 3867 mihi
1556 3826 1633 3867 est
1648 3850 1663 3877 ,
1682 3832 1843 3884 quam
1864 3808 2207 3884 progrediens
2226 3818 2277 3860 et
2295 3822 2422 3878 pro-

1395 3912 1585 3967 perans
1602 3910 1845 3947 successu
1870 3888 2123 3961 temporis
2140 3924 2156 3951 ,
2173 3884 2422 3958 juvenilis

1400 3984 1521 4027 aetas
1540 4014 1555 4039 ,
1590 3983 1649 4026 ut
1684 3988 1845 4043 supra
1864 4008 1880 4034 ,
1922 3988 1973 4021 v.
1999 3984 2084 4037 17,
2123 3965 2296 4018 adsuit
2322 3983 2425 4014 cre-

1403 4072 1544 4105 scens
1573 4054 1720 4103 annis
1744 4049 2006 4117 sapientior
2023 4060 2145 4097 aeeas
2166 4066 2185 4095 .·
2220 4060 2319 4096 nec
2346 4060 2425 4095 sa-

1407 4132 1472 4185 tis
1504 4141 1685 4203 aptum
1722 4128 1951 4189 videtur,
1984 4123 2127 4196 quod
2173 4122 2426 4173 Burman-

2042 4212 2165 4283 23.
