2975 4684
920 362 1458 432 EPITAPHIA
1518 364 1979 433 HEROUM.

2374 363 2517 459 ιὶ39

1089 607 1180 671 X.
1233 602 1790 672 EURYALO*.

1788 704 1798 735 1

485 794 630 861 Nec
674 782 780 859 ine
831 814 966 857 non
1005 788 1288 885 dignum
1327 788 1527 858 titulo
1564 787 1923 859 Pleuronia
1955 790 2209 876 credit,

579 902 710 972 Cui
746 902 1120 969 communis
1163 914 1304 967 erat
1348 924 1505 968 cum
1548 901 1879 971 Diomede
1916 900 2187 985 domuS,

484 1010 774 1105 Euryalo
807 1025 873 1079 et
907 1007 1258 1080 Sthenelo:
1295 1034 1450 1077 nam
1489 1011 1727 1078 tertius
1764 1010 1892 1079 hoc
1933 1034 2059 1105 ego
2102 1022 2377 1104 reg'num

582 1120 895 1206 Possedi;
935 1119 1016 1189 de
1056 1144 1192 1213 quo
1237 1144 1418 1187 nunc
1455 1121 1613 1189 satis
1654 1136 1753 1189 est
1795 1120 2115 1190 tumulus.

457 1312 481 1335 *
535 1306 844 1360 Diomedem
903 1308 1116 1379 sequuti
1167 1319 1290 1361 sunt
1339 1307 1409 1360 ed

1504 1309 1629 1361 183:
1646 1308 1953 1381 «Euryalus,
1963 1308 2344 1381 Sthenelusque
2360 1310 2526 1378 ferox,

387 1388 588 1442 bellum
605 1388 897 1460 Trojanum
923 1385 1204 1441 Sthenelus
1237 1398 1288 1439 et
1303 1388 1408 1439 Eu·
1500 1399 1552 1439 et
1571 1388 1724 1440 fortis
1743 1388 1799 1440 in
1821 1388 1981 1440 armis
1998 1385 2235 1459 Tydides
2254 1416 2299 1441 ιι.
2324 1390 2420 1443 En.

384 1468 566 1541 ryalus
584 1505 601 1531 ,
637 1479 697 1519 ut
715 1467 878 1519 refert
903 1466 1167 1519 Homerus
1185 1468 1241 1520 in
1259 1468 1411 1520 Boeo-

387 1549 494 1614 tia;
516 1564 650 1618 quos
670 1558 776 1599 tres
797 1546 1032 1617 agnoseit
1051 1546 1105 1599 in
1125 1566 1265 1618 equo
1281 1546 1416 1598 Tro-

385 1628 515 1701 jano
537 1626 767 1692 Quintus
797 1626 1023 1679 Calaber
1047 1626 1184 1679 libro
1209 1624 1416 1678 duode-

389 1708 564 1761 cimo:
603 1706 696 1761 sed
729 1708 900 1760 solum
935 1726 998 1761 ex
1021 1708 1086 1760 iis
1105 1705 1416 1761 Sthenelum

393 1786 674 1859 Virgilius,
717 1786 958 1841 secundo
985 1786 1253 1841 AEneidos.
1294 1786 1418 1839 Fuit

393 1878 569 1919 autem
597 1865 908 1932 Diomedes,
933 1885 1032 1938 per
1051 1880 1274 1919 matrem
1297 1866 1416 1918 Dei-

391 1945 570 2018 pylam
589 1986 604 2011 ,
621 1944 833 1999 Adrasti
858 1945 1175 2016 Argivorum
1195 1944 1334 2015 regis
1357 1944 1414 1997 fi-

392 2026 518 2078 liam
534 2063 551 2089 ‚
573 2025 892 2097 Argivorum
908 2042 1018 2077 rex.
1039 2022 1299 2097 Euryalus
1321 2043 1418 2095 pa·-

392 2118 530 2158 trem
554 2104 740 2157 habuit
763 2103 1074 2157 Meoisteum
1091 2144 1109 2171 ,
1137 2103 1416 2157 Sthenelus

395 2184 700 2256 Capaneum
719 2224 734 2249 ,
765 2195 823 2235 ut
848 2182 1050 2237 ibidem
1071 2183 1253 2237 scribit
1273 2182 1420 2235 idem

392 2262 686 2328 Homerus3
717 2264 812 2335 qui
831 2263 1076 2329 suerunt,
1107 2262 1416 2327 Mecisteus,

392 2344 554 2396 frater
575 2341 810 2415 ejusdem
840 2343 1083 2407 Adrasti3
1115 2344 1390 2415 Capaneus
1404 2384 1420 2409 ‚

395 2422 664 2494 Hipponoi
716 2434 770 2475 et
821 2426 1134 2495 Astynomes
1155 2464 1172 2489 ,
1223 2422 1421 2475 son-oris

375 2494 607 2554 'Adrasti
639 2499 873 2573 ejusd—
893 2538 910 2565 ,
951 2502 1108 2555 filius.
1139 2502 1222 2553 Ita
1240 2500 1420 2572 Argivi

393 2598 580 2633 omnes
602 2578 660 2632 hi
675 2620 690 2645 ,
721 2598 994 2652 genusque
1018 2581 1252 2652 regium,
1273 2578 1420 2651 apud

394 2657 774 2731 Apollodorum
807 2671 857 2712 et
871 2652 1176 2731 '‘Hyginum.
1208 2690 1279 2699 --
1310 2658 1420 2711 Hos

397 2756 612 2810 quoque
641 2738 818 2811 jungit
858 2738 1058 2791 Auctor
1085 2738 1226 2810 Epir.
1258 2736 1417 2789 Iliad.

1579 1486 1625 1519 1.
1664 1470 1943 1521 Pleuronia.
1982 1468 2175 1520 AEtolia
2205 1468 2351 1541 apud
2385 1476 2525 1524 Stra-

1504 1546 1699 1599 bonem
1721 1584 1737 1608 ,
1780 1546 2007 1599 Plinium
2030 1588 2046 1614 ,
2094 1547 2435 1602 Ptolemaeum
2478 1564 2530 1605 et

1506 1626 1633 1679 alios
1650 1666 1665 1691 ‚
1696 1638 1774 1678 est
1801 1626 2016 1679 Graeciae
2050 1628 2317 1699 provincia
2337 1670 2353 1694 ‚
2388 1648 2415 1680 a
2440 1630 2533 1683 Pe-

1505 1707 1823 1777 loponneso,
1846 1706 1967 1759 sinu
1984 1706 2329 1785 Corinthiaco
2348 1708 2533 1762 direm-

1504 1796 1612 1857 pta.
1635 1785 1700 1837 In
1718 1804 1781 1838 ea
1804 1796 1881 1838 est
1909 1786 2036 1837 urbs
2070 1788 2297 1860 Πλιυρὼύ
2316 1827 2331 1848 ,
2374 1808 2401 1841 a
2427 1809 2531 1857 qua

1504 1875 1709 1937 partem
1731 1864 1939 1917 AEtoliae
1973 1862 2205 1935 adpellat
2225 1871 2531 1919 Pleeemniam

1506 1944 1725 2009 Strabo,
1754 1943 1847 1996 lib.
1868 1944 1953 2006 X3
1984 1944 2077 1996 sed
2100 1945 2223 1998 olim
2248 1946 2533 2018 quemdam

1506 2023 1856 2095 Peloponnesi
1906 2042 2085 2097 regem
2137 2025 2297 2079 fuisse
2342 2031 2533 2079 Pleum-

1507 2123 1645 2163 nem,
1672 2102 1831 2157 Ledae.
1845 2143 1860 2170 ,
1884 2122 2003 2175 quae
2022 2104 2282 2169 Castoris,
2302 2105 2536 2160 Pollucis

1508 2196 1558 2237 et
1590 2182 1813 2235 Helenes
1852 2196 2021 2236 mater
2067 2183 2195 2246 fuit,
2241 2202 2499 2254 proavum
2517 2225 2533 2250 ‚

1509 2273 1780 2315 auctorem
1820 2261 1994 2315 habeo
2041 2263 2359 2317 Pausaniam
2388 2283 2403 2328 ;
2442 2266 2537 2337 qui

1512 2354 1768 2394 memorat
1794 2343 1907 2413 ejus
1933 2342 2115 2395 nobile
2134 2358 2537 2397 monumentum

1507 2420 1567 2473 in
1602 2420 1923 2484 Laconicis,
1908 2440 1921 2452 ·
1962 2435 2015 2474 et
2062 2423 2272 2476 Isancus
2298 2424 2537 2489 'l'zetzes,

1509 2500 1697 2552 urbem
1712 2500 1786 2553 fu
1773 2504 2153 2554 usePleur-onem
2168 2502 2381 2557 scribit:
2398 2504 2540 2558 unde

1509 2580 1589 2650 Ly
1593 2578 1832 2649 cophron
1863 2578 2119 2633 Helenam
2156 2595 2310 2636 vocet
2348 2589 2540 2637 Pleuro-

1508 2662 1667 2721 niam,
1698 2676 1861 2730 quam
1888 2646 2393 2736 Ηοωετυεᾼργιίσιν,
2416 2665 2469 2717 h.
2493 2684 2539 2718 e.

1513 2738 1760 2809 Argivum
1790 2736 2101 2809 adpellarat.

1199 2931 1326 2997 XI.
1379 2930 1756 3000 GUNEO.

495 3108 734 3175 Gunea
765 3116 1013 3197 pontus
1053 3101 1280 3187 habet,
1323 3102 1623 3173 tumulus
1658 3104 1801 3173 sine
1840 3128 2121 3198 corpore
2159 3130 2424 3175 nomeu.

592 3218 796 3283 Fama
831 3213 1138 3282 homines
1178 3214 1390 3300 inter3
1417 3213 1653 3283 caelum
1686 3215 1946 3282 animus
1987 3216 2247 3309 repetit.

497 3328 762 3394 Cuncta
809 3322 1136 3393 elementa
1175 3324 1328 3394 duci
1367 3340 1561 3395 tanto
1598 3350 1955 3395 commune
1988 3324 2390 3421 sepulcrum.

593 3432 802 3523 Quae?
839 3432 1106 3523 caelum‚
1137 3450 1204 3504 et
1250 3432 1473 3520 tellus,
1520 3450 1589 3505 et
1630 3460 1846 3522 mare,
1898 3452 1965 3506 et
2000 3462 2117 3505 ora
2153 3440 2391 3511 vitum.

478 3649 521 3683 1.
557 3630 804 3683 Guneum
835 3628 905 3683 ed
921 3630 1140 3703 Troiam
1158 3648 1220 3682 ex
1241 3630 1430 3703 Cypbo

402 3710 608 3763 civitate
616 3710 900 3763 Thessaliae
917 3709 1104 3781 viginti
1119 3708 1250 3762 duas
1273 3730 1430 3763 naves

407 3790 620 3842 duxisse
639 3827 656 3851 ,
701 3788 884 3843 scribit
932 3788 1222 3851 Homerum
1271 3800 1324 3842 et
1371 3790 1429 3841 in

404 3870 642 3921 Africam
672 3880 792 3941 post
817 3880 1028 3941 captum
1049 3868 1208 3920 Ilium
1225 3868 1432 3921 venisse

407 3948 481 4001 ait
500 3948 824 4020 Lycophron
842 3990 858 4015 ‚
883 3950 987 4019 897
1005 3946 1332 4003 Alexandrae.
1358 3980 1428 3991 —

407 4030 488 4080 De
514 4026 616 4079 boc
637 4026 828 4080 Guneo
851 4026 972 4080 vide
1001 4025 1154 4079 Iliad.
1185 4027 1241 4078 11
1261 4064 1276 4088 ‚
1309 4029 1428 4096 748.

407 4106 738 4159 Memor-etur
755 4108 814 4159 in
839 4106 1079 4177 Epitome
1107 4104 1299 4158 Iliados
1318 4143 1334 4168 ,
1355 4126 1430 4159 vs.

415 4187 512 4240 205
540 4206 552 4238 :
605 4210 628 4231 α
650 4185 808 4239 simul
851 4184 1036 4239 ordine
1081 4184 1300 4238 Guneus
1346 4188 1434 4239 Ire

1515 3630 1599 3683 bis
1638 3630 1867 3685 undenis
1902 3633 2135 3685 tentabat
2174 3633 2229 3685 in
2265 3652 2406 3686 armi
2448 3656 2539 3689 ca·

1516 3710 1685 3763 riuis·
1692 3712 1841 3765 ..En

1592 3791 1648 3854 4.
1690 3796 1793 3843 Ora
1829 3811 1883 3841 vc
1886 3810 2006 3842 rum.
2032 3790 2192 3856 Quod
2219 3792 2537 3846 elementum

1518 3870 1594 3922 sic
1616 3868 1893 3941 designare
1920 3870 2045 3922 velit
2071 3888 2179 3923 non
2212 3870 2366 3923 video
2389 3913 2403 3937 ,
2439 3874 2543 3925 nisi
2648 3926 2659 3941 ,

1518 3968 1672 4009 aera3
1692 3960 1817 4001 tunc
1842 3953 2017 3999 ecclam
2045 3948 2303 4002 indicaret
2320 3950 2504 4022 ignem
2530 3968 2545 4001 :

1521 4028 1615 4081 sed
1634 4049 1725 4079 ora
1745 4032 1906 4080 virum
1938 4028 2151 4097 etfama
2175 4030 2303 4080 inter
2324 4032 2543 4081 homines

1522 4107 1623 4159 sibi
1642 4107 1865 4160 invicem
1878 4106 2201 4179 respondent
2214 4129 2229 4171 ς
2248 4120 2295 4160 ta
2304 4128 2422 4162 men
2437 4130 2545 4163 non

1522 4199 1742 4259 possunt
1770 4188 1952 4238 vocari
1978 4191 2281 4240 elementum.
2306 4188 2413 4242 En.
