2975 4684
744 340 1207 409 EPITOME
1267 340 1699 409 ILIADOS
1764 340 2196 409 HOMERI.

2398 335 2542 409 603

495 466 653 531 Fert
693 461 950 531 domini
993 486 1335 532 successus
1372 488 1581 556 equos
1610 486 1627 531 ε
1657 478 1821 532 tunc
1850 465 2183 531 maximus
2217 461 2413 531 heros
2447 492 2543 527 ¹⁰05

489 570 752 649 Detulit
794 572 878 641 ad
920 576 1194 643 Danaos
1235 571 1571 642 foedatum
1611 572 1890 668 pulvere
1933 598 2197 668 corpus.

491 684 838 752 Laetantur
873 684 1130 771 Danai;
1173 682 1509 778 plangunt
1549 706 1668 751 sua
1706 682 1941 751 funera
1977 687 2222 768 TroeS‚

496 796 588 862 Et
620 796 872 888 pariter
897 810 1130 889 captos
1167 794 1416 863 deflent
1449 819 1605 864 cum
1647 794 1883 863 funere
1920 818 2173 863 muros.

591 908 848 976 XXIII.
885 910 1148 976 Interea
1192 905 1406 975 victor
1443 903 1669 974 defleti
1708 929 1955 999 corpus
1985 906 2182 975 amici

491 1020 786 1085 Funerat
827 1014 1166 1103 AEacideS‚
1203 1040 1617 1111 pompasque
1656 1016 1741 1085 ad
1779 1016 2015 1085 funera
2052 1016 2257 1085 ducit.

500 1129 642 1195 Ter
684 1128 860 1197 circa
899 1126 1240 1196 tumulum
1278 1129 1555 1197 miseros
1599 1129 1774 1221 rapit
1810 1130 2119 1197 Hectoris
2154 1142 2341 1197 artus
2360 1182 2380 1213 ‚

503 1240 592 1306 Et
635 1238 856 1307 varios
891 1238 1099 1307 cineri
1139 1236 1452 1308 ludorum
1494 1238 1731 1307 indicit
1772 1239 2081 1309 honores.

595 1347 884 1441 Tydides
921 1350 1084 1418 circi
1115 1374 1355 1437 cursu,
1391 1348 1809 1445 pedibusque
1846 1350 2141 1420 ferorum

502 1459 1232 1555 Merionen-superat:
1277 1459 1595 1529 luctando
1632 1460 1925 1529 vincitur
1962 1462 2170 1554 Ajax‚

495 1570 710 1663 Cujus
747 1570 1010 1665 decepit
1052 1571 1229 1640 vires
1265 1571 1588 1639 Laertius-
1614 1585 1801 1639 astu:
2450 1588 2549 1625 ¹⁰¹⁵

401 1803 618 1861 Achille,
643 1819 696 1855 n.
716 1800 786 1853 Η.
808 1800 1058 1871 idemque
1081 1802 1266 1855 secisse
1285 1799 1436 1854 addit

401 1869 698 1933 Ausonium
730 1880 788 1932 in
823 1880 1083 1934 Periocha
1113 1880 1232 1933 libri
1273 1880 1432 1933 XXII

401 1956 558 2012 Iliad.
574 1958 734 2013 Hom.
755 1970 1034 2033 propterea
1052 1959 1432 2033 reprehensum

402 2058 432 2090 a
451 2036 796 2109 Mariangelo.
831 2038 929 2092 Hic
949 2056 1235 2094 consensus
1259 2042 1431 2094 Auso·

403 2118 480 2169 nii
507 2132 561 2171 et
589 2118 902 2172 Homerist-
936 2120 1104 2173 nostri
1147 2120 1207 2172 in
1241 2140 1302 2172 re
1329 2120 1434 2175 sin·

401 2198 572 2269 gulari
591 2198 706 2251 talis
729 2210 806 2251 est
825 2212 929 2262 „ut
951 2211 1224 2253 auctorem
1245 2200 1430 2272 Epito-

403 2296 514 2333 mes
538 2278 584 2332 si
611 2296 718 2331 non
744 2278 760 2329 i
797 2298 916 2331 sum
936 2280 1234 2332 Ausonium
1251 2317 1266 2343 ,
1291 2292 1434 2333 certe

402 2358 651 2413 eumdem
671 2378 734 2413 ac
757 2298 1136 2412 gen-iocinerum
1161 2378 1295 2423 esse,
1322 2360 1436 2431 opi·

402 2438 518 2491 nari
542 2438 838 2510 possimus,
857 2456 1024 2511 quum
1049 2456 1158 2491 non
1188 2440 1264 2492 ita
1289 2450 1434 2493 certo

401 2517 672 2570 Periocha
685 2519 925 2571 Ausonio
939 2518 1257 2571 tribuantur.

481 2595 630 2651 1005.
650 2603 764 2649 Fert
783 2600 974 2651 donini
991 2616 1244 2651 successus
1266 2617 1435 2666 equos.

402 2678 518 2729 Hoc
565 2678 773 2749 egregie
814 2690 864 2731 et
906 2678 1192 2732 Homerico
1233 2678 1436 2732 dictum

402 2768 556 2829 putat
573 2758 819 2811 Barthius
834 2795 850 2821 ,
883 2758 1018 2811 Adv.
1039 2778 1091 2829 p.
1115 2760 1268 2826 ²809.
1297 2760 1434 2811 Nam

404 2854 570 2907 equos
615 2836 840 2891 heroum
887 2836 1148 2909 quosdam
1207 2856 1436 2909 augures

403 2915 706 2986 futurorum
719 2918 921 2972 faciunt
933 2916 1280 2988 poetae.Pa1·ia
1293 2914 1436 2970 idem

403 2996 608 3049 notavit
634 2995 708 3050 ad
723 2996 1039 3051 Stat-Theb.
1062 2996 1090 3048 1
1109 3036 1124 3061 ,
1148 2996 1268 3067 275,
1291 3008 1342 3049 st
1366 2996 1435 3050 ad

402 3093 540 3129 vers.
575 3076 669 3129 ult.
698 3076 792 3129 lib.
826 3078 856 3129 1
889 3074 959 3128 de
989 3078 1164 3148 Rapta
1190 3076 1432 3147 Proser-p.

403 3156 598 3210 Similis
631 3156 799 3210 dictio
831 3158 892 3211 in
924 3156 1032 3209 hoc
1059 3154 1336 3209 Claudiani
1365 3154 1432 3207 de

405 3236 566 3290 cons.
593 3237 784 3310 Olybr.
805 3256 860 3289 v.
883 3242 916 3299 4
937 3254 950 3288 :
978 3233 1272 3287 «Blandius
1293 3236 1433 3287 elato

402 3328 626 3387 surgant
647 3332 861 3371 temone
880 3316 1084 3388 jugales
1101 3340 1146 3367 ιι.
1173 3314 1320 3385 Lips.
1341 3312 1429 3367 ed.

404 3396 732 3467 proecedente
762 3415 920 3449 versu
953 3394 1138 3449 scribit
1177 3398 1328 3447 altior
1359 3398 1430 3463 ip-

404 3496 516 3528 sos:
539 3488 592 3529 et
617 3476 720 3531 hoc
748 3495 824 3529 vs.
852 3477 921 3529 G.
943 3494 966 3529 1
994 3480 1112 3527 dum
1131 3478 1394 3527 maximus.

481 3574 630 3626 1007.
651 3560 848 3627 Deflent
862 3558 1156 3623 suafimem
1191 3554 1259 3607 Η.
1285 3552 1434 3625 quod

403 3654 434 3688 e
463 3654 618 3689 versu
647 3638 750 3705 983
776 3636 886 3689 huc
927 3636 1156 3688 relatum
1191 3633 1431 3696 videtum

405 3718 588 3783 deflent
617 3716 776 3768 simul
803 3729 855 3768 et
871 3720 1148 3784 plangunt,
1164 3716 1357 3784 fimet-a
1383 3724 1436 3765 et

405 3813 610 3862 corpora
649 3814 750 3869 pm
779 3796 922 3848 varia
960 3795 1187 3848 lectione
1223 3794 1436 3846 exhibet

404 3874 586 3927 Guelf.
615 3894 664 3927 2.

483 3956 628 4007 1008.
653 3958 848 4025 Dqlem
866 3976 974 4006 cum
997 3972 1198 4022 corpore
1217 3958 1348 4005 victo
1369 3951 1433 4007 Η.

409 4038 528 4085 Cum
549 4036 739 4102 funere
762 4039 922 4087 moesee'
949 4036 1014 4087 G.
1047 4053 1088 4087 1.
1117 4038 1318 4103 Captum
1345 4038 1437 4085 de-

389 4117 530 4183 flent
561 4135 672 4167 cum
693 4116 881 4184 funere
923 4134 1098 4185 corpus
1130 4116 1196 4169 G.
1230 4134 1277 4167 a.
1307 4116 1433 4171 Hoec

1520 1800 1697 1852 omnia
1720 1798 1890 1853 nihilo
1914 1797 2129 1850 meliora
2157 1808 2279 1849 sunt
2303 1794 2545 1867 vulgatis.

1596 1896 1747 1949 1009.
1788 1882 2025 1951 Defleeum
2064 1878 2263 1931 habent
2292 1874 2416 1930 edd.
2454 1874 2547 1929 sed

1520 1961 1715 2013 rectius
1736 1962 1902 2031 defleti
1918 1978 2094 2029 eorpus
2114 1959 2181 2012 G.
2212 1976 2233 2011 1
2262 1972 2313 2010 et
2338 1974 2386 2009 α.

1598 2058 1745 2093 1010.
1770 2046 2080 2109 Pompasqne
2100 2038 2371 2107 adsumet-a
2398 2039 2544 2087 ducit.
2660 2068 2667 2077 -

1522 2119 1673 2191 Virg.
1693 2120 1761 2173 G.
1782 2120 1865 2172 111
1878 2160 1893 2185 ,
1936 2139 1998 2172 υ
2018 2138 2033 2171 :
2052 2118 2335 2171 «solennes
2353 2115 2549 2169 ducere

1521 2217 1743 2271 pompas
1760 2198 1843 2251 Ad
1866 2196 2092 2251 delubra
2114 2200 2269 2270 juvat
2286 2222 2331 2248 ιι.

1600 2296 1745 2331 1011.
1773 2278 1875 2331 Hic
1906 2277 2123 2349 quidem
2148 2277 2359 2347 vulgata
2396 2274 2551 2327 lectio

1524 2375 1596 2411 ser
1620 2362 1757 2409 circa
1784 2362 2015 2409 tumulum
2041 2356 2269 2411 Patrocli
2291 2370 2427 2407 arem
2454 2358 2554 2405 He-

1524 2441 1669 2491 etot-is
1708 2452 1873 2506 raptos
1918 2456 2033 2491 esse
2078 2436 2209 2490 dicit
2226 2474 2243 2499 ‚
2277 2432 2549 2507 quomodo

1524 2518 1785 2572 Homerus
1824 2516 1939 2590 ipse
1954 2556 1969 2581 ,
2006 2514 2160 2572 Iliad.
2202 2517 2408 2579 XXIV,
2454 2517 2551 2575 16;

1524 2598 1687 2669 Mspti
1706 2616 1835 2651 vero
1856 2597 2273 2667 prestantissimi
2299 2592 2441 2665 apud
2468 2611 2553 2646 me

1523 2674 1655 2730 illud
1677 2693 1749 2729 ter
1762 2696 1869 2729 non
1887 2688 2203 2747 agnoscunt,
2220 2674 2311 2729 sed
2327 2674 2551 2727 Helmst.

1522 2758 1651 2829 legit
1678 2764 1813 2809 Tunc
1862 2759 1997 2807 cirea
2046 2762 2277 2808 carnelum
2293 2795 2309 2817 ,
2355 2768 2457 2809 etc.
2502 2767 2556 2807 ct

1524 2837 1704 2891 Guelf.
1738 2856 1759 2889 1
1790 2842 1909 2887 Tum
1956 2839 2093 2887 circa
2134 2839 2358 2887 tumulos.
2405 2835 2553 2900 Quos

1524 2937 1624 2989 ego
1670 2914 1889 2989 quidem
1946 2914 2241 2986 sequendos
2288 2914 2519 2969 arbitror
2537 2956 2553 2981 ,

1524 2999 1645 3068 quia
1672 2995 1947 3067 probabile
1963 3007 2042 3048 est
2054 3034 2071 3058 ,
2090 3007 2271 3067 poetas
2290 2994 2553 3048 recentio-

1522 3096 1607 3131 res
1627 3118 1642 3143 ,
1668 3076 1951 3147 Virgilium
2000 3087 2251 3146 sequutos
2270 3112 2286 3138 ,
2332 3095 2362 3127 e
2402 3086 2553 3127 terna

1521 3156 1817 3228 raptatione
1842 3154 2083 3207 Hectoris
2114 3154 2255 3207 circa
2286 3154 2553 3207 tumulum

1524 3235 1751 3289 Patrocli
1766 3276 1780 3300 ,
1822 3253 1987 3306 quam
2042 3234 2305 3286 Homerus
2352 3233 2513 3287 tradit
2534 3274 2551 3299 ,

1524 3317 1709 3369 fecisse
1734 3313 1955 3369 totidem
1983 3315 2125 3367 circa
2154 3332 2334 3366 muros
2358 3314 2551 3387 Trojae.

1522 3398 1671 3463 Quas
1690 3414 1859 3467 quum
1878 3396 2069 3448 Noster
2088 3412 2243 3464 supra
2262 3396 2375 3465 jam
2392 3395 2554 3466 signi·

1521 3476 1753 3531 ficaverit
1766 3514 1783 3541 ,
1803 3475 1906 3528 hoc
1927 3476 2044 3527 loeo
2062 3492 2151 3527 eas
2166 3473 2428 3527 indicasse
2442 3490 2553 3527 non

1522 3556 1750 3611 videtur.

1604 3654 1691 3689 101
1702 3657 1750 3688 a.
1774 3637 1971 3686 [reducit
1992 3636 2201 3685 honores
2224 3631 2290 3684 G.
2314 3650 2362 3683 a.

1600 3719 1750 3769 1013.
1782 3718 2011 3781 fifides.
2036 3713 2136 3765 Hic
2158 3729 2341 3764 versus
2360 3710 2415 3761 in
2438 3730 2553 3763 om-

1524 3798 1681 3851 nihus
1704 3796 1851 3849 libris
1880 3795 2019 3847 male
2044 3792 2257 3845 habitus
2286 3804 2338 3844 et
2364 3810 2553 3844 corru-

1526 3889 1647 3947 ptus
1668 3887 1743 3928 est
1757 3916 1771 3936 ‚
1802 3892 1901 3927 nec
1920 3892 1951 3926 a
1972 3872 2143 3925 doctis
2162 3871 2309 3937 viris,
2324 3890 2557 3942 quorum

1524 3954 1978 4008 observationibus
1994 3953 2250 4006 hactenus
2273 3952 2351 4003 uti
2378 3951 2559 4019 potui,

1526 4034 1871 4087 emaculatus.
1894 4031 2137 4103 Vulgata
2174 4030 2248 4084 sic
2282 4030 2555 4084 scribunt:

1526 4112 1803 4189 ..Tydides
1850 4112 2057 4167 tirisum
2115 4128 2273 4167 cursu
2316 4108 2563 4185 pedibus-
