2975 4684
471 374 606 471 372
1047 367 1541 436 EPISTOLA
1600 366 2035 438 mnoms

421 570 440 583 χ
561 495 802 567 Tutior
833 514 972 561 esse
1009 490 1201 559 times
1221 541 1241 576 ‚
1275 503 1344 558 et
1379 488 1659 558 honesta
1694 488 1987 583 pericula
2023 492 2277 585 poscis,

462 647 473 658 κ
561 610 795 698 Quum
829 600 1006 674 mala
1027 614 1182 672 vota
1217 600 1440 694 cupis:
1475 598 1655 669 solus
1689 602 1808 670 tibi
1845 600 2014 671 dura
2049 602 2351 697 profecto

562 721 824 788 Damna
864 737 1092 809 paras,
1130 709 1304 805 fugis
1323 762 1342 796 ,
1378 734 1529 779 ecoe
1570 709 1781 803 fugis,
1816 726 2212 806 nostrosque
2248 727 2522 807 penates

557 826 862 911 Deseris,
895 837 964 891 et
998 821 1306 891 miseram
1349 818 1595 914 linquis
1626 820 2057 917 Carthaginis
2089 821 2309 893 aulam
2328 846 2369 908 ,·

556 942 726 1030 Quae
761 934 886 1005 tibi
918 957 1122 1028 regna
1165 930 1386 1017 dedit,
1421 954 1611 1001 sacro
1646 930 2021 1001 diademate
2056 933 2275 1003 crines
2518 950 2592 989 ¹³⁵

499 1121 508 1127 ,
557 1048 822 1133 cinxit,
855 1060 924 1115 et
965 1056 1318 1138 augustam
1354 1054 1689 1135 gemmato
1728 1040 1943 1111 sidere
1984 1042 2271 1113 frontem

552 1157 968 1253 Complevit,
1009 1168 1450 1245 nostrumque
1492 1151 1613 1220 tibi
1654 1153 1987 1222 commisit
2026 1178 2343 1224 amorem.

551 1267 698 1353 Nil,
727 1282 892 1363 puto
910 1317 930 1351 ,
958 1266 1176 1358 majus
1195 1262 1400 1331 habes
1418 1314 1437 1347 ‚
1473 1275 1542 1330 et
1576 1261 1796 1333 adhuc
1830 1265 1973 1333 sine
2006 1264 2301 1360 conjuge
2328 1280 2591 1361 regnat,

551 1382 792 1451 AEneas
827 1378 1120 1471 ingrate,
1148 1397 1368 1460 meus,
1408 1386 1610 1466 negat
1646 1373 1745 1442 ira
1786 1372 2039 1443 dolenti

551 1485 956 1573 Consilium,
983 1484 1100 1553 sed
1138 1497 1411 1577 praestat
1445 1506 1635 1551 amor
1666 1509 1683 1551 ε
1721 1507 1866 1554 mea
1901 1482 2173 1555 vulnera
2211 1484 2449 1555 vellem
2516 1516 2592 1557 ιι.

555 1596 848 1667 Fletibus
887 1596 1150 1690 augeri,
1185 1592 1300 1663 sed
1327 1594 1469 1686 jam
1508 1590 1891 1663 discrimine
1936 1596 2169 1665 mortis

525 1804 641 1857 131.
678 1810 900 1856 Honesta
921 1804 1147 1873 pericula
1182 1802 1343 1851 nescis
1371 1796 1477 1850 alii.
1566 1801 1751 1850 dolenti
1775 1798 1909 1851 mihi
1918 1814 2127 1867 pra-sm
2142 1802 2417 1863 consilinm,
2442 1802 2589 1875 quod

448 1883 796 1939 scribendum
821 1902 933 1936 esse
950 1883 1113 1950 poscis
1127 1877 1398 1931 existimo:
1420 1875 1476 1927 id

451 1964 565 2017 vult
609 1962 924 2017 antecedens
955 1963 1118 2013 Tuder
1161 1978 1268 2011 esse
1314 1960 1474 2017 times,

447 2044 507 2096 h.
549 2063 596 2097 e.
639 2043 792 2097 times
833 2062 954 2095 eum
1001 2040 1214 2101 locum,
1254 2053 1475 2108 regnum

449 2142 626 2176 uncum
649 2142 794 2197 ,quo
812 2122 976 2175 tutior
997 2138 1110 2173 esse
1133 2134 1324 2210 queam
1351 2132 1476 2168 oon·

449 2214 530 2255 tra
559 2206 766 2255 honesta
794 2203 1017 2270 pericula
1042 2200 1237 2267 poscis,
1259 2194 1472 2267 pericu-

441 2280 512 2335 'lis
539 2294 591 2333 te
619 2281 951 2334 committere
977 2296 1132 2342 aves,
1160 2276 1353 2346 quibus
1381 2292 1473 2325 su·

446 2359 700 2432 pen-andis
737 2358 996 2411 honorem
1033 2354 1291 2426 acquiras.
1331 2352 1474 2404 Hinc

446 2456 555 2491 non
579 2452 705 2511 apta
727 2435 937 2490 videtur
959 2431 1261 2489 emendatio
1282 2430 1440 2503 Higtii
1457 2470 1474 2496 ,

444 2518 540 2590 qui
559 2516 826 2590 reposuit,
849 2518 1014 2567 Τηείον
1038 2534 1146 2566 esse
1174 2515 1374 2571 timens,
1397 2513 1473 2561 in·

447 2600 658 2649 honesta
677 2599 902 2665 pericula
921 2597 1102 2663 poscis.

520 2676 637 2729 132.
659 2682 817 2744 Quum
836 2694 902 2726 m.
921 2694 977 2725 ν.
1001 2675 1169 2741 cupis·
1150 2711 1163 2722 .
1190 2668 1470 2741 repetitum

443 2774 505 2808 ex
519 2775 570 2810 v.
587 2758 653 2822 34
669 2796 685 2823 ,
705 2768 860 2809 «vota
875 2752 1112 2807 nocentis
1129 2752 1294 2804 habes
1307 2776 1347 2802 ι.
1362 2750 1466 2802 Βιι.

518 2831 642 2891 136.
665 2840 729 2887 Ee
749 2849 1013 2903 augustam
1037 2845 1286 2901 gemmato
1309 2832 1472 2881 sidere

346 2930 355 2940 ·
427 2918 652 2984 frontem
674 2935 692 2967 ι
725 2920 799 2969 sic
823 2914 986 2969 Salm.
1018 2924 1066 2965 et
1096 2911 1306 2967 Divion.
1328 2928 1471 2978 gem-

443 3011 600 3049 matos
623 2996 810 3051 vitiose
827 2991 880 3048 in
901 2992 1050 3048 Leid.
1065 2994 1246 3046 Banu.

521 3075 636 3129 138.
659 3080 776 3138 Nil,
795 3090 940 3145 puto,
957 3076 1117 3145 majus
1135 3074 1302 3132 habes,
1323 3084 1468 3120 nem·

361 3204 376 3217 ,
445 3172 514 3226 pe
535 3154 629 3207 illo
647 3174 848 3221 amore,
859 3172 1038 3228 quem,
1050 3160 1109 3204 ut
1125 3162 1247 3204 ante
1263 3148 1468 3201 dictum

441 3246 523 3286 est
539 3273 555 3300 ,
592 3233 833 3286 commisi
857 3234 966 3285 tibi.
994 3262 1064 3271 -
1089 3236 1153 3282 Et
1177 3234 1340 3283 adluw
1359 3229 1468 3278 sine

439 3316 656 3381 conjuge
684 3331 892 3380 regnas,
934 3311 1024 3364 hic
1049 3308 1266 3361 omnino
1289 3308 1466 3379 legen-

441 3388 572 3445 dum
599 3402 676 3443 est
699 3404 901 3460 regnat,
937 3402 997 3442 ιιι
1017 3389 1261 3461 respiciat
1287 3386 1358 3441 ad
1389 3404 1466 3439 se·

438 3488 612 3543 quens
639 3490 801 3532 meus,
831 3488 981 3523 amor
1001 3468 1201 3525 scilicet
1216 3508 1232 3533 ,
1251 3465 1346 3539 qui
1369 3466 1466 3519 ali-

440 3563 540 3618 ter,
560 3568 669 3623 quo
694 3550 976 3614 referatur,
999 3567 1110 3603 non
1131 3547 1310 3602 habet.
1349 3546 1465 3599 Hac

439 3629 806 3684 emendatione
819 3628 1025 3701 egregia
1033 3628 1294 3699 sententia
1306 3643 1464 3678 emer-

436 3710 526 3780 git.
552 3708 809 3763 Commisi
844 3708 938 3761 tibi
976 3724 1210 3761 amorem
1245 3722 1420 3758 meum
1445 3746 1461 3773 ,

436 3788 532 3861 qui
553 3798 643 3840 tua
663 3806 848 3842 caussa
867 3786 1046 3842 omnia
1070 3784 1214 3849 facit,
1230 3796 1300 3853 et,
1314 3797 1463 3858 puto,

433 3866 568 3919 nihil
585 3885 650 3920 eo
663 3868 832 3941 majus
845 3868 1012 3921 habes
1027 3884 1040 3917 z
1058 3864 1298 3939 quamvis
1315 3864 1459 3917 enim

433 3956 484 3996 te
505 3948 788 4017 conjugem
809 3948 1007 4002 habere
1033 3962 1294 4017 nequeam
1310 3962 1459 4009 ,ecce

431 4034 608 4077 tamen
625 4040 812 4096 regnat
827 4026 1006 4081 adhuc
1018 4027 1108 4081 ille
1120 4044 1272 4079 amor
1285 4043 1456 4090 meus;
1544 4038 1703 4080 nocte
1720 4042 1777 4088 -ς
1812 4036 1865 4079 et
1892 4045 1968 4078 vs.
1990 4024 2095 4097 376
2110 4068 2127 4092 ‚

432 4120 588 4155 omne
615 4104 758 4174 quod
787 4106 1064 4179 implorat,
1087 4104 1345 4179 perficiet:
1370 4104 1458 4157 ille

1564 1878 1641 1927 ira
1660 1892 1835 1947 negat.

1642 1958 1761 2026 139.
1783 1962 1945 2026 Regae
1968 1960 2047 2010 ira
2072 1962 2261 2011 dolenti
2283 1962 2545 2013 Consilium
2568 1982 2589 2012 .-

1563 2034 1634 2087 ita
1654 2034 1871 2089 Salmas.
1891 2048 1944 2089 et
1968 2037 2119 2090 Leid.
2142 2041 2271 2107 ligat
2289 2038 2344 2089 in
2373 2039 2589 2093 Divion.

1563 2114 1716 2167 male.
1730 2114 1817 2167 Sic
1846 2115 1902 2168 in
1923 2117 2089 2170 veteri
2110 2117 2423 2189 epigramm.
2440 2120 2588 2191 apud

1560 2192 1849 2258 Pithoeum,
1871 2195 1965 2247 lib.
1990 2195 2040 2263 1,
2066 2210 2127 2248 ut
2147 2196 2431 2267 proferunt
2454 2218 2590 2252 non·

1562 2272 1724 2325 nulli:
1751 2298 1774 2319 ‹-
1796 2274 1969 2327 Iratus
1994 2292 2116 2346 rege
2136 2286 2209 2338 te,
2228 2274 2376 2347 quod
2396 2278 2589 2332 nobilis

1560 2351 1639 2404 ira
1658 2352 1824 2406 leonis
1842 2354 1905 2405 In
1925 2352 2027 2407 eibi
2047 2366 2339 2426 prostratos
2356 2376 2411 2410 se
2428 2370 2592 2430 negat

1560 2450 1673 2487 esse
1697 2432 1911 2486 feram-
1931 2450 1944 2464 ·
1928 2434 2059 2498 ,ubi
2080 2446 2259 2487 tamen
2282 2434 2517 2491 Pithoeus
2532 2450 2591 2491 et

1559 2512 1650 2564 alii
1691 2470 1972 2566 ediderunt
2014 2520 2177 2565 Iraws
2216 2520 2440 2584 recolas,
2484 2530 2583 2572 etc.

1559 2591 1741 2644 Bmut.
1763 2590 1867 2645 Sed
1884 2592 2169 2664 legendum
2185 2592 2274 2647 hic
2298 2613 2411 2648 esse
2430 2612 2591 2666 negas

1559 2672 1662 2732 im,
1698 2670 1971 2743 superiora
1994 2685 2121 2725 nota
2148 2671 2397 2728 dbdmus.
2412 2680 2589 2745 Negas

1558 2754 1637 2801 im
1650 2754 1929 2813 consilium,
1946 2757 2040 2804 sed
2044 2767 2251 2821 praestat
2261 2774 2406 2807 amor
2419 2756 2586 2825 signi·

1560 2828 1708 2892 fleat,
1750 2848 1903 2883 amor
1935 2850 2083 2883 meus
2110 2831 2179 2884 ita
2205 2832 2431 2906 imperat
2451 2835 2544 2887 irae
2566 2874 2583 2900 ,

1558 2920 1619 2962 ut
1634 2948 1650 2975 ,
1678 2909 1825 2984 quod
1849 2911 1962 2965 hoec
1985 2912 2201 2967 fortasse
2216 2912 2435 2969 suadeat
2450 2954 2468 2978 ,
2493 2934 2583 2969 ex-

1556 2991 1703 3062 sequi
1728 2992 1895 3046 nolim
1918 3010 1935 3056 3
1966 2992 2145 3047 malim
2180 3007 2353 3048 autem
2376 3034 2393 3058 ‚
2431 2998 2581 3069 quod

1554 3087 1721 3124 amor.

1632 3162 1749 3211 140.
1774 3156 1892 3204 Mea
1928 3157 2144 3206 vulnera
2170 3157 2350 3207 vellem
2369 3160 2579 3211 Fletibus

1556 3234 1755 3299 augeri,
1795 3236 1888 3284 sed
1900 3234 2032 3303 jorn,
2058 3232 2207 3286 Idem
2234 3234 2303 3286 ab
2324 3234 2474 3290 initio
2494 3237 2578 3289 di-

1554 3310 1631 3362 xit
1662 3329 1743 3364 vs.
1768 3312 1837 3366 3:
1886 3313 1986 3365 «Si
2025 3311 2187 3366 modo
2224 3312 2350 3367 flere
2387 3326 2579 3371 vacat:

1551 3407 1675 3442 nam
1706 3410 1790 3443 me
1808 3392 1978 3463 magis
1994 3392 2235 3465 improba
2248 3394 2432 3449 mortis
2447 3396 2580 3449 Fata

1552 3481 1748 3522 vocant
1766 3494 1811 3521 a.

1629 3558 1748 3615 141.
1774 3552 1988 3619 Sedjam
2010 3552 2288 3605 discrimine
2302 3556 2468 3605 mor-ds
2494 3558 2579 3605 Vi-

1552 3642 1634 3680 cta
1656 3630 1820 3697 feror.
1856 3630 1943 3683 Sic
1976 3630 2285 3685 Divionens.
2309 3632 2579 3706 Col-rupte

1552 3707 1607 3759 in
1634 3708 1796 3762 Salm.
1822 3724 1877 3763 et
1902 3707 2055 3762 Leid.
2065 3708 2237 3778 fessos
2259 3731 2277 3762 .·
2315 3710 2409 3765 sed
2426 3714 2581 3781 semr-

1552 3806 1583 3840 e
1608 3806 1773 3842 mann
1804 3806 1914 3843 rec.
1952 3788 2010 3842 in
2046 3790 2283 3862 margine
2301 3809 2317 3841 ε
2340 3792 2579 3849 imitatur

1550 3867 1727 3921 denuo
1772 3867 1909 3922 illud
1944 3867 2098 3940 virg.
2121 3870 2247 3923 AEn.
2268 3870 2359 3924 lib.
2393 3872 2471 3924 1v
2505 3871 2574 3929 de

1548 3946 1758 4002 Didone
1781 3964 1795 3996 ε
1816 3974 1843 3993 ιι
1865 3947 2008 4001 feror
2025 3947 2225 4018 ingenti
2248 3948 2573 4005 circumdata

2169 4052 2193 4075 ι
2222 4026 2375 4082 Heu!
2418 4029 2574 4083 furiis

1548 4106 1760 4159 incensa
1785 4105 1927 4158 feror
1948 4130 1995 4157 υ.
2038 4104 2287 4177 Sequenti
2323 4126 2475 4163 versu
2506 4113 2573 4168 do
