2975 4684
498 328 628 375 112

1025 389 1028 397 Ι
1083 303 1484 375 LUCILII
1534 306 2023 377 JUN-IORIS

585 428 744 498 Una
783 425 910 520 ipsi
947 439 1017 494 et
1045 427 1267 514 venti,
1293 451 1445 522 quae
1481 453 1590 497 res
1630 428 1945 499 incendia
1978 405 2225 524 pascit3

585 539 816 627 Quum
852 537 1082 607 subito
1119 537 1507 626 cohibetur,
1543 540 1717 610 inest
1755 565 1904 636 quae
1940 565 2177 612 caussa
2208 541 2427 613 silenti
2446 595 2467 630 ‚

584 647 990 742 Subsequar.
1031 650 1408 718 Immensus
1443 648 1643 720 labor
1680 665 1781 722 est
1798 705 1819 740 ‚
1859 651 1977 721 sed
2001 650 2239 722 fertilis
2272 653 2485 742 idem3

585 759 814 853 Digna
847 755 1222 828 laborantis
1259 759 1671 854 respondent
1696 762 1971 856 proemia
2000 763 2203 832 curis.

586 874 752 943 Non
791 866 1004 938 oculis
1040 866 1256 938 solum
1292 871 1631 964 pecudum
1672 871 1979 942 miranda
2022 875 2196 942 tueri

585 984 818 1067 More3
847 1003 973 1048 nec
999 977 1228 1048 effusis
1253 979 1328 1048 in
1353 979 1637 1051 humum
1670 1007 1873 1078 grave
1900 1007 2171 1078 pascere
2200 1007 2489 1079 corpus;

490 1181 706 1256 gnificat
724 1221 739 1248 ,
765 1179 1020 1252 quoniam
1043 1178 1280 1254 exposita
1309 1180 1404 1234 aba
1428 1198 1518 1236 me

491 1273 570 1315 eet
591 1260 729 1315 ratio
753 1258 1146 1314 incendiorum.

565 1361 592 1394 2
605 1359 686 1412 17.
712 1347 823 1392 Una
846 1343 941 1410 ipsi
955 1341 1098 1390 venti
1113 1338 1313 1392 habent
1333 1358 1521 1394 omnes

491 1420 612 1474 mei.
639 1419 742 1474 Sed
774 1418 1007 1490 Scaliger
1044 1430 1096 1470 et
1132 1417 1382 1472 Gorallus
1417 1439 1521 1472 una

493 1503 588 1569 ipsi
611 1514 663 1551 ec
689 1503 830 1552 venei
866 1499 1054 1552 volunt
1074 1536 1090 1562 ,
1125 1509 1177 1551 et
1209 1501 1303 1566 ipsi
1329 1509 1519 1571 putant

493 1599 590 1652 pro
616 1583 764 1649 ipsius
788 1579 1037 1652 positum.
1057 1579 1170 1650 Ego
1190 1596 1348 1645 vero,
1368 1597 1465 1632 cur
1485 1597 1517 1632 a

491 1659 712 1732 vulgata
733 1657 1039 1722 recedatur,
1066 1676 1177 1710 non
1201 1655 1373 1710 video.
1409 1663 1522 1708 Una

491 1741 587 1821 ipsi
604 1742 766 1800 venti,
797 1757 872 1792 sc.
896 1738 952 1792 in
971 1747 1222 1812 promptu
1236 1748 1382 1802 sunt,
1400 1755 1525 1809 qun

493 1811 565 1880 de
599 1819 727 1894 ipsis
753 1818 955 1883 ventis,
984 1816 1076 1890 qui
1102 1814 1410 1870 incendium
1436 1835 1523 1870 ex·

492 1905 684 1967 citant,
718 1897 844 1952 dixi.
891 1901 1028 1950 Unde
1051 1914 1150 1968 pro
1194 1901 1330 1961 Una,
1367 1894 1517 1968 quod

493 1982 640 2039 Flor.
659 1979 820 2032 habet
835 2014 852 2041 ,
877 1975 1097 2029 fortasse
1121 1975 1316 2028 rectius
1339 1987 1435 2029 est.

561 2081 596 2114 ιι
607 2079 688 2130 ¹9·
707 2060 1011 2125 Subsequor,
1027 2054 1255 2108 subistis
1271 2093 1290 2122 ,
1303 2054 1386 2108 vel
1399 2067 1523 2128 post

493 2159 556 2195 ca
577 2155 831 2210 exsequar
846 2173 861 2200 ,
882 2152 1162 2206 exponam.

569 2239 692 2272 220.
715 2219 819 2270 Pro
839 2218 994 2284 digna
1023 2211 1145 2266 cod.
1173 2212 1485 2282 Flor.p1'3·ra
1500 2250 1517 2274 ,

493 2299 640 2373 quod
681 2298 922 2368 ineptum
966 2291 1206 2346 videtur:
1251 2296 1523 2344 laborantis

495 2380 718 2432 Helinst.
757 2374 912 2428 Basil.
947 2374 1080 2429 5081.
1112 2375 1365 2424 Iaboranti
1381 2373 1520 2426 Ven-

497 2457 674 2531 Lugd.
699 2457 834 2527 Hag.
859 2458 1100 2506 laboratis
1123 2450 1370 2505 emendat
1393 2453 1521 2506 Sca-

495 2539 646 2630 liger:
685 2535 798 2607 Ego
833 2536 1106 2586 morantis
1137 2530 1523 2604 preferendum

493 2617 764 2679 existimo,
799 2611 926 2686 quia
965 2611 1243 2674 infinitivi,
1287 2611 1383 2683 qui
1425 2629 1525 2682 per

493 2696 674 2771 plures
697 2711 876 2748 venus
899 2704 1228 2763 sequuntur,
1249 2707 1432 2744 omnes
1454 2687 1527 2742 ad

493 2775 628 2832 illud
656 2773 927 2828 laborantis
957 2769 1220 2823 referendi
1254 2767 1522 2822 videntur.

495 2887 568 2899 —-
580 2858 694 2928 Ego
711 2853 866 2908 aliter
885 2850 1057 2904 sentio
1077 2861 1129 2902 et
1147 2867 1333 2904 omnes
1351 2847 1527 2902 infini-

495 2937 634 2992 tivos
651 2954 682 2988 a
700 2952 755 2986 v.
780 2937 920 3000 249,
945 2927 1167 2983 divina
1187 2941 1264 2981 est
1281 2927 1446 2982 animi
1463 2945 1529 2982 ac

501 3013 738 3090 jucunda
773 3011 1066 3082 voluptas»
1081 3005 1364 3081 ,pendere
1377 3019 1525 3082 puto.

494 3091 852 3148 En.-Verbo
866 3093 1124 3159 respondet
1140 3089 1304 3142 utitur
1326 3087 1395 3140 ad
1415 3107 1527 3141 mo-

497 3172 626 3227 dum
634 3169 920 3242 Gratii,qui
933 3169 1070 3242 Cyn.
1081 3172 1211 3222 v.6o
1223 3205 1240 3232 ,
1257 3177 1434 3222 «tanto
1447 3187 1527 3221 re-

495 3249 724 3326 spondet
749 3250 954 3320 longior
981 3267 1108 3302 usus
1135 3274 1157 3297 ι
1177 3289 1194 3314 ,
1223 3260 1277 3305 et
1303 3267 1356 3302 ν.
1380 3249 1485 3318 493
1506 3285 1525 3314 ,

497 3359 525 3380 2«
545 3333 830 3404 impetrato
849 3326 1171 3399 respondent
1192 3327 1358 3389 multa
1379 3327 1524 3380 favo·

495 3431 554 3466 re
580 3409 662 3464 Ad
686 3419 859 3482 partes
885 3431 931 3462 »-
955 3405 1040 3460 Ad
1063 3407 1376 3461 sententiam
1393 3405 1523 3459 huic

496 3489 678 3546 versui
697 3487 882 3542 similis
899 3498 977 3540 est
995 3487 1231 3550 Manilii,
1252 3487 1356 3552 IV,
1381 3486 1483 3554 393
1505 3501 1520 3538 :

499 3572 647 3625 «Pro
697 3567 868 3661 pretio
913 3566 1064 3619 labor
1104 3577 1214 3629 est,
1261 3583 1362 3618 nec
1399 3577 1525 3626 sunt

497 3650 748 3704 immunia
767 3659 956 3706 tanta·

572 3748 694 3782 221.
721 3730 964 3780 Miranda
983 3727 1132 3795 fuere
1166 3725 1362 3778 habent
1395 3723 1527 3778 acri-

499 3821 619 3884 ptns
639 3807 862 3861 Helmat.
888 3817 942 3859 et
973 3823 1158 3858 omnes
1191 3803 1297 3857 mei
1321 3804 1523 3858 excusi..

499 3887 660 3956 Quod
697 3900 872 3940 tamen
913 3885 1133 3938 minime
1160 3895 1297 3938 stare
1337 3894 1524 3954 potest.

499 3969 636 4021 Nam
653 3977 838 4020 auctor
851 3966 959 4018 hoc
973 3976 1024 4017 et
1042 3962 1384 4035 sequentibus
1403 3981 1525 4016 ver-

499 4047 644 4100 sibus
680 4044 890 4117 premia
927 4061 1200 4098 recensere
1236 4041 1350 4095 vult
1366 4080 1382 4107 ,
1409 4059 1527 4114 quc

1607 1193 1896 1254 sequantur
1920 1198 2106 1248 curas,
2142 1179 2301 1235 altius
2327 1199 2509 1234 rerum
2534 1201 2632 1236 na-

1606 1273 1781 1320 turam
1798 1261 2052 1334 indagare
2074 1262 2443 1316 laborantium.
2466 1263 2533 1315 In
2546 1262 2633 1315 hia

1604 1342 1837 1414 primum
1867 1353 1946 1394 est
1962 1382 1978 1409 ,
1999 1339 2147 1414 quod
2169 1339 2247 1393 illi
2265 1341 2524 1394 miracula
2540 1360 2637 1394 na-

1606 1432 1736 1474 turoe
1763 1441 1873 1475 non
1896 1419 2161 1494 pecudum
2190 1440 2339 1474 more
2364 1421 2489 1474 solis
2506 1439 2634 1474 ocu-

1610 1500 1673 1554 lis
1689 1500 2130 1574 contemplentur.
2152 1501 2261 1552 Ubi
2280 1513 2461 1573 aptum
2480 1498 2637 1553 mini-

1608 1597 1694 1634 me
1726 1585 1987 1652 eatfiaere,
2011 1580 2105 1636 sed
2125 1579 2416 1632 infinitivus
2441 1577 2635 1651 aliquia

1608 1662 1925 1733 requiritur,
1968 1671 2029 1714 ut
2070 1658 2144 1712 ini
2186 1671 2462 1731 sequemet
2510 1669 2635 1714 sunt

1600 1759 1835 1808 pascere,
1866 1759 2035 1800 nosse,
2056 1750 2157 1792 etc.
2174 1739 2405 1812 Scaliger
2416 1736 2634 1810 quidem

1610 1819 1919 1890 ponendum
1959 1828 2137 1872 censet
2148 1820 2351 1886 jovere,
2395 1829 2447 1870 et
2480 1821 2636 1869 oculis

1606 1917 1707 1950 rem
1713 1900 1889 1966 fovere
1914 1896 2042 1951 dicit
2068 1916 2211 1964 esre,
2238 1898 2293 1950 in
2326 1896 2414 1950 illa
2453 1914 2635 1950 rerum

1608 1977 2048 2050 contemplatione
2071 1976 2233 2030 nimia
2258 1976 2427 2030 oculis
2453 1973 2637 2028 indul-

1610 2076 1734 2130 gere
1752 2095 1768 2122 ,
1790 2075 1912 2111 cum
1934 2054 2176 2128 imperita
2194 2055 2490 2110 miratione.
2505 2055 2636 2111 Mox

1610 2137 1667 2192 in
1708 2136 1945 2210 quadam
1992 2137 2304 2191 membrana
2346 2154 2404 2189 ae
2445 2135 2637 2207 legisse

1608 2215 1841 2271 affirmat
1858 2221 2011 2270 oculis
2024 2219 2254 2271 miranda
2268 2217 2457 2268 videre.
2472 2213 2639 2281 Quod

1610 2295 1733 2350 licet
1762 2297 1821 2350 in
1848 2308 2051 2350 textum
2074 2295 2335 2368 receperit
2360 2293 2637 2358 Gor-aliua,

1608 2387 1789 2430 tamen
1812 2376 1870 2428 in
1892 2375 2234 2430 adnotatione
2248 2375 2427 2427 minus
2444 2375 2639 2446 proha·

1606 2475 1667 2510 re
1684 2493 1703 2520 ,
1750 2467 1801 2508 et
1837 2456 2010 2528 potius
2050 2455 2107 2508 in
2134 2456 2361 2528 vulgato
2395 2452 2640 2508 lectionis

1610 2547 1791 2589 coacta
1817 2533 2253 2609 interpretatione
2278 2533 2475 2586 haerere
2492 2533 2641 2587 vide-

1612 2627 1718 2668 tur.
1734 2615 1804 2668 At
1822 2615 1925 2668 nisi
1944 2617 2117 2667 videre
2135 2627 2342 2669 rectum
2363 2624 2440 2668 eat
2457 2653 2473 2679 ,
2493 2625 2641 2668 certe

1612 2698 1740 2746 tueri
1758 2691 2127 2766 reponendum
2144 2731 2163 2760 ,
2183 2691 2328 2766 quod
2350 2691 2474 2748 cod.
2492 2693 2639 2748 Flor.

1612 2773 1822 2844 profert
1838 2811 1854 2838 ,
1882 2785 1935 2828 et
1958 2773 2117 2828 litero
2142 2771 2365 2845 vulgate
2398 2772 2640 2826 lectionis

1597 2853 1749 2920 ficem
1790 2853 2088 2924 significant
2105 2889 2121 2916 ‚
2156 2851 2412 2925 quodque
2441 2853 2558 2924 pari
2582 2852 2641 2905 in

1611 2932 1871 2986 sententia
1895 2943 2116 3004 usurpat
2137 2931 2391 2996 ovidius,
2417 2931 2639 2986 Metam.

1612 3011 1640 3062 Ι
1659 3048 1676 3074 ,
1704 3009 1799 3064 85:
1824 3037 1849 3056 α
1866 3010 1942 3064 Oa
1969 3010 2171 3064 homini
2194 3011 2423 3066 sublime
2449 3009 2597 3064 dedit
2620 3049 2638 3076 ,

1612 3089 1907 3161 columque
1941 3089 2080 3143 tueri
2118 3089 2280 3144 Jusdt
2296 3128 2313 3156 ‚
2349 3103 2404 3144 et
2436 3103 2640 3145 erectos

1612 3168 1679 3221 ad
1706 3168 1884 3223 sidera
1912 3169 2095 3223 tollere
2114 3170 2293 3222 vultus
2309 3195 2355 3224 a.

1689 3267 1809 3301 222.
1832 3251 2017 3320 Efficsis
2041 3252 2091 3300 in
2116 3251 2346 3312 humum,
2367 3249 2425 3302 h.
2444 3269 2494 3304 e.
2513 3269 2641 3304 ocu-

1612 3325 1709 3392 lis,
1758 3327 1931 3400 inquit
1964 3327 2243 3394 Gorallu33
2293 3329 2641 3402 similiterque

1613 3407 1987 3480 interpretatur
2004 3407 2299 3463 Ascensiua.
2320 3410 2388 3460 At
2404 3413 2569 3460 oculos
2588 3413 2639 3462 in

1612 3487 1812 3538 humum
1828 3489 2021 3556 effundi
2032 3505 2131 3558 pro
2148 3487 2380 3542 converti
2398 3526 2413 3551 ,
2436 3489 2521 3542 vel
2547 3487 2641 3541 de-

1614 3563 1740 3637 figi,
1768 3563 1827 3618 id
1859 3564 2015 3620 valde
2056 3565 2244 3620 dubito
2263 3605 2278 3630 ,
2322 3587 2389 3620 an
2422 3588 2451 3620 a
2500 3567 2645 3622 bono

1614 3644 1871 3717 scriptore
1906 3643 2131 3698 dicatur.
2160 3646 2361 3699 Verum
2402 3647 2547 3715 ffm‘
2590 3650 2642 3698 in

1614 3727 1813 3776 humum
1854 3721 2181 3796 intelligendi
2214 3739 2335 3778 aunt
2368 3725 2605 3778 homines
2624 3765 2641 3790 ,

1612 3804 1705 3876 qni
1724 3805 1872 3877 quasi
1890 3806 1947 3858 in
1967 3817 2159 3860 terram
2182 3805 2407 3878 projecti
2428 3824 2511 3858 rea
2527 3816 2645 3858 tan-

1614 3895 1729 3936 tum
1760 3895 2025 3946 terrenae,
2057 3896 2109 3938 et
2138 3881 2207 3936 ad
2239 3885 2438 3937 victum
2476 3885 2639 3956 perti·

1614 3976 1831 4031 nentes,
1869 3965 2132 4036 cogitant,
2167 3964 2350 4036 quales
2374 3983 2401 4016 a
2432 3963 2641 4027 Persio,

1618 4043 1671 4095 11
1690 4083 1707 4109 ,
1736 4047 1798 4097 61
1822 4056 2079 4097 vocantur
2100 4063 2257 4096 curva·
2283 4047 2333 4094 in
2358 4059 2511 4095 een-as
2534 4047 2645 4094 ani·
