2975 4684
525 335 664 422 564

1387 331 1801 400 1NCERT1

614 458 940 545 Perculit,
979 471 1044 524 et
1083 478 1344 523 summo
1385 451 1634 546 repulit
1674 451 2037 520 certamine
2068 455 2379 522 Martem.

2584 473 2665 512 ⁵50

609 575 794 642 Pone
831 583 1054 636 truces
1087 565 1379 643 animm,
1421 561 1795 656 infestaque
1836 559 1965 630 tela
2002 585 2301 632 coerce».

611 682 770 749 Post
803 677 943 746 haec
986 675 1162 743 inter
1196 698 1265 741 se
1297 674 1518 766 posito
1552 670 1915 760 certamine
1953 675 2195 767 p'ugnae

521 805 524 808 ’
616 793 1055 860 Commutant
1083 783 1382 878 clypeOS,
1413 783 1817 876 inimicaque
1851 779 2077 876 praelia
2116 780 2451 876 linquunt.

712 897 1134 992 Colloquium
1175 895 1344 987 petit
1379 895 1633 962 interea
1660 891 1987 994 fidissima
2030 893 2280 985 conjux

613 1010 925 1086 Hectoris
961 1003 1456 1088 Andromache,
1485 1026 1899 1097 parvumque
1928 1002 2013 1098 ad
2040 1018 2310 1096 pectora
2336 1018 2572 1072 natum
2584 1030 2663 1068 sss

627 1131 1026 1216 Astyanacta
1065 1129 1280 1200 tenet,
1315 1115 1509 1206 cujus
1544 1112 1711 1182 dum
1750 1113 2081 1181 maximus
2122 1112 2321 1181 heros

612 1228 861 1304 Oscula
895 1249 1100 1323 parva
1141 1226 1338 1319 petit,
1375 1224 1599 1293 subito
1627 1222 2028 1316 perterritus
2064 1222 2281 1292 infans
2354 1273 2363 1282 -

619 1341 974 1415 Convertit
1009 1334 1278 1406 timidos
1315 1348 1619 1402 materna
1661 1332 1747 1402 ad
1786 1346 2059 1427 pectora
2100 1330 2353 1418 vultuS,

613 1447 1141 1541 Terribilemque
1172 1445 1346 1540 fugit
1383 1442 1674 1538 galeam,
1700 1443 2103 1536 cristamque
2136 1443 2514 1513 micantem.

617 1565 846 1656 thue
885 1571 1089 1652 caput
1113 1555 1376 1650 juvenis
1413 1555 1634 1648 posito
1666 1553 2003 1622 detexerat
2032 1577 2204 1638 aere,

2586 1577 2666 1627 ⁵7⁰

613 1671 931 1746 Protinus
968 1667 1290 1738 infantem
1331 1665 1616 1760 geminis
1648 1661 2077 1759 amplectitur
2116 1661 2321 1746 ulnis,

515 1871 526 1879 ο
619 1779 1080 1874 Attollensque
1115 1801 1356 1846 manus
1396 1801 1413 1843 ε
1456 1803 1490 1838 α
1510 1779 1785 1856 Precor,
1822 1799 1863 1842 0
1904 1787 2097 1867 pater
2132 1773 2421 1868 optime,
2460 1773 2665 1857 dixit,

515 1979 646 2016 tram
662 1979 845 2014 omnes
865 1957 1008 2011 dant.
1024 1953 1292 2016 Bar-thius,
1319 1951 1542 2006 Advers.

517 2063 574 2116 p.
609 2044 743 2112 2807
775 2039 863 2093 bic
899 2034 1052 2089 docet
1093 2031 1390 2086 iterandam
1434 2051 1549 2084 esse

519 2141 706 2175 vocem
745 2123 974 2172 dextram
1011 2115 1114 2167 hoc
1153 2112 1315 2166 modo
1339 2130 1354 2166 ε
1383 2111 1550 2164 Vides

523 2201 786 2261 dextram,
803 2213 919 2270 quae
933 2192 1157 2247 Veneris
1179 2191 1417 2245 dextram
1434 2191 1551 2243 vul·

523 2279 756 2340 neravit;
777 2288 827 2330 et
859 2292 971 2328 esse
1001 2273 1226 2344 figuram
1255 2269 1420 2341 poetis
1451 2270 1553 2321 usi-

522 2370 716 2419 tatam,
749 2373 854 2426 qua
876 2391 891 2416 ,
925 2353 1016 2405 ubi
1051 2369 1153 2403 vox
1189 2347 1434 2423 quedam
1467 2366 1553 2400 eo-

525 2432 646 2490 de'm
665 2435 840 2508 positu
860 2431 1070 2484 duabus
1087 2430 1247 2482 rebus
1267 2427 1555 2481 convenire

524 2516 720 2590 possit,
747 2512 910 2566 semel
936 2527 1052 2563 eam
1081 2519 1285 2561 tantum
1317 2518 1549 2579 ponant,

529 2597 604 2648 sic
626 2606 803 2646 tamen
827 2601 886 2642 ut
912 2589 1170 2642 ambobus
1205 2587 1338 2640 locis
1363 2585 1553 2639 debeat

529 2673 716 2748 aptari.
743 2673 826 2727 Sic
849 2671 1102 2740 Nostrum
1123 2685 1278 2720 versu
1301 2670 1404 2737 964
1429 2684 1554 2738 par-

529 2754 744 2809 ticulam
768 2771 916 2821 quam
940 2749 1176 2802 omisisse
1197 2757 1368 2818 putat,
1387 2763 1556 2817 quum

529 2835 800 2909 geminare
820 2830 1083 2884 debuisset
1107 2848 1120 2878 t
1143 2833 1306 2896 Quam
1313 2839 1432 2894 post
1446 2829 1556 2877 eia-

519 2934 685 2986 psam‚
709 2913 744 2966 i.
768 2930 817 2963 e.
837 2911 1012 2976 Quam
1031 2918 1307 2980 postquam
1329 2905 1559 2976 elapsam

534 2993 739 3048 vitavit.
760 2990 864 3044 Sed
887 2998 1100 3061 praestat
1121 2987 1224 3039 boc
1245 2986 1364 3038 loco
1387 2985 1559 3056 legere

535 3078 620 3142 qui
639 3075 873 3130 vulnere,
897 3078 956 3120 ut
975 3065 1266 3138 simplicius
1283 3063 1350 3116 ad
1371 3082 1561 3136 praece-

535 3153 666 3206 dens
694 3150 894 3218 hospitis
918 3145 1196 3199 referatur.

594 3232 728 3283 ·560.
747 3229 850 3280 Pro
887 3227 1096 3278 Perculit
1129 3225 1196 3276 G.
1224 3244 1252 3275 a
1277 3240 1557 3295 perperam

535 3309 713 3363 scribit
743 3307 957 3358 Prorutis.
980 3303 1150 3356 Pon-o
1169 3304 1374 3372 pupugit
1399 3315 1556 3352 cena-

537 3393 666 3442 mine
693 3389 761 3439 H.
797 3386 1016 3438 fortasse
1055 3385 1236 3435 retudit
1269 3380 1462 3452 aptius.
1485 3411 1557 3420 —

537 3469 638 3524 Sed
657 3467 762 3520 hoc
779 3503 795 3530 ,
817 3477 876 3516 ut
904 3464 1003 3517 alia
1033 3463 1270 3515 similiter
1290 3461 1555 3532 composi-

536 3563 590 3602 ta
610 3589 626 3616 ,
647 3549 843 3616 repulit,
863 3547 1052 3604 recidit,
1073 3541 1214 3614 apud
1239 3543 1407 3593 bonos
1427 3557 1557 3610 poe-

535 3641 618 3682 tas
647 3627 818 3700 prima
854 3624 1009 3695 longa
1034 3621 1276 3675 adhiberi
1309 3620 1460 3672 solet.
1492 3621 1557 3672 Et

535 3710 616 3762 Jo.
654 3703 1011 3767 Schrader-us,
1049 3703 1104 3753 in
1133 3701 1335 3753 Praefat.
1362 3699 1429 3751 ad
1459 3700 1553 3752 lib.

537 3785 760 3840 Emend.
789 3803 842 3856 p.
883 3789 948 3845 4²
971 3818 987 3845 ,
1027 3779 1350 3852 probabilius
1383 3797 1560 3831 emen-

535 3865 626 3919 dat
649 3883 665 3918 :
727 3889 750 3911 ι
779 3879 988 3917 summo
1032 3859 1228 3931 pepulit
1269 3859 1559 3912 certamine

535 3947 758 3999 Martem
779 3967 821 3995 a.
856 3943 956 3994 En.
1259 3983 1266 3988 .

607 4025 731 4076 562.
759 4027 872 4072 Post
887 4023 980 4071 Ιιοσ
999 4018 1064 4070 G.
1090 4035 1118 4068 2
1139 4029 1190 4069 et
1207 4014 1290 4070 ed.
1311 4017 1374 4070 L.

605 4101 728 4155 565.
745 4102 1043 4166 Λάμπωνα
1059 4109 1226 4148 nattam
1246 4110 1391 4148 tenet.
1399 4095 1550 4166 Virg-

1634 1951 1892 2018 AEn.vn‚
1915 1951 2055 2005 318:
2106 1951 2215 2004 «Et
2232 1949 2448 2024 trepidae
2466 1965 2665 2005 matres

1634 2049 1872 2102 pressere
1898 2031 1967 2084 ad
1997 2043 2209 2104 pectora
2232 2043 2385 2086 natos
2408 2055 2457 2084 ο.

1710 2111 1829 2178 569.
1842 2113 2139 2180 Griseatnqtte
2154 2111 2523 2164 mimoem.Sic
2536 2110 2669 2166 dant

1640 2189 1762 2242 edd.
1798 2201 1850 2244 et
1890 2192 2118 2264 scriptus
2152 2191 2221 2244 H.
2259 2209 2289 2243 a
2324 2209 2435 2263 quo
2470 2210 2667 2264 parum

1640 2268 1847 2323 abludit
1869 2269 1940 2323 G.
1974 2290 2001 2323 a
2022 2308 2038 2335 ,
2064 2271 2158 2342 qui
2187 2273 2453 2322 minantem
2480 2272 2666 2325 habet.

1640 2351 1755 2404 Cel.
1772 2349 2017 2423 Dorpius,
2026 2349 2253 2404 observ.
2274 2368 2331 2423 p.
2358 2351 2478 2414 123,
2492 2352 2671 2408 multo

1642 2429 1814 2501 aptius
1850 2440 2001 2501 putat
2046 2443 2319 2481 comantem
2363 2429 2568 2502 legere,
2603 2445 2669 2485 ut

1642 2511 1805 2561 etistoe
1850 2522 2100 2560 comantes
2144 2527 2283 2582 sape
2326 2509 2473 2581 apud
2510 2511 2667 2583 Vis-g.

1639 2588 1771 2640 Eam
1818 2588 2201 2642 correctionem
2245 2591 2547 2642 confimari
2593 2591 2671 2644 ait

1640 2665 1826 2720 codice
1850 2667 2133 2720 Burmann.
2164 2679 2324 2740 atque
2352 2667 2455 2721 boc
2482 2671 2665 2734 Statii,

1641 2745 1811 2799 Theb.
1858 2747 1933 2798 IX
1954 2786 1970 2813 ,
2012 2763 2109 2816 10¹7
2136 2765 2151 2797 e
2192 2773 2221 2792 ‹-
2240 2747 2412 2820 Lycus
2460 2749 2671 2802 excelso

1642 2840 1844 2878 terrore
1882 2839 2176 2879 comantem
2220 2825 2533 2879 Perstrinxit
2570 2849 2669 2900 ga·

1644 2905 1778 2958 leam
1799 2930 1843 2957 ».
1886 2905 1998 2976 Ego
2029 2923 2156 2958 vero
2194 2923 2301 2958 non
2337 2906 2667 2960 movendum

1642 2983 1779 3037 iuud
1806 2988 2091 3046 micantem,
2119 3003 2292 3054 neque
2324 2983 2439 3037 sine
2479 3003 2669 3040 caussa

1646 3063 1701 3116 id
1742 3065 1812 3116 ab
1848 3076 2063 3116 auctore
2092 3063 2387 3116 adhibitum
2424 3064 2672 3120 credide-

1644 3144 1765 3195 rim.
1794 3144 1927 3196 Nam
1956 3147 2139 3196 micare
2158 3145 2333 3214 poetis
2357 3161 2497 3215 sepe
2520 3144 2667 3200 idem

1646 3235 1721 3276 est
1740 3242 1801 3276 ac
1815 3223 2015 3275 vibrari
2034 3235 2085 3274 et
2100 3235 2338 3276 tremere.
2358 3223 2527 3277 Crista
2536 3244 2671 3280 vero

1642 3302 1805 3374 galea
1845 3321 1907 3354 eo
1945 3302 2175 3356 maxime
2213 3303 2441 3356 terrebat
2486 3304 2671 3357 infan-

1643 3395 1747 3434 tem
1764 3418 1780 3444 ,
1812 3379 1957 3452 quod
1980 3380 2136 3434 valde
2164 3382 2390 3434 micabat
2416 3385 2670 3436 nutabat·

1643 3479 1752 3532 que
1776 3461 2027 3513 adversus
2054 3479 2150 3513 ora
2170 3459 2348 3532 ipsius.
2378 3467 2562 3514 Manus
2574 3466 2671 3531 ja·

1644 3555 1779 3592 ctam
1794 3543 2027 3592 micantes
2046 3539 2277 3593 vidimus
2298 3541 2353 3593 in
2366 3541 2525 3613 Calp.
2546 3543 2667 3595 Ecl.

1646 3619 1732 3683 11,
1758 3623 1843 3673 26.
1866 3618 2024 3672 ovid.
2046 3617 2173 3672 Her.
2194 3621 2268 3684 V,
2286 3621 2383 3691 37:
2405 3622 2667 3674 «Attoniti

1646 3699 1876 3752 micuere
1914 3698 2059 3751 sinus
2080 3725 2121 3751 n.
2163 3697 2310 3751 Idem
2332 3736 2348 3763 ,
2382 3699 2512 3752 Met.
2548 3699 2666 3767 IX,

1648 3779 1715 3848 37
1730 3795 1743 3830 :
1756 3805 1781 3824 ιι
1796 3779 1861 3830 Et
1876 3776 2035 3830 modo
2050 3778 2325 3845 cervicem,
2340 3777 2500 3830 modo
2512 3798 2667 3832 “ura

1645 3857 1889 3911 micantia
1912 3869 2087 3929 captat
2108 3883 2151 3907 n.

1716 3938 1833 4008 570.
1858 3939 2085 3998 Iuvenis,
2109 3935 2179 3989 de
2204 3937 2390 4009 quovis
2412 3933 2668 3990 bellatore

1640 4016 1853 4082 dicitur-3
1872 4016 1959 4068 bic
1974 4015 2043 4068 de
2060 4016 2529 4069 Hectore-Posito
2547 4035 2665 4076 ‹er-e,

1642 4094 1877 4167 deposita
1904 4095 2055 4166 galea
2082 4113 2238 4149 area.
