<?xml version="1.0" encoding="UTF-8"?>
<!DOCTYPE html PUBLIC "-//W3C//DTD XHTML 1.0 Transitional//EN"
    "http://www.w3.org/TR/xhtml1/DTD/xhtml1-transitional.dtd">
<html xmlns="http://www.w3.org/1999/xhtml" xml:lang="en" lang="en">
 <head>
  <title>
</title>
<meta http-equiv="Content-Type" content="text/html;charset=utf-8" />
  <meta name='ocr-system' content='tesseract 3.04.00' />
  <meta name='ocr-capabilities' content='ocr_page ocr_carea ocr_par ocr_line ocrx_word'/>
</head>
<body>
  <div class='ocr_page' id='page_1' title='image "./poetaelatinimin00unkngoog_0195.png"; bbox 0 0 2975 4684; ppageno 0'>
   <div class='ocr_carea' id='block_1_1' title="bbox 515 329 1900 406">
    <p class='ocr_par' dir='ltr' id='par_1_1' title="bbox 515 329 1900 406">
     <span class='ocr_line' id='line_1_1' title="bbox 515 329 1900 406; baseline 0.005 -6"><span class='ocrx_word' id='word_1_1' title='bbox 515 329 646 402; x_wconf 85' lang='lat'><strong>186</strong></span> <span class='ocrx_word' id='word_1_2' title='bbox 1234 334 1774 406; x_wconf 90' lang='lat' dir='ltr'>EXCURSUS</span> <span class='ocrx_word' id='word_1_3' title='bbox 1835 339 1900 406; x_wconf 88' lang='lat' dir='ltr'><strong>V</strong></span> 
     </span>
    </p>
   </div>
   <div class='ocr_carea' id='block_1_2' title="bbox 490 451 2636 4203">
    <p class='ocr_par' dir='ltr' id='par_1_2' title="bbox 490 451 2636 4203">
     <span class='ocr_line' id='line_1_2' title="bbox 501 451 2624 551; baseline 0.006 -35"><span class='ocrx_word' id='word_1_4' title='bbox 501 451 911 542; x_wconf 87' lang='lat' dir='ltr'><strong>significatur.</strong></span> <span class='ocrx_word' id='word_1_5' title='bbox 952 453 1239 518; x_wconf 86' lang='lat' dir='ltr'>Omnino</span> <span class='ocrx_word' id='word_1_6' title='bbox 1276 455 1439 518; x_wconf 90' lang='lat' dir='ltr'><strong>mihi</strong></span> <span class='ocrx_word' id='word_1_7' title='bbox 1472 455 1776 520; x_wconf 82' lang='lat' dir='ltr'><strong>videntur</strong></span> <span class='ocrx_word' id='word_1_8' title='bbox 1817 479 2029 546; x_wconf 84' lang='lat' dir='ltr'><strong>neque</strong></span> <span class='ocrx_word' id='word_1_9' title='bbox 2077 458 2388 550; x_wconf 79' lang='lat' dir='ltr'><strong>Scaliger,</strong></span> <span class='ocrx_word' id='word_1_10' title='bbox 2409 483 2624 551; x_wconf 86' lang='lat' dir='ltr'><strong>neque</strong></span> 
     </span>
     <span class='ocr_line' id='line_1_3' title="bbox 504 553 2626 640; baseline 0.005 -22"><span class='ocrx_word' id='word_1_11' title='bbox 504 553 833 636; x_wconf 89' lang='lat' dir='ltr'><strong>Gorallus,</strong></span> <span class='ocrx_word' id='word_1_12' title='bbox 866 554 999 618; x_wconf 82' lang='lat' dir='ltr'><strong>vim</strong></span> <span class='ocrx_word' id='word_1_13' title='bbox 1027 571 1230 620; x_wconf 88' lang='lat' dir='ltr'><strong>totam</strong></span> <span class='ocrx_word' id='word_1_14' title='bbox 1260 557 1610 620; x_wconf 81' lang='lat' dir='ltr'><strong>verborum</strong></span> <span class='ocrx_word' id='word_1_15' title='bbox 1639 557 1833 640; x_wconf 89' lang='lat' dir='ltr'><strong>hujus</strong></span> <span class='ocrx_word' id='word_1_16' title='bbox 1857 559 1987 624; x_wconf 91' lang='lat' dir='ltr'><strong>loci</strong></span> <span class='ocrx_word' id='word_1_17' title='bbox 2018 576 2191 624; x_wconf 87' lang='lat' dir='ltr'><strong>recte</strong></span> <span class='ocrx_word' id='word_1_18' title='bbox 2207 561 2428 626; x_wconf 89' lang='lat' dir='ltr'><strong>animo</strong></span> <span class='ocrx_word' id='word_1_19' title='bbox 2445 585 2626 628; x_wconf 88' lang='lat' dir='ltr'><strong>com·</strong></span> 
     </span>
     <span class='ocr_line' id='line_1_4' title="bbox 500 653 2624 748; baseline 0.005 -30"><span class='ocrx_word' id='word_1_20' title='bbox 500 656 689 744; x_wconf 87' lang='lat' dir='ltr'>plexi.</span> <span class='ocrx_word' id='word_1_21' title='bbox 747 657 1062 722; x_wconf 75' lang='lat' dir='ltr'><strong><em>Numerus</em></strong></span> <span class='ocrx_word' id='word_1_22' title='bbox 1095 653 1359 744; x_wconf 86' lang='lat' dir='ltr'><strong>quidem</strong></span> <span class='ocrx_word' id='word_1_23' title='bbox 1392 657 1473 722; x_wconf 88' lang='lat' dir='ltr'><strong>ab</strong></span> <span class='ocrx_word' id='word_1_24' title='bbox 1506 673 1769 724; x_wconf 84' lang='lat' dir='ltr'><strong>auctore</strong></span> <span class='ocrx_word' id='word_1_25' title='bbox 1802 682 1876 724; x_wconf 90' lang='lat' dir='ltr'><strong>ea</strong></span> <span class='ocrx_word' id='word_1_26' title='bbox 1930 659 2395 748; x_wconf 84' lang='lat' dir='ltr'><strong>significatione</strong></span> <span class='ocrx_word' id='word_1_27' title='bbox 2453 665 2624 728; x_wconf 89' lang='lat' dir='ltr'><strong>sumi</strong></span> 
     </span>
     <span class='ocr_line' id='line_1_5' title="bbox 502 757 2628 851; baseline 0.005 -31"><span class='ocrx_word' id='word_1_28' title='bbox 502 757 761 822; x_wconf 87' lang='lat' dir='ltr'><strong>videtur</strong></span> <span class='ocrx_word' id='word_1_29' title='bbox 778 807 797 838; x_wconf 96' lang='lat'><strong>,</strong></span> <span class='ocrx_word' id='word_1_30' title='bbox 843 781 972 845; x_wconf 89' lang='lat' dir='ltr'><strong>qua</strong></span> <span class='ocrx_word' id='word_1_31' title='bbox 1007 759 1352 847; x_wconf 85' lang='lat' dir='ltr'><strong>scriptores</strong></span> <span class='ocrx_word' id='word_1_32' title='bbox 1401 759 1680 824; x_wconf 87' lang='lat' dir='ltr'><strong>Romani</strong></span> <span class='ocrx_word' id='word_1_33' title='bbox 1731 777 2046 851; x_wconf 82' lang='lat' dir='ltr'><strong>argenteae</strong></span> <span class='ocrx_word' id='word_1_34' title='bbox 2077 764 2277 828; x_wconf 85' lang='lat' dir='ltr'><strong>aetatis</strong></span> <span class='ocrx_word' id='word_1_35' title='bbox 2329 764 2628 832; x_wconf 87' lang='lat' dir='ltr'><strong>solebant</strong></span> 
     </span>
     <span class='ocr_line' id='line_1_6' title="bbox 501 858 2626 948; baseline 0.003 -25"><span class='ocrx_word' id='word_1_36' title='bbox 501 858 802 924; x_wconf 79' lang='lat' dir='ltr'><strong>cohortes</strong></span> <span class='ocrx_word' id='word_1_37' title='bbox 816 907 837 941; x_wconf 94' lang='lat'><strong>,</strong></span> <span class='ocrx_word' id='word_1_38' title='bbox 854 859 1216 948; x_wconf 86' lang='lat' dir='ltr'><strong>manipulos</strong></span> <span class='ocrx_word' id='word_1_39' title='bbox 1232 909 1251 944; x_wconf 90' lang='lat'><strong>,</strong></span> <span class='ocrx_word' id='word_1_40' title='bbox 1277 860 1526 948; x_wconf 84' lang='lat' dir='ltr'><strong>aliaque</strong></span> <span class='ocrx_word' id='word_1_41' title='bbox 1545 861 1822 928; x_wconf 87' lang='lat' dir='ltr'><strong>militum</strong></span> <span class='ocrx_word' id='word_1_42' title='bbox 1835 873 2168 944; x_wconf 71' lang='grc' dir='ltr'><strong>συντάγματι</strong></span> <span class='ocrx_word' id='word_1_43' title='bbox 2193 885 2500 928; x_wconf 87' lang='lat' dir='ltr'><strong>numeros</strong></span> <span class='ocrx_word' id='word_1_44' title='bbox 2525 865 2626 930; x_wconf 86' lang='lat' dir='ltr'><strong>‹li-</strong></span> 
     </span>
     <span class='ocr_line' id='line_1_7' title="bbox 500 961 2624 1050; baseline 0.004 -26"><span class='ocrx_word' id='word_1_45' title='bbox 500 982 679 1043; x_wconf 87' lang='lat' dir='ltr'><strong>cere,</strong></span> <span class='ocrx_word' id='word_1_46' title='bbox 714 961 891 1026; x_wconf 90' lang='lat' dir='ltr'><strong>unde</strong></span> <span class='ocrx_word' id='word_1_47' title='bbox 919 977 985 1025; x_wconf 89' lang='lat' dir='ltr'><strong>et</strong></span> <span class='ocrx_word' id='word_1_48' title='bbox 1014 977 1345 1027; x_wconf 84' lang='lat' dir='ltr'><strong>auctorem</strong></span> <span class='ocrx_word' id='word_1_49' title='bbox 1376 961 1589 1028; x_wconf 80' lang='lat' dir='ltr'><strong>AEtnae</strong></span> <span class='ocrx_word' id='word_1_50' title='bbox 1621 987 1702 1028; x_wconf 80' lang='lat' dir='ltr'><strong>ex</strong></span> <span class='ocrx_word' id='word_1_51' title='bbox 1732 987 1806 1028; x_wconf 84' lang='lat' dir='ltr'><strong>ea</strong></span> <span class='ocrx_word' id='word_1_52' title='bbox 1837 979 2020 1030; x_wconf 84' lang='lat' dir='ltr'><strong>aetate</strong></span> <span class='ocrx_word' id='word_1_53' title='bbox 2051 966 2246 1030; x_wconf 85' lang='lat' dir='ltr'><strong>fuisse</strong></span> <span class='ocrx_word' id='word_1_54' title='bbox 2278 965 2576 1032; x_wconf 80' lang='lat' dir='ltr'><strong>existimo</strong></span> <span class='ocrx_word' id='word_1_55' title='bbox 2603 1017 2624 1050; x_wconf 92' lang='lat'><strong>,</strong></span> 
     </span>
     <span class='ocr_line' id='line_1_8' title="bbox 502 1063 2628 1150; baseline 0.003 -25"><span class='ocrx_word' id='word_1_56' title='bbox 502 1084 634 1125; x_wconf 92' lang='lat' dir='ltr'><strong>non</strong></span> <span class='ocrx_word' id='word_1_57' title='bbox 660 1085 739 1126; x_wconf 84' lang='lat' dir='ltr'><strong>ex</strong></span> <span class='ocrx_word' id='word_1_58' title='bbox 761 1086 952 1128; x_wconf 88' lang='lat' dir='ltr'><strong>aurea</strong></span> <span class='ocrx_word' id='word_1_59' title='bbox 970 1111 988 1144; x_wconf 98' lang='lat'><strong>,</strong></span> <span class='ocrx_word' id='word_1_60' title='bbox 1022 1085 1149 1150; x_wconf 87' lang='lat' dir='ltr'><strong>qua</strong></span> <span class='ocrx_word' id='word_1_61' title='bbox 1172 1063 1512 1128; x_wconf 89' lang='lat' dir='ltr'><strong>Cornelius</strong></span> <span class='ocrx_word' id='word_1_62' title='bbox 1541 1065 1813 1130; x_wconf 76' lang='lat' dir='ltr'><strong>Severus</strong></span> <span class='ocrx_word' id='word_1_63' title='bbox 1841 1065 2021 1130; x_wconf 85' lang='lat' dir='ltr'><strong>vixit.</strong></span> <span class='ocrx_word' id='word_1_64' title='bbox 2054 1067 2147 1130; x_wconf 89' lang='lat' dir='ltr'><strong>Ea</strong></span> <span class='ocrx_word' id='word_1_65' title='bbox 2168 1076 2323 1130; x_wconf 81' lang='lat' dir='ltr'><strong>vero</strong></span> <span class='ocrx_word' id='word_1_66' title='bbox 2355 1069 2628 1132; x_wconf 87' lang='lat' dir='ltr'><strong>notione</strong></span> 
     </span>
     <span class='ocr_line' id='line_1_9' title="bbox 500 1164 2628 1256; baseline 0.003 -30"><span class='ocrx_word' id='word_1_67' title='bbox 500 1187 829 1228; x_wconf 78' lang='lat' dir='ltr'><strong>numerum</strong></span> <span class='ocrx_word' id='word_1_68' title='bbox 850 1164 1079 1230; x_wconf 83' lang='lat' dir='ltr'><strong>tribuit</strong></span> <span class='ocrx_word' id='word_1_69' title='bbox 1097 1166 1344 1253; x_wconf 91' lang='lat' dir='ltr'><strong>populo</strong></span> <span class='ocrx_word' id='word_1_70' title='bbox 1368 1165 1684 1254; x_wconf 87' lang='lat' dir='ltr'><strong>Spartano</strong></span> <span class='ocrx_word' id='word_1_71' title='bbox 1705 1183 2048 1256; x_wconf 88' lang='lat' dir='ltr'><strong>propterea</strong></span> <span class='ocrx_word' id='word_1_72' title='bbox 2063 1215 2082 1248; x_wconf 94' lang='lat'><strong>,</strong></span> <span class='ocrx_word' id='word_1_73' title='bbox 2109 1165 2289 1254; x_wconf 91' lang='lat' dir='ltr'><strong>quod</strong></span> <span class='ocrx_word' id='word_1_74' title='bbox 2316 1165 2421 1232; x_wconf 89' lang='lat' dir='ltr'><strong>ille</strong></span> <span class='ocrx_word' id='word_1_75' title='bbox 2443 1183 2628 1233; x_wconf 87' lang='lat' dir='ltr'><strong>totus</strong></span> 
     </span>
     <span class='ocr_line' id='line_1_10' title="bbox 497 1265 2626 1352; baseline 0.003 -24"><span class='ocrx_word' id='word_1_76' title='bbox 497 1287 577 1328; x_wconf 85' lang='lat' dir='ltr'><strong>ex</strong></span> <span class='ocrx_word' id='word_1_77' title='bbox 604 1267 890 1330; x_wconf 88' lang='lat' dir='ltr'><strong>numeris</strong></span> <span class='ocrx_word' id='word_1_78' title='bbox 907 1313 924 1348; x_wconf 93' lang='lat'><strong>,</strong></span> <span class='ocrx_word' id='word_1_79' title='bbox 954 1265 1023 1330; x_wconf 86' lang='lat' dir='ltr'><strong>h.</strong></span> <span class='ocrx_word' id='word_1_80' title='bbox 1072 1289 1129 1330; x_wconf 88' lang='lat' dir='ltr'><strong>e.</strong></span> <span class='ocrx_word' id='word_1_81' title='bbox 1161 1267 1350 1332; x_wconf 79' lang='lat' dir='ltr'><strong>variis</strong></span> <span class='ocrx_word' id='word_1_82' title='bbox 1394 1267 1702 1332; x_wconf 86' lang='lat' dir='ltr'><strong>classibus</strong></span> <span class='ocrx_word' id='word_1_83' title='bbox 1735 1284 1800 1332; x_wconf 90' lang='lat' dir='ltr'><strong>et</strong></span> <span class='ocrx_word' id='word_1_84' title='bbox 1829 1269 2214 1333; x_wconf 86' lang='lat' dir='ltr'><strong>cohortibus</strong></span> <span class='ocrx_word' id='word_1_85' title='bbox 2245 1270 2591 1350; x_wconf 81' lang='lat' dir='ltr'><strong>constabat</strong></span> <span class='ocrx_word' id='word_1_86' title='bbox 2605 1319 2626 1352; x_wconf 92' lang='lat'><strong>,</strong></span> 
     </span>
     <span class='ocr_line' id='line_1_11' title="bbox 499 1367 2628 1459; baseline 0.001 -28"><span class='ocrx_word' id='word_1_87' title='bbox 499 1384 563 1431; x_wconf 88' lang='lat' dir='ltr'><strong>et</strong></span> <span class='ocrx_word' id='word_1_88' title='bbox 600 1367 683 1432; x_wconf 86' lang='lat' dir='ltr'><strong>ad</strong></span> <span class='ocrx_word' id='word_1_89' title='bbox 730 1390 925 1432; x_wconf 85' lang='lat' dir='ltr'><strong>usum</strong></span> <span class='ocrx_word' id='word_1_90' title='bbox 976 1390 1049 1432; x_wconf 89' lang='lat' dir='ltr'><strong>ac</strong></span> <span class='ocrx_word' id='word_1_91' title='bbox 1086 1367 1490 1457; x_wconf 84' lang='lat' dir='ltr'><strong>disciplinam</strong></span> <span class='ocrx_word' id='word_1_92' title='bbox 1534 1369 1687 1433; x_wconf 88' lang='lat' dir='ltr'><strong>belli</strong></span> <span class='ocrx_word' id='word_1_93' title='bbox 1724 1369 1973 1459; x_wconf 89' lang='lat' dir='ltr'><strong>legibus</strong></span> <span class='ocrx_word' id='word_1_94' title='bbox 2008 1385 2075 1433; x_wconf 90' lang='lat' dir='ltr'><strong>et</strong></span> <span class='ocrx_word' id='word_1_95' title='bbox 2122 1369 2435 1436; x_wconf 89' lang='lat' dir='ltr'><strong>institutis</strong></span> <span class='ocrx_word' id='word_1_96' title='bbox 2492 1372 2628 1435; x_wconf 86' lang='lat' dir='ltr'><strong>suis</strong></span> 
     </span>
     <span class='ocr_line' id='line_1_12' title="bbox 498 1467 2628 1556; baseline 0.004 -26"><span class='ocrx_word' id='word_1_97' title='bbox 498 1483 634 1531; x_wconf 87' lang='lat' dir='ltr'><strong>erat</strong></span> <span class='ocrx_word' id='word_1_98' title='bbox 686 1467 1105 1556; x_wconf 85' lang='lat' dir='ltr'><strong>compositus.</strong></span> <span class='ocrx_word' id='word_1_99' title='bbox 1156 1469 1411 1534; x_wconf 87' lang='lat' dir='ltr'><strong>Scilicet</strong></span> <span class='ocrx_word' id='word_1_100' title='bbox 1456 1491 1593 1532; x_wconf 90' lang='lat' dir='ltr'><strong>non</strong></span> <span class='ocrx_word' id='word_1_101' title='bbox 1629 1470 1847 1535; x_wconf 89' lang='lat' dir='ltr'><strong>solum</strong></span> <span class='ocrx_word' id='word_1_102' title='bbox 1899 1471 2214 1536; x_wconf 87' lang='lat' dir='ltr'><strong>exercitus</strong></span> <span class='ocrx_word' id='word_1_103' title='bbox 2269 1473 2628 1538; x_wconf 89' lang='lat' dir='ltr'><strong>instructus</strong></span> 
     </span>
     <span class='ocr_line' id='line_1_13' title="bbox 496 1569 2630 1660; baseline 0.003 -29"><span class='ocrx_word' id='word_1_104' title='bbox 496 1569 971 1634; x_wconf 86' lang='lat' dir='ltr'><strong>accuratissime</strong></span> <span class='ocrx_word' id='word_1_105' title='bbox 1005 1571 1073 1634; x_wconf 89' lang='lat' dir='ltr'><strong>in</strong></span> <span class='ocrx_word' id='word_1_106' title='bbox 1109 1571 1379 1652; x_wconf 83' lang='lat' dir='ltr'><strong>majores</strong></span> <span class='ocrx_word' id='word_1_107' title='bbox 1413 1571 1834 1659; x_wconf 86' lang='lat' dir='ltr'><strong>minoresque</strong></span> <span class='ocrx_word' id='word_1_108' title='bbox 1870 1569 2167 1654; x_wconf 85' lang='lat' dir='ltr'><strong>ordines,</strong></span> <span class='ocrx_word' id='word_1_109' title='bbox 2200 1575 2443 1660; x_wconf 81' lang='lat' dir='ltr'><strong>quibus</strong></span> <span class='ocrx_word' id='word_1_110' title='bbox 2489 1575 2630 1638; x_wconf 88' lang='lat' dir='ltr'><strong>sin-</strong></span> 
     </span>
     <span class='ocr_line' id='line_1_14' title="bbox 493 1669 2633 1762; baseline 0.001 -28"><span class='ocrx_word' id='word_1_111' title='bbox 493 1669 660 1760; x_wconf 88' lang='lat' dir='ltr'><strong>gulis</strong></span> <span class='ocrx_word' id='word_1_112' title='bbox 674 1669 775 1734; x_wconf 92' lang='lat' dir='ltr'><strong>sui</strong></span> <span class='ocrx_word' id='word_1_113' title='bbox 801 1669 999 1737; x_wconf 87' lang='lat' dir='ltr'><strong>duces</strong></span> <span class='ocrx_word' id='word_1_114' title='bbox 1028 1687 1094 1736; x_wconf 88' lang='lat' dir='ltr'><strong>et</strong></span> <span class='ocrx_word' id='word_1_115' title='bbox 1117 1689 1395 1738; x_wconf 88' lang='lat' dir='ltr'><strong>rectores</strong></span> <span class='ocrx_word' id='word_1_116' title='bbox 1412 1687 1760 1762; x_wconf 82' lang='lat' dir='ltr'><strong>praeerant,</strong></span> <span class='ocrx_word' id='word_1_117' title='bbox 1791 1688 1870 1737; x_wconf 90' lang='lat' dir='ltr'><strong>ut</strong></span> <span class='ocrx_word' id='word_1_118' title='bbox 1896 1673 1965 1737; x_wconf 92' lang='lat' dir='ltr'><strong>in</strong></span> <span class='ocrx_word' id='word_1_119' title='bbox 1991 1684 2144 1754; x_wconf 75' lang='grc' dir='ltr'><strong>μόρας</strong></span> <span class='ocrx_word' id='word_1_120' title='bbox 2168 1717 2185 1746; x_wconf 91' lang='grc'><strong>,</strong></span> <span class='ocrx_word' id='word_1_121' title='bbox 2208 1685 2381 1752; x_wconf 80' lang='grc' dir='ltr'>λόχους</span> <span class='ocrx_word' id='word_1_122' title='bbox 2398 1722 2416 1750; x_wconf 86' lang='grc'><strong>,</strong></span> <span class='ocrx_word' id='word_1_123' title='bbox 2443 1705 2633 1742; x_wconf 60' lang='lat' dir='ltr'><strong>mvn.</strong></span> 
     </span>
     <span class='ocr_line' id='line_1_15' title="bbox 499 1771 2630 1862; baseline 0.004 -30"><span class='ocrx_word' id='word_1_124' title='bbox 499 1781 714 1841; x_wconf 70' lang='grc' dir='ltr'><strong>κοστὺας</strong></span> <span class='ocrx_word' id='word_1_125' title='bbox 747 1787 814 1836; x_wconf 90' lang='lat' dir='ltr'><strong>et</strong></span> <span class='ocrx_word' id='word_1_126' title='bbox 836 1771 1389 1854; x_wconf 63' lang='grc' dir='ltr'><strong>ὶνωμοτὶὰς,&lt;1ἰνίειιε</strong></span> <span class='ocrx_word' id='word_1_127' title='bbox 1422 1793 1591 1858; x_wconf 84' lang='lat' dir='ltr'><strong>erat,</strong></span> <span class='ocrx_word' id='word_1_128' title='bbox 1629 1771 1744 1840; x_wconf 88' lang='lat' dir='ltr'><strong>sed</strong></span> <span class='ocrx_word' id='word_1_129' title='bbox 1773 1775 1912 1862; x_wconf 88' lang='lat' dir='ltr'><strong>ipsa</strong></span> <span class='ocrx_word' id='word_1_130' title='bbox 1943 1773 2135 1840; x_wconf 80' lang='lat' dir='ltr'><strong>etiam</strong></span> <span class='ocrx_word' id='word_1_131' title='bbox 2163 1773 2381 1840; x_wconf 77' lang='lat' dir='ltr'><strong>civitas</strong></span> <span class='ocrx_word' id='word_1_132' title='bbox 2412 1776 2482 1839; x_wconf 89' lang='lat' dir='ltr'><strong>in</strong></span> <span class='ocrx_word' id='word_1_133' title='bbox 2522 1799 2630 1840; x_wconf 86' lang='lat' dir='ltr'><strong>eas</strong></span> 
     </span>
     <span class='ocr_line' id='line_1_16' title="bbox 498 1873 2636 1964; baseline 0.001 -26"><span class='ocrx_word' id='word_1_134' title='bbox 498 1873 727 1939; x_wconf 84' lang='lat' dir='ltr'><strong>classes</strong></span> <span class='ocrx_word' id='word_1_135' title='bbox 768 1890 833 1938; x_wconf 90' lang='lat' dir='ltr'><strong>et</strong></span> <span class='ocrx_word' id='word_1_136' title='bbox 875 1889 1158 1939; x_wconf 84' lang='lat' dir='ltr'><strong>catervas</strong></span> <span class='ocrx_word' id='word_1_137' title='bbox 1208 1875 1510 1941; x_wconf 88' lang='lat' dir='ltr'><strong>distincta</strong></span> <span class='ocrx_word' id='word_1_138' title='bbox 1530 1925 1549 1960; x_wconf 95' lang='lat'><strong>,</strong></span> <span class='ocrx_word' id='word_1_139' title='bbox 1600 1899 1744 1964; x_wconf 84' lang='lat' dir='ltr'><strong>quae</strong></span> <span class='ocrx_word' id='word_1_140' title='bbox 1783 1875 2031 1941; x_wconf 86' lang='lat' dir='ltr'><strong>civibus</strong></span> <span class='ocrx_word' id='word_1_141' title='bbox 2073 1877 2142 1940; x_wconf 91' lang='lat' dir='ltr'><strong>in</strong></span> <span class='ocrx_word' id='word_1_142' title='bbox 2188 1875 2482 1941; x_wconf 89' lang='lat' dir='ltr'><strong>militiam</strong></span> <span class='ocrx_word' id='word_1_143' title='bbox 2525 1875 2636 1942; x_wconf 91' lang='lat' dir='ltr'><strong>de-</strong></span> 
     </span>
     <span class='ocr_line' id='line_1_17' title="bbox 498 1975 2633 2065; baseline 0 -25"><span class='ocrx_word' id='word_1_144' title='bbox 498 1975 857 2040; x_wconf 88' lang='lat' dir='ltr'><strong>scribendis</strong></span> <span class='ocrx_word' id='word_1_145' title='bbox 886 1991 951 2039; x_wconf 89' lang='lat' dir='ltr'><strong>et</strong></span> <span class='ocrx_word' id='word_1_146' title='bbox 978 1975 1379 2042; x_wconf 84' lang='lat' dir='ltr'><strong>instruendis</strong></span> <span class='ocrx_word' id='word_1_147' title='bbox 1398 1977 1804 2042; x_wconf 85' lang='lat' dir='ltr'><strong>inservirent.</strong></span> <span class='ocrx_word' id='word_1_148' title='bbox 1831 1977 2037 2040; x_wconf 86' lang='lat' dir='ltr'><strong>Erant</strong></span> <span class='ocrx_word' id='word_1_149' title='bbox 2063 1976 2361 2065; x_wconf 84' lang='lat' dir='ltr'><strong>inprimis</strong></span> <span class='ocrx_word' id='word_1_150' title='bbox 2398 1977 2633 2041; x_wconf 81' lang='lat' dir='ltr'><strong>diversi</strong></span> 
     </span>
     <span class='ocr_line' id='line_1_18' title="bbox 499 2075 2632 2168; baseline -0 -26"><span class='ocrx_word' id='word_1_151' title='bbox 499 2075 762 2142; x_wconf 89' lang='lat' dir='ltr'><strong>ordines</strong></span> <span class='ocrx_word' id='word_1_152' title='bbox 794 2099 912 2166; x_wconf 89' lang='lat' dir='ltr'><strong>per</strong></span> <span class='ocrx_word' id='word_1_153' title='bbox 940 2077 1176 2168; x_wconf 81' lang='lat' dir='ltr'><strong>gradus</strong></span> <span class='ocrx_word' id='word_1_154' title='bbox 1199 2094 1460 2143; x_wconf 83' lang='lat' dir='ltr'><strong>aetatum</strong></span> <span class='ocrx_word' id='word_1_155' title='bbox 1498 2079 1837 2166; x_wconf 88' lang='lat' dir='ltr'><strong>descripti,</strong></span> <span class='ocrx_word' id='word_1_156' title='bbox 1869 2094 1946 2142; x_wconf 89' lang='lat' dir='ltr'><strong>ut</strong></span> <span class='ocrx_word' id='word_1_157' title='bbox 1961 2093 2316 2166; x_wconf 83' lang='lat' dir='ltr'><strong>puerorum</strong></span> <span class='ocrx_word' id='word_1_158' title='bbox 2335 2127 2353 2160; x_wconf 95' lang='lat'><strong>,</strong></span> <span class='ocrx_word' id='word_1_159' title='bbox 2386 2077 2500 2166; x_wconf 83' lang='lat' dir='ltr'><strong>qui</strong></span> <span class='ocrx_word' id='word_1_160' title='bbox 2527 2101 2632 2141; x_wconf 88' lang='lat' dir='ltr'><strong>se-</strong></span> 
     </span>
     <span class='ocr_line' id='line_1_19' title="bbox 497 2179 2630 2270; baseline 0 -27"><span class='ocrx_word' id='word_1_161' title='bbox 497 2197 771 2268; x_wconf 90' lang='lat' dir='ltr'><strong>ptennes</strong></span> <span class='ocrx_word' id='word_1_162' title='bbox 802 2179 957 2242; x_wconf 87' lang='lat' dir='ltr'><strong>facti</strong></span> <span class='ocrx_word' id='word_1_163' title='bbox 976 2179 1043 2241; x_wconf 91' lang='lat' dir='ltr'><strong>in</strong></span> <span class='ocrx_word' id='word_1_164' title='bbox 1076 2189 1255 2260; x_wconf 73' lang='grc' dir='ltr'><strong>ἀγίλοις</strong></span> <span class='ocrx_word' id='word_1_165' title='bbox 1275 2233 1293 2262; x_wconf 88' lang='grc'><em>,</em></span> <span class='ocrx_word' id='word_1_166' title='bbox 1320 2205 1436 2246; x_wconf 90' lang='lat' dir='ltr'><strong>seu</strong></span> <span class='ocrx_word' id='word_1_167' title='bbox 1460 2185 1689 2247; x_wconf 88' lang='lat' dir='ltr'><strong>classes</strong></span> <span class='ocrx_word' id='word_1_168' title='bbox 1711 2181 1989 2270; x_wconf 86' lang='lat' dir='ltr'><strong>pueriles</strong></span> <span class='ocrx_word' id='word_1_169' title='bbox 2005 2231 2023 2265; x_wconf 94' lang='lat'><strong>,</strong></span> <span class='ocrx_word' id='word_1_170' title='bbox 2039 2180 2630 2245; x_wconf 87' lang='lat' dir='ltr'><strong>distribuebantur:</strong></span> 
     </span>
     <span class='ocr_line' id='line_1_20' title="bbox 496 2280 2632 2374; baseline -0 -27"><span class='ocrx_word' id='word_1_171' title='bbox 496 2281 936 2371; x_wconf 88' lang='lat' dir='ltr'><strong>epheborum,</strong></span> <span class='ocrx_word' id='word_1_172' title='bbox 984 2301 1019 2342; x_wconf 87' lang='lat' dir='ltr'><strong>e</strong></span> <span class='ocrx_word' id='word_1_173' title='bbox 1078 2282 1316 2370; x_wconf 89' lang='lat' dir='ltr'><strong>quibus</strong></span> <span class='ocrx_word' id='word_1_174' title='bbox 1370 2283 1483 2374; x_wconf 87' lang='lat' dir='ltr'><strong>qui</strong></span> <span class='ocrx_word' id='word_1_175' title='bbox 1533 2280 1806 2349; x_wconf 85' lang='lat' dir='ltr'><strong>alterum</strong></span> <span class='ocrx_word' id='word_1_176' title='bbox 1847 2283 1978 2364; x_wconf 86' lang='lat' dir='ltr'><strong>jam</strong></span> <span class='ocrx_word' id='word_1_177' title='bbox 2034 2305 2281 2346; x_wconf 88' lang='lat' dir='ltr'><strong>annum</strong></span> <span class='ocrx_word' id='word_1_178' title='bbox 2331 2305 2367 2347; x_wconf 89' lang='lat' dir='ltr'><strong>e</strong></span> <span class='ocrx_word' id='word_1_179' title='bbox 2411 2283 2632 2371; x_wconf 89' lang='lat' dir='ltr'><strong>pueris</strong></span> 
     </span>
     <span class='ocr_line' id='line_1_21' title="bbox 492 2385 2632 2474; baseline 0 -26"><span class='ocrx_word' id='word_1_180' title='bbox 492 2385 727 2474; x_wconf 84' lang='lat' dir='ltr'><strong>egressi</strong></span> <span class='ocrx_word' id='word_1_181' title='bbox 748 2401 962 2462; x_wconf 88' lang='lat' dir='ltr'><strong>erant,</strong></span> <span class='ocrx_word' id='word_1_182' title='bbox 1004 2399 1173 2466; x_wconf 72' lang='grc' dir='ltr'>ιῗρενις</span> <span class='ocrx_word' id='word_1_183' title='bbox 1184 2385 1603 2464; x_wconf 84' lang='lat' dir='ltr'><strong>vocabantur,</strong></span> <span class='ocrx_word' id='word_1_184' title='bbox 1623 2385 2007 2450; x_wconf 77' lang='lat' dir='ltr'><strong>et&#39;ductores</strong></span> <span class='ocrx_word' id='word_1_185' title='bbox 2027 2407 2382 2473; x_wconf 89' lang='lat' dir='ltr'><strong>puerorum</strong></span> <span class='ocrx_word' id='word_1_186' title='bbox 2412 2399 2632 2466; x_wconf 82' lang='lat' dir='ltr'><strong>erant3</strong></span> 
     </span>
     <span class='ocr_line' id='line_1_22' title="bbox 496 2485 2632 2578; baseline -0.001 -27"><span class='ocrx_word' id='word_1_187' title='bbox 496 2485 779 2573; x_wconf 87' lang='lat' dir='ltr'><strong>denique</strong></span> <span class='ocrx_word' id='word_1_188' title='bbox 823 2489 1123 2578; x_wconf 77' lang='lat' dir='ltr'><strong>legitimae</strong></span> <span class='ocrx_word' id='word_1_189' title='bbox 1164 2488 1365 2552; x_wconf 82' lang='lat' dir='ltr'><strong>aetatis</strong></span> <span class='ocrx_word' id='word_1_190' title='bbox 1394 2537 1413 2571; x_wconf 94' lang='lat'><strong>,</strong></span> <span class='ocrx_word' id='word_1_191' title='bbox 1448 2511 1576 2575; x_wconf 90' lang='lat' dir='ltr'><strong>qua</strong></span> <span class='ocrx_word' id='word_1_192' title='bbox 1609 2488 1780 2551; x_wconf 87' lang='lat' dir='ltr'><strong>inter</strong></span> <span class='ocrx_word' id='word_1_193' title='bbox 1814 2486 1986 2550; x_wconf 81' lang='lat' dir='ltr'><strong>viros</strong></span> <span class='ocrx_word' id='word_1_194' title='bbox 2043 2485 2502 2566; x_wconf 84' lang='lat' dir='ltr'><strong>censebantur,</strong></span> <span class='ocrx_word' id='word_1_195' title='bbox 2534 2500 2632 2566; x_wconf 88' lang='lat' dir='ltr'><strong>et,</strong></span> 
     </span>
     <span class='ocr_line' id='line_1_23' title="bbox 496 2586 2632 2679; baseline -0.001 -27"><span class='ocrx_word' id='word_1_196' title='bbox 496 2612 640 2678; x_wconf 81' lang='lat' dir='ltr'><strong>quoe</strong></span> <span class='ocrx_word' id='word_1_197' title='bbox 669 2591 961 2655; x_wconf 85' lang='lat' dir='ltr'><strong>virorum</strong></span> <span class='ocrx_word' id='word_1_198' title='bbox 992 2607 1176 2655; x_wconf 87' lang='lat' dir='ltr'><strong>erant</strong></span> <span class='ocrx_word' id='word_1_199' title='bbox 1198 2639 1215 2672; x_wconf 94' lang='lat'><strong>,</strong></span> <span class='ocrx_word' id='word_1_200' title='bbox 1254 2613 1474 2679; x_wconf 86' lang='lat' dir='ltr'><strong>gerere</strong></span> <span class='ocrx_word' id='word_1_201' title='bbox 1523 2605 1841 2677; x_wconf 86' lang='lat' dir='ltr'><strong>poterant.</strong></span> <span class='ocrx_word' id='word_1_202' title='bbox 1888 2589 2087 2654; x_wconf 87' lang='lat' dir='ltr'><strong>Senes</strong></span> <span class='ocrx_word' id='word_1_203' title='bbox 2117 2586 2632 2652; x_wconf 86' lang='lat' dir='ltr'><strong>adolescentium</strong></span> 
     </span>
     <span class='ocr_line' id='line_1_24' title="bbox 494 2689 2632 2782; baseline -0.002 -27"><span class='ocrx_word' id='word_1_204' title='bbox 494 2715 717 2756; x_wconf 90' lang='lat' dir='ltr'><strong>curam</strong></span> <span class='ocrx_word' id='word_1_205' title='bbox 736 2693 1047 2782; x_wconf 85' lang='lat' dir='ltr'><strong>gerebant</strong></span> <span class='ocrx_word' id='word_1_206' title='bbox 1061 2742 1080 2775; x_wconf 95' lang='lat'><strong>,</strong></span> <span class='ocrx_word' id='word_1_207' title='bbox 1105 2691 1356 2757; x_wconf 89' lang='lat' dir='ltr'><strong>assidue</strong></span> <span class='ocrx_word' id='word_1_208' title='bbox 1378 2693 1447 2756; x_wconf 91' lang='lat' dir='ltr'><strong>in</strong></span> <span class='ocrx_word' id='word_1_209' title='bbox 1470 2692 1815 2782; x_wconf 81' lang='lat' dir='ltr'><strong>gymnasiis</strong></span> <span class='ocrx_word' id='word_1_210' title='bbox 1835 2706 2203 2754; x_wconf 85' lang='lat' dir='ltr'><strong>exercentes</strong></span> <span class='ocrx_word' id='word_1_211' title='bbox 2225 2704 2290 2753; x_wconf 89' lang='lat' dir='ltr'><strong>et</strong></span> <span class='ocrx_word' id='word_1_212' title='bbox 2315 2689 2632 2753; x_wconf 83' lang='lat' dir='ltr'><strong>dimican-</strong></span> 
     </span>
     <span class='ocr_line' id='line_1_25' title="bbox 496 2790 2634 2884; baseline -0.003 -25"><span class='ocrx_word' id='word_1_213' title='bbox 496 2810 592 2859; x_wconf 81' lang='lat' dir='ltr'><strong>tes</strong></span> <span class='ocrx_word' id='word_1_214' title='bbox 610 2795 1005 2884; x_wconf 85' lang='lat' dir='ltr'><strong>spectabant,</strong></span> <span class='ocrx_word' id='word_1_215' title='bbox 1023 2795 1461 2884; x_wconf 85' lang='lat' dir='ltr'><strong>corrigebant,</strong></span> <span class='ocrx_word' id='word_1_216' title='bbox 1481 2794 1898 2884; x_wconf 86' lang='lat' dir='ltr'><strong>castigabant,</strong></span> <span class='ocrx_word' id='word_1_217' title='bbox 1914 2815 2112 2882; x_wconf 89' lang='lat' dir='ltr'><strong>seque</strong></span> <span class='ocrx_word' id='word_1_218' title='bbox 2131 2791 2431 2855; x_wconf 89' lang='lat' dir='ltr'><strong>omnium</strong></span> <span class='ocrx_word' id='word_1_219' title='bbox 2450 2790 2634 2853; x_wconf 81' lang='lat' dir='ltr'><strong>velut</strong></span> 
     </span>
     <span class='ocr_line' id='line_1_26' title="bbox 494 2891 2632 2989; baseline -0.003 -29"><span class='ocrx_word' id='word_1_220' title='bbox 494 2913 707 2986; x_wconf 89' lang='lat' dir='ltr'><strong>patres</strong></span> <span class='ocrx_word' id='word_1_221' title='bbox 726 2947 743 2980; x_wconf 95' lang='lat'><strong>,</strong></span> <span class='ocrx_word' id='word_1_222' title='bbox 774 2899 1112 2989; x_wconf 85' lang='lat' dir='ltr'><strong>magistros</strong></span> <span class='ocrx_word' id='word_1_223' title='bbox 1144 2914 1210 2962; x_wconf 90' lang='lat' dir='ltr'><strong>et</strong></span> <span class='ocrx_word' id='word_1_224' title='bbox 1256 2913 1539 2962; x_wconf 88' lang='lat' dir='ltr'><strong>rectores</strong></span> <span class='ocrx_word' id='word_1_225' title='bbox 1572 2896 1964 2986; x_wconf 77' lang='lat' dir='ltr'><strong>praebebant.</strong></span> <span class='ocrx_word' id='word_1_226' title='bbox 1999 2896 2214 2959; x_wconf 90' lang='lat' dir='ltr'><strong>Immo</strong></span> <span class='ocrx_word' id='word_1_227' title='bbox 2251 2909 2316 2957; x_wconf 89' lang='lat' dir='ltr'><strong>et</strong></span> <span class='ocrx_word' id='word_1_228' title='bbox 2341 2891 2632 2982; x_wconf 87' lang='lat' dir='ltr'><strong>magistri</strong></span> 
     </span>
     <span class='ocr_line' id='line_1_27' title="bbox 492 2987 2631 3089; baseline -0.004 -25"><span class='ocrx_word' id='word_1_229' title='bbox 492 2999 783 3088; x_wconf 82' lang='lat' dir='ltr'><strong>pueritiae</strong></span> <span class='ocrx_word' id='word_1_230' title='bbox 809 3023 889 3065; x_wconf 82' lang='lat' dir='ltr'><strong>ex</strong></span> <span class='ocrx_word' id='word_1_231' title='bbox 918 3000 1207 3089; x_wconf 88' lang='lat' dir='ltr'><strong>probatis</strong></span> <span class='ocrx_word' id='word_1_232' title='bbox 1233 2999 1386 3064; x_wconf 84' lang='lat' dir='ltr'><strong>viris</strong></span> <span class='ocrx_word' id='word_1_233' title='bbox 1415 2998 1801 3063; x_wconf 86' lang='lat' dir='ltr'><strong>creabantur</strong></span> <span class='ocrx_word' id='word_1_234' title='bbox 1819 3045 1836 3078; x_wconf 90' lang='lat'><strong>,</strong></span> <span class='ocrx_word' id='word_1_235' title='bbox 1877 3011 1944 3060; x_wconf 89' lang='lat' dir='ltr'><strong>et</strong></span> <span class='ocrx_word' id='word_1_236' title='bbox 1975 2987 2047 3058; x_wconf 91' lang='lat' dir='ltr'><strong>hi</strong></span> <span class='ocrx_word' id='word_1_237' title='bbox 2073 3017 2190 3083; x_wconf 87' lang='lat' dir='ltr'><strong>per</strong></span> <span class='ocrx_word' id='word_1_238' title='bbox 2213 2993 2440 3057; x_wconf 89' lang='lat' dir='ltr'><strong>classes</strong></span> <span class='ocrx_word' id='word_1_239' title='bbox 2464 3015 2631 3081; x_wconf 82' lang='lat' dir='ltr'><strong>prae-</strong></span> 
     </span>
     <span class='ocr_line' id='line_1_28' title="bbox 495 3090 2634 3190; baseline -0.005 -24"><span class='ocrx_word' id='word_1_240' title='bbox 495 3099 796 3166; x_wconf 86' lang='lat' dir='ltr'><strong>ficiebant</strong></span> <span class='ocrx_word' id='word_1_241' title='bbox 832 3123 942 3166; x_wconf 87' lang='lat' dir='ltr'><strong>eos</strong></span> <span class='ocrx_word' id='word_1_242' title='bbox 962 3149 980 3182; x_wconf 93' lang='lat'><strong>,</strong></span> <span class='ocrx_word' id='word_1_243' title='bbox 1015 3101 1129 3190; x_wconf 85' lang='lat' dir='ltr'><strong>qui</strong></span> <span class='ocrx_word' id='word_1_244' title='bbox 1165 3101 1334 3166; x_wconf 87' lang='lat' dir='ltr'><strong>inter</strong></span> <span class='ocrx_word' id='word_1_245' title='bbox 1365 3101 1588 3164; x_wconf 85' lang='lat' dir='ltr'><strong>Irenas</strong></span> <span class='ocrx_word' id='word_1_246' title='bbox 1620 3097 2110 3188; x_wconf 86' lang='lat' dir='ltr'><strong>prudentissimi</strong></span> <span class='ocrx_word' id='word_1_247' title='bbox 2141 3111 2206 3160; x_wconf 91' lang='lat' dir='ltr'><strong>et</strong></span> <span class='ocrx_word' id='word_1_248' title='bbox 2239 3090 2634 3184; x_wconf 86' lang='lat' dir='ltr'><strong>pugnacissi-</strong></span> 
     </span>
     <span class='ocr_line' id='line_1_29' title="bbox 494 3194 2630 3290; baseline -0.002 -27"><span class='ocrx_word' id='word_1_249' title='bbox 494 3200 587 3264; x_wconf 87' lang='lat' dir='ltr'><strong>mi</strong></span> <span class='ocrx_word' id='word_1_250' title='bbox 621 3216 821 3266; x_wconf 88' lang='lat' dir='ltr'><strong>erant.</strong></span> <span class='ocrx_word' id='word_1_251' title='bbox 872 3203 1059 3282; x_wconf 90' lang='lat' dir='ltr'><strong>lren,</strong></span> <span class='ocrx_word' id='word_1_252' title='bbox 1098 3201 1212 3290; x_wconf 79' lang='lat' dir='ltr'><strong>qui</strong></span> <span class='ocrx_word' id='word_1_253' title='bbox 1249 3201 1436 3266; x_wconf 88' lang='lat' dir='ltr'><strong>annis</strong></span> <span class='ocrx_word' id='word_1_254' title='bbox 1470 3200 1699 3290; x_wconf 83' lang='lat' dir='ltr'><strong>viginti</strong></span> <span class='ocrx_word' id='word_1_255' title='bbox 1741 3213 1879 3262; x_wconf 89' lang='lat' dir='ltr'><strong>erat</strong></span> <span class='ocrx_word' id='word_1_256' title='bbox 1911 3198 2150 3280; x_wconf 82' lang='lat' dir='ltr'><strong>major,</strong></span> <span class='ocrx_word' id='word_1_257' title='bbox 2187 3194 2469 3260; x_wconf 89' lang='lat' dir='ltr'><strong>ducebat</strong></span> <span class='ocrx_word' id='word_1_258' title='bbox 2505 3215 2630 3258; x_wconf 76' lang='lat' dir='ltr'><strong>‘co-</strong></span> 
     </span>
     <span class='ocr_line' id='line_1_30' title="bbox 494 3296 2630 3392; baseline -0.003 -28"><span class='ocrx_word' id='word_1_259' title='bbox 494 3301 756 3365; x_wconf 86' lang='lat' dir='ltr'><strong>hortem</strong></span> <span class='ocrx_word' id='word_1_260' title='bbox 794 3324 979 3366; x_wconf 86' lang='lat' dir='ltr'><strong>suam</strong></span> <span class='ocrx_word' id='word_1_261' title='bbox 1014 3303 1083 3366; x_wconf 89' lang='lat' dir='ltr'><strong>in</strong></span> <span class='ocrx_word' id='word_1_262' title='bbox 1114 3303 1349 3392; x_wconf 84' lang='lat' dir='ltr'><strong>praeliis</strong></span> <span class='ocrx_word' id='word_1_263' title='bbox 1365 3351 1383 3384; x_wconf 98' lang='lat'><strong>,</strong></span> <span class='ocrx_word' id='word_1_264' title='bbox 1422 3323 1693 3389; x_wconf 90' lang='lat' dir='ltr'><strong>eamque</strong></span> <span class='ocrx_word' id='word_1_265' title='bbox 1733 3298 2013 3364; x_wconf 86' lang='lat' dir='ltr'><strong>habebat</strong></span> <span class='ocrx_word' id='word_1_266' title='bbox 2043 3298 2221 3363; x_wconf 89' lang='lat' dir='ltr'><strong>domi</strong></span> <span class='ocrx_word' id='word_1_267' title='bbox 2258 3296 2339 3361; x_wconf 90' lang='lat' dir='ltr'><strong>ad</strong></span> <span class='ocrx_word' id='word_1_268' title='bbox 2378 3318 2630 3360; x_wconf 85' lang='lat' dir='ltr'><strong>coenam</strong></span> 
     </span>
     <span class='ocr_line' id='line_1_31' title="bbox 498 3397 2630 3489; baseline -0.004 -21"><span class='ocrx_word' id='word_1_269' title='bbox 498 3403 623 3468; x_wconf 88' lang='lat' dir='ltr'><strong>sibi</strong></span> <span class='ocrx_word' id='word_1_270' title='bbox 652 3404 1146 3470; x_wconf 87' lang='lat' dir='ltr'><strong>ministrantem.</strong></span> <span class='ocrx_word' id='word_1_271' title='bbox 1173 3407 1325 3468; x_wconf 85' lang='lat' dir='ltr'><strong>Haec</strong></span> <span class='ocrx_word' id='word_1_272' title='bbox 1356 3402 1740 3468; x_wconf 88' lang='lat' dir='ltr'><strong>Plutarchus</strong></span> <span class='ocrx_word' id='word_1_273' title='bbox 1763 3401 1832 3464; x_wconf 91' lang='lat' dir='ltr'><strong>in</strong></span> <span class='ocrx_word' id='word_1_274' title='bbox 1861 3401 2190 3489; x_wconf 76' lang='lat' dir='ltr'><strong>LycurgO,</strong></span> <span class='ocrx_word' id='word_1_275' title='bbox 2221 3421 2360 3486; x_wconf 71' lang='lat' dir='ltr'><strong>oep.</strong></span> <span class='ocrx_word' id='word_1_276' title='bbox 2392 3397 2582 3462; x_wconf 83' lang='lat' dir='ltr'>XVII</span> <span class='ocrx_word' id='word_1_277' title='bbox 2609 3421 2630 3479; x_wconf 79' lang='lat'>3</span> 
     </span>
     <span class='ocr_line' id='line_1_32' title="bbox 497 3499 2627 3595; baseline -0.003 -27"><span class='ocrx_word' id='word_1_278' title='bbox 497 3527 785 3594; x_wconf 86' lang='lat' dir='ltr'><strong>quocum</strong></span> <span class='ocrx_word' id='word_1_279' title='bbox 819 3505 1191 3570; x_wconf 87' lang='lat' dir='ltr'><strong>conferatur</strong></span> <span class='ocrx_word' id='word_1_280' title='bbox 1220 3506 1365 3572; x_wconf 90' lang='lat' dir='ltr'><strong>Nic.</strong></span> <span class='ocrx_word' id='word_1_281' title='bbox 1398 3505 1705 3595; x_wconf 79' lang='lat' dir='ltr'><strong>CragiuS,</strong></span> <span class='ocrx_word' id='word_1_282' title='bbox 1734 3502 1816 3567; x_wconf 89' lang='lat' dir='ltr'><strong>de</strong></span> <span class='ocrx_word' id='word_1_283' title='bbox 1847 3501 2118 3591; x_wconf 86' lang='lat' dir='ltr'><strong>Republ.</strong></span> <span class='ocrx_word' id='word_1_284' title='bbox 2153 3499 2381 3566; x_wconf 88' lang='lat' dir='ltr'><strong>Laced.</strong></span> <span class='ocrx_word' id='word_1_285' title='bbox 2405 3499 2520 3563; x_wconf 90' lang='lat' dir='ltr'><strong>lib.</strong></span> <span class='ocrx_word' id='word_1_286' title='bbox 2557 3501 2627 3580; x_wconf 92' lang='lat' dir='ltr'><strong>I,</strong></span> 
     </span>
     <span class='ocr_line' id='line_1_33' title="bbox 496 3599 2628 3696; baseline -0.004 -25"><span class='ocrx_word' id='word_1_287' title='bbox 496 3629 634 3696; x_wconf 87' lang='lat' dir='ltr'><strong>cap.</strong></span> <span class='ocrx_word' id='word_1_288' title='bbox 675 3606 711 3672; x_wconf 83' lang='lat'>5</span> <span class='ocrx_word' id='word_1_289' title='bbox 746 3625 815 3673; x_wconf 84' lang='lat' dir='ltr'><strong>et</strong></span> <span class='ocrx_word' id='word_1_290' title='bbox 845 3609 907 3673; x_wconf 94' lang='lat'><strong>6.</strong></span> <span class='ocrx_word' id='word_1_291' title='bbox 955 3607 1059 3672; x_wconf 90' lang='lat' dir='ltr'><strong>Sic</strong></span> <span class='ocrx_word' id='word_1_292' title='bbox 1094 3609 1379 3671; x_wconf 82' lang='lat' dir='ltr'><strong>Lacones</strong></span> <span class='ocrx_word' id='word_1_293' title='bbox 1418 3627 1455 3670; x_wconf 90' lang='lat' dir='ltr'><strong>a</strong></span> <span class='ocrx_word' id='word_1_294' title='bbox 1488 3605 1707 3696; x_wconf 89' lang='lat' dir='ltr'><strong>pueris</strong></span> <span class='ocrx_word' id='word_1_295' title='bbox 1739 3627 1858 3692; x_wconf 90' lang='lat' dir='ltr'><strong>per</strong></span> <span class='ocrx_word' id='word_1_296' title='bbox 1905 3625 2132 3668; x_wconf 88' lang='lat' dir='ltr'><strong>omnes</strong></span> <span class='ocrx_word' id='word_1_297' title='bbox 2183 3617 2395 3665; x_wconf 84' lang='lat' dir='ltr'><strong>aetates</strong></span> <span class='ocrx_word' id='word_1_298' title='bbox 2427 3599 2628 3665; x_wconf 90' lang='lat' dir='ltr'><strong>disci-</strong></span> 
     </span>
     <span class='ocr_line' id='line_1_34' title="bbox 490 3701 2628 3798; baseline -0.003 -26"><span class='ocrx_word' id='word_1_299' title='bbox 490 3707 670 3797; x_wconf 90' lang='lat' dir='ltr'><strong>plina</strong></span> <span class='ocrx_word' id='word_1_300' title='bbox 709 3725 905 3798; x_wconf 88' lang='lat' dir='ltr'><strong>atque</strong></span> <span class='ocrx_word' id='word_1_301' title='bbox 955 3730 1081 3772; x_wconf 92' lang='lat' dir='ltr'><strong>usu</strong></span> <span class='ocrx_word' id='word_1_302' title='bbox 1110 3707 1368 3772; x_wconf 87' lang='lat' dir='ltr'><strong>assiduo</strong></span> <span class='ocrx_word' id='word_1_303' title='bbox 1414 3705 1498 3772; x_wconf 92' lang='lat' dir='ltr'><strong>ad</strong></span> <span class='ocrx_word' id='word_1_304' title='bbox 1531 3707 1820 3772; x_wconf 83' lang='lat' dir='ltr'><strong>militiam</strong></span> <span class='ocrx_word' id='word_1_305' title='bbox 1862 3703 2353 3770; x_wconf 89' lang='lat' dir='ltr'><strong>instruebantur</strong></span> <span class='ocrx_word' id='word_1_306' title='bbox 2369 3751 2387 3784; x_wconf 98' lang='lat'><strong>,</strong></span> <span class='ocrx_word' id='word_1_307' title='bbox 2423 3701 2628 3766; x_wconf 87' lang='lat' dir='ltr'><strong>habe-</strong></span> 
     </span>
     <span class='ocr_line' id='line_1_35' title="bbox 497 3807 2627 3898; baseline -0.002 -25"><span class='ocrx_word' id='word_1_308' title='bbox 497 3809 787 3898; x_wconf 87' lang='lat' dir='ltr'><strong>bantque</strong></span> <span class='ocrx_word' id='word_1_309' title='bbox 820 3810 888 3873; x_wconf 88' lang='lat' dir='ltr'><strong>in</strong></span> <span class='ocrx_word' id='word_1_310' title='bbox 928 3831 1319 3898; x_wconf 86' lang='lat' dir='ltr'><strong>unaquaque</strong></span> <span class='ocrx_word' id='word_1_311' title='bbox 1364 3807 1562 3873; x_wconf 87' lang='lat' dir='ltr'><strong>classe</strong></span> <span class='ocrx_word' id='word_1_312' title='bbox 1596 3831 1749 3874; x_wconf 86' lang='lat' dir='ltr'><strong>suos</strong></span> <span class='ocrx_word' id='word_1_313' title='bbox 1796 3807 2135 3898; x_wconf 86' lang='lat' dir='ltr'><strong>magistros</strong></span> <span class='ocrx_word' id='word_1_314' title='bbox 2182 3820 2249 3871; x_wconf 91' lang='lat' dir='ltr'><strong>et</strong></span> <span class='ocrx_word' id='word_1_315' title='bbox 2296 3820 2581 3868; x_wconf 88' lang='lat' dir='ltr'><strong>rectores</strong></span> <span class='ocrx_word' id='word_1_316' title='bbox 2607 3851 2627 3884; x_wconf 92' lang='lat'><strong>,</strong></span> 
     </span>
     <span class='ocr_line' id='line_1_36' title="bbox 499 3899 2630 3999; baseline -0.003 -25"><span class='ocrx_word' id='word_1_317' title='bbox 499 3933 664 3998; x_wconf 88' lang='lat' dir='ltr'><strong>quos</strong></span> <span class='ocrx_word' id='word_1_318' title='bbox 685 3911 1023 3976; x_wconf 85' lang='lat' dir='ltr'><strong>observare</strong></span> <span class='ocrx_word' id='word_1_319' title='bbox 1043 3959 1062 3993; x_wconf 93' lang='lat'><strong>,</strong></span> <span class='ocrx_word' id='word_1_320' title='bbox 1092 3911 1331 3999; x_wconf 87' lang='lat' dir='ltr'><strong>quibus</strong></span> <span class='ocrx_word' id='word_1_321' title='bbox 1375 3933 1602 3999; x_wconf 88' lang='lat' dir='ltr'><strong>parere</strong></span> <span class='ocrx_word' id='word_1_322' title='bbox 1635 3926 1703 3974; x_wconf 86' lang='lat' dir='ltr'><strong>et</strong></span> <span class='ocrx_word' id='word_1_323' title='bbox 1741 3899 2190 3998; x_wconf 86' lang='lat' dir='ltr'><strong>obtemperare</strong></span> <span class='ocrx_word' id='word_1_324' title='bbox 2233 3927 2489 3970; x_wconf 88' lang='lat' dir='ltr'><strong>necesse</strong></span> <span class='ocrx_word' id='word_1_325' title='bbox 2531 3927 2630 3969; x_wconf 88' lang='lat' dir='ltr'><strong>es-</strong></span> 
     </span>
     <span class='ocr_line' id='line_1_37' title="bbox 502 4005 2629 4101; baseline -0.002 -27"><span class='ocrx_word' id='word_1_326' title='bbox 502 4027 619 4075; x_wconf 89' lang='lat' dir='ltr'><strong>set.</strong></span> <span class='ocrx_word' id='word_1_327' title='bbox 658 4011 799 4076; x_wconf 87' lang='lat' dir='ltr'><strong>Nec</strong></span> <span class='ocrx_word' id='word_1_328' title='bbox 848 4013 918 4076; x_wconf 92' lang='lat' dir='ltr'><strong>in</strong></span> <span class='ocrx_word' id='word_1_329' title='bbox 964 4011 1109 4101; x_wconf 89' lang='lat' dir='ltr'><strong>ipso</strong></span> <span class='ocrx_word' id='word_1_330' title='bbox 1143 4012 1315 4078; x_wconf 91' lang='lat' dir='ltr'><strong>bello</strong></span> <span class='ocrx_word' id='word_1_331' title='bbox 1352 4011 1554 4077; x_wconf 80' lang='lat' dir='ltr'><strong>aliter.</strong></span> <span class='ocrx_word' id='word_1_332' title='bbox 1587 4011 1931 4076; x_wconf 84' lang='lat' dir='ltr'><strong>Summum</strong></span> <span class='ocrx_word' id='word_1_333' title='bbox 1961 4009 2307 4097; x_wconf 88' lang='lat' dir='ltr'><strong>imperium</strong></span> <span class='ocrx_word' id='word_1_334' title='bbox 2349 4005 2629 4071; x_wconf 87' lang='lat' dir='ltr'><strong>habebat</strong></span> 
     </span>
     <span class='ocr_line' id='line_1_38' title="bbox 500 4108 2624 4203; baseline -0.002 -27"><span class='ocrx_word' id='word_1_335' title='bbox 500 4135 631 4178; x_wconf 83' lang='lat' dir='ltr'><strong>rex.</strong></span> <span class='ocrx_word' id='word_1_336' title='bbox 668 4114 789 4178; x_wconf 90' lang='lat' dir='ltr'><strong>Hic</strong></span> <span class='ocrx_word' id='word_1_337' title='bbox 815 4115 1123 4202; x_wconf 83' lang='lat' dir='ltr'><strong>proximis</strong></span> <span class='ocrx_word' id='word_1_338' title='bbox 1150 4113 1499 4203; x_wconf 86' lang='lat' dir='ltr'><strong>imperabat</strong></span> <span class='ocrx_word' id='word_1_339' title='bbox 1529 4113 1955 4203; x_wconf 88' lang='lat' dir='ltr'><strong>polemarchis</strong></span> <span class='ocrx_word' id='word_1_340' title='bbox 1977 4161 1994 4194; x_wconf 94' lang='lat'><strong>,</strong></span> <span class='ocrx_word' id='word_1_341' title='bbox 2019 4111 2089 4175; x_wconf 88' lang='lat' dir='ltr'><strong>hi</strong></span> <span class='ocrx_word' id='word_1_342' title='bbox 2112 4108 2486 4199; x_wconf 85' lang='lat' dir='ltr'><strong>lochagogis</strong></span> <span class='ocrx_word' id='word_1_343' title='bbox 2503 4157 2521 4191; x_wconf 96' lang='lat'><strong>,</strong></span> <span class='ocrx_word' id='word_1_344' title='bbox 2555 4108 2624 4172; x_wconf 91' lang='lat' dir='ltr'><strong>hi</strong></span> 
     </span>
    </p>
   </div>
   <div class='ocr_carea' id='block_1_3' title="bbox 2935 19 2939 1152">
    <p class='ocr_par' dir='ltr' id='par_1_3' title="bbox 2935 19 2939 1152">
     <span class='ocr_line' id='line_1_39' title="bbox 2935 19 2939 1152; baseline 0 0"><span class='ocrx_word' id='word_1_345' title='bbox 2935 19 2939 1152; x_wconf 95' lang='lat' dir='ltr'><strong> </strong></span> 
     </span>
    </p>
   </div>
  </div>
 </body>
</html>
