2975 4684
717 393 855 469 AD
904 403 1303 472 Lucan
1358 405 1567 476 JUN.
1619 407 2014 480 AETNAM.
2291 439 2421 514 177

298 521 639 588 Puteolani
665 569 685 604 ,
716 521 1141 610 adjacensque
1174 524 1465 613 Neapoli.
1501 526 1592 591 Ut
1607 526 1914 617 Virgilius
1944 529 2274 598 AEnariam
2309 535 2423 602 fla·

298 640 591 714 grantem
644 623 905 713 ignibus
922 671 943 707 ,
992 641 1059 688 et
1092 625 1385 714 Typhoeo
1450 627 1751 707 injectam
1807 630 2075 696 tradidit
2098 682 2118 716 ,
2160 634 2423 703 AEneid.

299 727 395 790 IX
412 771 435 808 ,
469 723 599 814 715
630 717 797 813 (vid.
824 741 963 790 not.
988 747 1135 815 pag.
1164 725 1286 814 73,
1311 727 1438 792 vol.
1464 729 1578 810 IV,
1609 745 1780 794 nost.
1802 731 2024 821 Virgil.
2055 734 2204 824 En.)

575 871 719 926 Tum
748 872 923 926 sonitu
950 873 1213 948 Prochyta
1238 873 1343 928 alta
1370 875 1569 939 tremit,
1591 876 1895 952 durumque
1919 880 2092 936 cubile

578 955 810 1010 Inarime
833 955 979 1009 Jovis
1006 957 1240 1030 imperiis
1268 959 1496 1032 imposta
1515 959 1790 1034 Typhoe03

294 1106 385 1170 ita
415 1104 499 1169 de
536 1103 773 1170 Neside
804 1105 1109 1170 Lucanus
1127 1152 1147 1186 ,
1171 1104 1283 1170 lib.
1310 1105 1433 1190 VI,
1454 1128 1580 1192 90,

588 1303 989 1321 ............
999 1265 1119 1320 Tali
1149 1266 1435 1340 spiramine
1458 1269 1613 1324 Nesis

580 1351 791 1404 Emittit
808 1350 1056 1424 Stygium
1079 1350 1349 1405 nebulosis
1376 1371 1498 1406 aera
1526 1353 1666 1406 saxis
1680 1395 1696 1421 ,

574 1429 845 1507 Antraque
872 1433 1061 1488 letiferi
1086 1433 1289 1492 rabiem
1306 1433 1588 1508 Typhonis
1611 1438 1864 1494 anhelant
1879 1475 1896 1504 ‚
1924 1451 2024 1496 etc.

292 1597 401 1660 cui
431 1593 681 1660 accedit
716 1595 941 1683 Papin.
974 1595 1251 1678 Statius,
1279 1594 1429 1660 silv.
1463 1595 1564 1679 II,
1592 1619 1629 1660 2
1647 1645 1666 1679 ,
1695 1621 1814 1687 77:

590 1789 1172 1809 .................
1204 1753 1331 1808 inde
1354 1755 1648 1828 malignum

574 1839 709 1893 Am
732 1838 961 1912 respirat
983 1839 1173 1911 pelago
1198 1838 1512 1894 circumflua
1539 1840 1690 1894 Nesis
1704 1876 1721 1905 ‚
1753 1853 1856 1896 etc.

292 2002 523 2085 Quum
560 2001 633 2065 hi
665 2015 875 2091 poetae
908 1997 1214 2064 Nesidem
1249 1999 1530 2065 insulam
1562 2002 1791 2066 noxios
1829 2023 2098 2091 vapores
2135 1999 2428 2076 eithalare

291 2102 545 2186 dicant,
575 2125 771 2191 quam
819 2101 1103 2165 Lucilius
1152 2124 1273 2165 suo
1322 2117 1616 2190 ternpore
1661 2104 2038 2170 exstinctam
2081 2109 2426 2197 praedicare

289 2207 570 2289 videtur,
598 2204 666 2269 id
699 2219 905 2292 poetae
941 2202 1118 2267 haud
1149 2200 1346 2268 dubie
1379 2226 1415 2267 e
1444 2205 1710 2292 pristina
1738 2205 1905 2270 fama
1933 2225 2260 2296 repetunt.
2290 2211 2429 2278 Cae..

290 2325 507 2372 terum
542 2305 835 2371 eamdem
870 2303 1146 2370 maxima
1180 2327 1257 2369 ex
1286 2323 1465 2394 parte
1493 2322 1652 2370 tunc
1681 2308 1988 2400 temporis
2017 2311 2299 2399 quietam
2320 2362 2340 2397 ,
2364 2333 2431 2380 et

290 2409 619 2474 salubrem
649 2424 716 2472 et
737 2405 1014 2472 fertilem
1034 2455 1052 2490 ,
1080 2423 1144 2471 et
1168 2429 1205 2470 a
1226 2406 1383 2470 viris
1404 2407 1732 2472 nobilibus
1757 2409 2231 2498 frequentatam
2255 2438 2394 2481 esse
2409 2467 2428 2502 ,

288 2513 570 2576 aliorum
604 2512 993 2598 scriptorum
1024 2509 1149 2574 loci
1168 2557 1187 2592 ,
1220 2525 1297 2572 ut
1342 2507 1671 2573 Ciceronis
1692 2559 1709 2593 ,
1765 2511 2023 2576 Senecae
2051 2563 2069 2592 ,
2099 2511 2291 2580 Plinii
2329 2535 2430 2583 te-

288 2629 565 2678 stantur.
598 2612 865 2696 Strab0,
893 2613 1093 2694 lib.V,
1124 2635 1264 2701 pag.
1296 2611 1423 2689 248
1443 2660 1460 2692 ,
1495 2611 1648 2676 edit.
1671 2613 1812 2678 Cas.
1846 2613 2180 2700 observat²
2217 2643 2424 2708 quum

287 2735 503 2784 totum
538 2718 699 2783 illud
738 2741 947 2800 mare,
972 2716 1153 2804 quod
1187 2717 1355 2780 inter
1389 2715 1668 2780 Siciliam
1702 2734 1767 2782 et
1797 2702 2036 2786 Cumas
2065 2722 2262 2789 Italiae
2297 2742 2425 2811 est,

286 2826 356 2889 in
391 2823 729 2913 profundo
764 2823 1106 2887 continuas
1144 2820 1377 2886 habeat
1410 2843 1711 2886 cavernas
1743 2823 2010 2912 ignitas,
2043 2827 2242 2916 idque
2281 2853 2428 2895 om-

288 2948 401 2990 nes
426 2926 600 2990 illius
626 2940 863 2990 tractus
896 2923 1121 2988 insulae
1145 2922 1582 3010 Liparaeorum
1616 2938 1680 2986 et
1709 2921 2068 2989 Pithecusae
2086 2973 2106 3008 ,
2129 2944 2197 2991 et
2221 2931 2428 3020 regio-

286 3050 401 3092 nes
435 3029 607 3092 circa
635 3026 941 3092 Puteolos
960 3074 977 3106 ,
1005 3024 1323 3112 Neapolin
1356 3039 1421 3088 et
1452 3024 1664 3106 Baias,
1695 3025 1843 3116 igne
1878 3029 2237 3112 fumantes,
2271 3032 2424 3098 satis

286 3144 495 3194 testen
503 3145 632 3210 tur,
640 3127 771 3192 hoc
784 3127 979 3216 igitur
996 3141 1309 3213 sequutos
1323 3141 1544 3213 poetas
1559 3127 1866 3192 omnibus
1881 3127 2428 3220 hisceTyphoeum

283 3230 675 3311 subjecisse:
703 3251 897 3317 quam
934 3228 1001 3292 in
1038 3250 1213 3309 rem,
1240 3228 1458 3292 locum
1493 3227 1756 3292 Pindari
1787 3229 1976 3317 Pyth.
2013 3229 2052 3296 I
2065 3279 2084 3314 ,
2117 3255 2201 3320 29
2239 3257 2419 3326 seqq.

284 3332 586 3414 subjicit,
622 3331 693 3394 in
729 3352 862 3418 quo
896 3345 1159 3418 pectora
1182 3329 1518 3418 Typhonis
1550 3330 1844 3396 Cumano
1877 3355 2060 3421 aeque
2094 3334 2320 3420 litore,
2352 3361 2428 3403 ac

284 3432 513 3496 Siciliae
543 3447 713 3494 terra
749 3431 955 3518 premi
991 3429 1322 3496 dicuntur.
1356 3431 1529 3495 Hinc
1563 3447 1829 3519 apparet
1864 3435 2026 3498 ratio
2043 3482 2063 3516 ,
2089 3457 2208 3500 cur
2239 3439 2427 3504 Nesis

283 3535 511 3616 etiam,
538 3532 812 3620 Neapoli
843 3532 1209 3620 propinqua
1227 3579 1245 3613 ,
1279 3549 1431 3595 cum
1461 3531 1726 3596 AEnaria
1759 3549 1823 3596 et
1853 3536 2094 3600 caeteris
2129 3536 2266 3614 ejus
2297 3563 2432 3605 ma-

283 3637 371 3701 ris
392 3636 625 3700 insulis
645 3683 664 3716 ,
690 3633 867 3697 rabie
879 3633 1216 3722 Typhonis
1243 3632 1546 3696 anhelare
1572 3631 1846 3700 dicatur.
1875 3635 2074 3717 Quod
2092 3637 2426 3705 AEnariam

282 3737 573 3802 Lucilius
604 3735 761 3799 olim
794 3731 1125 3821 flagrasse,
1146 3755 1327 3797 nunc
1359 3733 1740 3798 exstinctam
1773 3757 1912 3799 esse
1939 3735 2132 3818 dicit,
2161 3738 2298 3817 ejus
2327 3765 2428 3808 ex-

282 3835 656 3903 stinctionis
704 3857 998 3900 caussam
1044 3850 1109 3898 et
1158 3832 1433 3897 modum
1474 3834 1772 3898 videmur
1815 3858 1850 3898 e
1897 3834 2230 3901 Strabonis
2281 3841 2427 3905 loco

278 3941 557 4029 allegato
582 3959 776 4026 posse
802 3935 1145 4016 declarare,
1172 3935 1282 4022 qui
1300 3936 1518 4016 refert,
1542 3936 1610 4000 in
1641 3935 1857 4000 medio
1881 3935 2264 4021 Pithecusae,
2283 3963 2428 4028 quae

281 4057 377 4105 est
408 4041 681 4106 AEnaria
704 4086 721 4120 ,
764 4038 996 4102 collem
1038 4037 1305 4124 Epopea
1348 4051 1533 4100 terrae
1579 4053 1764 4100 motu
1809 4059 2198 4101 concussum
2249 4040 2430 4130 ignes

282 4141 693 4214 evomuisse,
726 4155 1091 4230 terramque
1112 4186 1130 4220 ,
1158 4159 1301 4224 quae
1333 4137 1504 4202 inter
1533 4139 1742 4229 ipsum
1780 4154 1845 4202 ct
1877 4161 2052 4202 mare
2085 4157 2216 4220 est,
2245 4143 2310 4206 in
2347 4147 2435 4208 ci-

532 4253 674 4317 ΙΙΙ.
2033 4269 2112 4312 12
