2975 4684
517 317 611 402 48
1094 315 1359 385 EDIT.
1410 317 1539 384 ET
1597 315 2064 387 INTERPR.

516 448 746 512 damus
784 445 971 510 etiam
1014 445 1295 534 potentis
1322 445 1548 529 amici,
1577 460 1654 509 ut
1683 445 1936 511 Pisonis
1960 495 1981 528 ,
2004 447 2474 538 benignitatem
2511 476 2652 518 car·

517 554 693 618 mine
721 551 1060 616 sollicitare
1085 549 1400 638 potuisse.
1425 551 1659 639 Neque
1681 551 1961 616 obscure
1992 552 2059 616 id
2091 554 2307 643 ipsum
2333 557 2652 648 signifieat

515 657 841 725 Iuvenalis
862 705 881 739 ,
923 656 1036 744 qui
1070 677 1279 744 quum
1308 655 1545 720 alicubi
1582 657 1874 722 Pisonem
1905 657 2138 724 bonum
2154 709 2174 741 ,
2215 661 2484 750 ejusque
2517 664 2650 730 lar..

514 764 791 854 gitiones
816 762 883 824 in
922 776 1144 850 poetas
1169 759 1420 839 laudat,
1452 761 1584 826 Sat.
1599 761 1681 841 V,
1713 784 1867 848 109,
1895 763 2022 827 alio
2047 763 2194 830 loco
2223 768 2410 854 quasi
2439 791 2651 834 exem·

513 871 697 960 plum
719 865 1078 931 Pisonianae
1101 865 1457 956 largitionis
1495 866 1788 930 nominat
1809 881 2052 932 tenuem
2076 869 2374 937 Saleium.
2407 875 2492 938 Et
2525 876 2648 940 alia

514 976 581 1038 in
623 973 830 1039 Saleio
872 970 1273 1036 observanda
1306 993 1459 1035 cum
1505 988 1768 1036 auctore
1800 973 2178 1064 Panegyrici
2221 981 2644 1049 conveniunt.

514 1081 699 1146 AEtas
730 1093 902 1144 certe
928 1098 1002 1140 ea
1028 1093 1147 1154 est,
1170 1093 1248 1140 ut
1276 1099 1483 1165 quum
1516 1077 1956 1160 Quintilianus
1979 1102 2049 1147 se
2073 1082 2354 1148 Saleium
2379 1089 2646 1152 Bassum

510 1209 733 1252 senem
766 1183 998 1248 vidisse
1027 1182 1341 1272 significet
1362 1232 1380 1260 ,
1415 1181 1552 1263 ejus
1584 1186 1775 1273 plane
1803 1184 2268 1273 adolescentia,
2296 1192 2398 1255 vel
2431 1215 2645 1258 annus

512 1293 807 1357 decimus
840 1312 1091 1372 nonus,
1136 1289 1205 1353 in
1241 1306 1534 1379 tempora
1567 1290 1859 1374 Claudii,
1899 1293 2001 1357 vel
2049 1296 2332 1360 Neronis
2380 1297 2644 1365 Caesaris

508 1397 750 1463 incidat
770 1444 788 1478 ,
821 1418 965 1484 quae
1010 1397 1439 1461 Consulatum
1486 1396 1740 1462 Pisonis
1777 1399 2174 1488 subsequuta
2205 1419 2376 1468 sunt.
2431 1405 2643 1470 Etiam

400 1515 405 1522 ’
508 1503 857 1568 vehemens
884 1518 950 1566 et
970 1502 1299 1590 poeticum
1322 1502 1691 1592 ingenium,
1719 1504 1900 1592 quod
1917 1506 2152 1572 Fabius
2180 1508 2249 1572 in
2272 1512 2494 1593 Basso,
2521 1535 2645 1578 nec

508 1611 726 1700 ipsum
760 1606 1027 1696 quidem
1068 1623 1401 1672 senectute
1432 1623 1760 1673 maturum
1796 1611 1994 1676 fuisse
2025 1613 2114 1678 ait
2133 1663 2152 1696 ,
2211 1637 2406 1680 nemo
2452 1615 2642 1682 facile

508 1717 731 1782 talium
772 1737 991 1780 rerum
1040 1714 1404 1804 intelligens
1462 1716 1586 1780 erit
1608 1763 1627 1798 ,
1671 1717 1829 1804 quin
1881 1719 2074 1783 etiam
2124 1720 2194 1783 in
2236 1721 2637 1813 Panegyrico

507 1839 833 1918 agnoscat.
878 1821 1045 1886 Sane
1085 1819 1454 1885 rudimenta
1486 1822 1638 1886 artis
1675 1839 1740 1887 et
1773 1823 2017 1913 ingenii
2053 1826 2122 1889 in
2158 1849 2238 1890 eo
2267 1829 2414 1892 talia
2445 1853 2642 1919 appa-

505 1947 653 1995 rent
669 1978 688 2012 ,
731 1951 874 2017 quae
902 1928 1239 2015 potuerint
1264 1928 1792 1993 absolutissimum
1813 1945 2074 2020 poetam
2089 1979 2111 2013 ,
2150 1934 2254 1997 vel
2267 1934 2639 2023 proeclaris·

500 2040 725 2102 simum
756 2049 1011 2116 vatem,
1056 2050 1133 2099 ut
1166 2034 1235 2097 in
1266 2035 1536 2126 Dialogo
1568 2034 1650 2100 de
1692 2036 1870 2101 Orat.
1894 2053 2198 2121 vocatur,
2233 2041 2633 2128 promittere.

502 2145 733 2231 Neque
777 2141 985 2205 facere
1029 2161 1297 2227 possum
1315 2189 1331 2214 ,
1380 2141 1538 2228 quin
1591 2143 1778 2230 Casp.
1815 2141 2058 2207 Barthii
2098 2142 2178 2207 de
2223 2167 2302 2208 eo
2335 2162 2635 2233 poemate

496 2247 779 2332 judicic,
835 2243 1099 2309 Advers.
1137 2244 1387 2327 XLIX,
1424 2269 1485 2334 7,
1531 2245 1969 2312 subscribam:
2005 2247 2234 2315 «Adeo
2273 2249 2498 2335 dulce,
2533 2252 2636 2316 in·

503 2355 675 2445 quit,
701 2352 953 2417 cultum
978 2368 1045 2414 et
1068 2349 1397 2414 eruditum
1428 2368 1556 2434 est,
1587 2369 1661 2416 ut
1693 2354 1910 2417 malim
1944 2354 2082 2419 aliis
2111 2357 2304 2420 tertio
2329 2359 2637 2446 prolixio-

499 2464 683 2527 ribus
714 2473 898 2523 tanto
930 2479 1175 2534 carere,
1204 2479 1400 2544 quam
1432 2458 1561 2522 isto
1586 2489 1633 2522 υ.
1666 2458 1948 2542 Quando
1970 2483 2128 2525 vero
2163 2461 2334 2528 idem
2366 2474 2628 2528 ἀτέλεστον

501 2569 631 2632 hoc
666 2586 896 2654 poema
918 2611 936 2645 ,
978 2579 1043 2626 et
1074 2563 1141 2625 in
1176 2563 1376 2627 libros
1411 2563 1665 2651 aliquot
1700 2563 1979 2630 divisum
2022 2566 2256 2651 fuisse,
2299 2568 2502 2658 idque
2550 2592 2630 2635 ex

498 2676 642 2763 ipso
674 2670 803 2734 fine
840 2689 1145 2757 apparere
1176 2669 1536 2750 existimat,-
1579 2670 1650 2732 in
1686 2693 1766 2734 eo
1802 2669 2068 2758 quidem
2108 2697 2372 2762 prorsus
2397 2675 2629 2740 adsen-

495 2782 616 2846 tire
639 2797 919 2866 nequeo.
954 2775 1146 2838 Plura
1172 2773 1437 2863 quidem
1460 2797 1796 2864 superesse
1816 2777 1940 2860 ait,
1980 2801 2126 2866 quae
2157 2781 2512 2867 praesertim
2543 2781 2628 2847 de

492 2887 689 2952 rebus
712 2881 967 2948 Pisonis
992 2880 1251 2968 privatis
1274 2897 1342 2944 et
1366 2878 1736 2946 domesticis
1767 2880 1894 2946 diei
1921 2885 2176 2972 possint
2194 2933 2212 2968 ,
2251 2903 2329 2950 ut
2353 2887 2626 2952 laudum

416 2993 427 3002 ⁰
493 2994 633 3076 ejus
665 2991 1062 3070 ubertatem,
1100 3002 1166 3051 et
1196 3009 1379 3052 suam
1407 2987 1474 3052 in
1509 3010 1662 3052 eum
1693 2989 2131 3074 vohintatem,
2171 3007 2248 3056 ut
2280 3010 2623 3084 promptus

493 3099 810 3178 adulator,
838 3095 1273 3176 demonstret3
1321 3092 1435 3159 sed
1478 3094 1618 3159 haec
1657 3095 1724 3158 in
1770 3094 1946 3161 aliud
1990 3114 2279 3187 tempus,
2313 3099 2623 3189 aliudque

492 3227 725 3296 poema
772 3201 995 3266 differt
1014 3247 1032 3282 ,
1074 3199 1253 3286 quod
1302 3222 1563 3265 necesse
1604 3222 1738 3264 non
1782 3217 1913 3284 est,
1946 3217 2023 3266 ut
2065 3203 2256 3268 etiam
2305 3207 2621 3295 scriptum

489 3328 830 3402 putemuS,
878 3324 945 3370 et
986 3322 1163 3370 certe
1194 3305 1508 3394 scriptum
1539 3328 1675 3369 non
1713 3323 1811 3372 est
1831 3357 1850 3391 ,
1899 3309 1952 3373 si
1989 3309 2138 3374 Piso
2177 3312 2396 3400 paullo
2433 3330 2618 3401 post,

488 3417 934 3501 conjuratione
967 3412 1216 3490 detecta
1232 3461 1251 3495 ,
1285 3413 1496 3502 periit.
1531 3413 1838 3478 Similiter
1867 3416 2144 3504 probare
2163 3418 2464 3508 scaligeri
2485 3421 2620 3510 opi·

485 3527 751 3591 nionem
788 3545 921 3586 non
957 3540 1221 3608 possum
1250 3568 1268 3601 ,
1318 3520 1433 3606 qui
1474 3519 1665 3583 etiam
1710 3521 2100 3609 principium
2137 3523 2294 3589 huic
2332 3528 2616 3614 poemati

484 3630 709 3696 deesse
745 3624 954 3692 credit
982 3621 1107 3712 (1),
1144 3623 1324 3711 quod
1350 3625 1439 3687 ita
1470 3625 1536 3687 in
1566 3625 2008 3715 manuscripto
2030 3627 2265 3694 viderit
2287 3629 2610 3720 incipere:

776 3770 824 3836 .j.
845 3807 859 3819 .
881 3804 892 3819 .
916 3803 928 3816 .
951 3762 1111 3818 ‚nihil
1140 3775 1220 3816 est
1240 3803 1256 3830 ,
1292 3763 1437 3836 quod
1467 3774 1609 3818 texas
1634 3763 1822 3818 ordine
1838 3803 1855 3830 ,
1881 3765 2116 3839 longum.

762 3853 922 3909 Unde
948 3853 1101 3929 prius
1119 3852 1275 3925 coepti
1297 3863 1477 3925 surgat
1500 3851 1631 3906 mihi
1659 3855 1904 3909 carminis
1925 3855 2078 3912 ordo.

549 4075 626 4142 (1)
660 4071 723 4127 In
745 4077 1031 4121 comment.
1053 4065 1109 4117 in
1132 4063 1381 4136 Eclogam
1406 4063 1630 4130 Lucani,
1658 4065 1714 4118 in
1740 4067 1871 4139 App.
1883 4067 2034 4140 Virg.
2055 4086 2110 4140 p.
2134 4069 2252 4121 280.
