2975 4684
482 383 621 456 230
896 379 1540 453 TESTIMONIA
1603 379 2190 450 AUCTORUM

904 625 1016 690 lv.
1064 625 1468 705 Man-rums,
1515 647 1644 690 mn.
1673 623 1752 706 V,
1799 646 2011 690 nmen.
2053 623 2155 688 53.

651 828 963 895 Colchida
994 828 1153 918 quid
1184 828 1451 910 scribis„
1469 826 1630 916 quid
1656 827 1882 892 scribis
1898 875 1916 910 ,
1951 827 2184 908 amice,
2210 826 2536 914 Thyesten
2555 826 2588 889 ἓ*

738 930 899 1019 Quo‘
925 929 1043 1010 tibi
1068 936 1169 1010 rel
1198 933 1455 1002 Nioben
1472 983 1492 1016 ‚
1539 931 1726 1000 Basse
1741 983 1760 1016 ,
1785 934 1890 1000 vel
1922 931 2471 1000 Andromachen?

648 1041 917 1107 Materia
948 1057 1045 1106 est
1064 1089 1083 1124 ,
1116 1041 1278 1105 mihi
1305 1040 1525 1121 crede,
1559 1040 1689 1104 tuis
1721 1040 2048 1129 aptissima
2077 1039 2312 1104 chartis

660 1209 667 1218 .
738 1145 1095 1214 Deucalion
1116 1169 1135 1228 3
1158 1145 1288 1228 vel,
1324 1144 1379 1210 si
1406 1149 1542 1211 non
1566 1147 1776 1233 placet
1803 1145 1916 1228 hic
1937 1193 1955 1227 ‚
1989 1144 2354 1210 Phaethon.

684 1319 843 1375 Plura
886 1320 956 1374 ad
992 1321 1209 1374 Bassum
1244 1321 1652 1394 epigrammata,
1687 1319 1882 1392 partim
1921 1319 2148 1372 obscena
2189 1329 2244 1372 et
2280 1317 2606 1390 διασυρταὰ,

757 1408 965 1481 scripsit
986 1407 1275 1472 Martialis,
1306 1409 1364 1462 in
1394 1407 1588 1480 quibus
1615 1407 1702 1462 vix
1740 1406 1964 1460 dubium
2001 1420 2114 1470 est,
2152 1405 2281 1459 ficto
2305 1423 2430 1459 eum
2460 1405 2608 1460 Bau-i

752 1497 969 1550 nomine
996 1496 1091 1550 uti.
1133 1495 1401 1568 Nonnulla
1430 1507 1610 1548 tamen
1633 1533 1649 1560 ,
1694 1506 1754 1550 ut
1782 1495 1914 1559 hoc,
1951 1491 2098 1567 quod
2138 1505 2307 1566 poete
2350 1493 2606 1564 scriptum

754 1595 864 1650 est,
902 1582 1153 1638 videntur
1189 1581 1257 1637 ad
1288 1583 1522 1643 Saleium
1557 1601 1712 1655 poue
1744 1580 1951 1639 referri.
1995 1582 2156 1648 Quod
2183 1582 2226 1636 si
2253 1599 2438 1636 verum
2479 1594 2560 1634 est
2585 1619 2606 1646 ,

754 1684 969 1743 apparet
985 1711 1003 1738 ,
1055 1670 1295 1724 invidum
1340 1683 1393 1724 et
1433 1671 1840 1724 obtrectatorem
1879 1669 2034 1724 Saleii
2064 1670 2360 1722 Martialem
2398 1669 2562 1722 fuisse
2583 1709 2604 1736 ‚

750 1757 849 1830 qui
884 1759 1042 1814 etiam
1080 1769 1441 1830 paupertatem
1482 1772 1538 1812 et
1575 1758 1864 1812 vanitatem
1907 1757 2070 1812 Basso
2116 1757 2348 1830 objicere
2393 1751 2606 1810 videtur

753 1847 847 1900 lib.
866 1848 978 1911 111,
1018 1847 1184 1920 epigr.
1215 1854 1283 1918 47
1302 1857 1353 1900 et
1374 1847 1473 1914 583
1507 1847 1580 1912 V,
1626 1847 1708 1914 23.
1751 1847 1920 1919 Magis
1953 1845 2024 1900 ad
2057 1848 2316 1902 honorem
2345 1846 2494 1899 Bassi
2523 1857 2606 1900 est

748 1935 1009 1988 Martialis
1053 1937 1379 2010 epigramma
1416 1941 1485 2005 96
1532 1936 1656 1989 libri
1676 1937 1784 1988 VII
1803 1974 1820 2000 ‚
1862 1955 1970 2009 quo
2002 1935 2328 2008 epitaphium
2357 1933 2606 1989 scribitur

752 2025 953 2080 Urbico
980 2023 1169 2078 infanti
1189 2066 1207 2090 ‚
1227 2026 1369 2079 Bassi
1392 2025 1586 2090 filiolo,
1615 2043 1775 2098 quem
1800 2025 2032 2080 Saleium
2054 2025 2274 2078 Bassum
2302 2042 2412 2077 esse
2437 2021 2606 2095 suspi-

751 2125 903 2166 catur
920 2111 1197 2166 Raderus:

644 2270 963 2335 Conditus
990 2269 1098 2334 hic
1126 2291 1246 2360 ego
1277 2289 1423 2332 sum
1446 2316 1464 2350 ‚
1499 2270 1672 2334 Bassi
1696 2270 1924 2336 dolor!
1955 2269 2235 2334 Urbicus
2263 2260 2474 2332 infans
2491 2315 2512 2349 ‚

726 2375 846 2440 Cui
874 2396 1078 2463 genus
1108 2391 1173 2439 et
1200 2395 1439 2438 nomen
1468 2375 1743 2439 maxima
1771 2377 1978 2442 Roma
2012 2374 2224 2458 dedit,
2259 2391 2378 2439 etc.

556 2616 634 2681 V.
682 2620 980 2684 honnus
1027 2617 1425 2694 Poma-unus
1471 2640 1542 2681 nv
1598 2615 1876 2681 Nurum.
1927 2639 2075 2682 rac.
2127 2613 2252 2694 542
2304 2617 2504 2680 Orun.

640 2825 739 2887 An
779 2839 1019 2886 taceam
1052 2825 1316 2886 Bassum
1350 2821 1613 2911 gravido
1645 2836 1758 2886 tua
1791 2820 1960 2885 dona
1994 2820 2312 2884 ferentem
2336 2867 2354 2900 ,

641 2923 1054 3017 Vespasiane,
1084 2923 1283 2991 sinu?
1313 2943 1378 2990 et
1410 2929 1651 2991 fantem
1685 2927 1897 2991 Sicula
1933 2947 2106 2991 arma
2139 2923 2496 2992 Severum?

674 3164 785 3226 VI.
820 3162 1071 3226 Pmaus
1102 3163 1451 3252 Caranus,
1495 3183 1581 3226 nn
1619 3161 1816 3224 Pou‘r.
1857 3161 2009 3226 Lu.
2047 3183 2189 3226 cn.
2223 3160 2394 3224 LXI.

548 3356 791 3424 Saleius
826 3359 1055 3423 Bassus
1091 3359 1193 3423 his
1238 3358 1641 3447 temporibus
1672 3359 1900 3421 Romae
1937 3358 2168 3423 claruit
2184 3406 2202 3441 ,
2249 3339 2490 3446 quibus
2519 3357 2590 3422 in

458 3463 827 3553 eloquentia
870 3463 1119 3553 nobiles
1176 3463 1379 3544 habiti
1424 3479 1583 3554 sunt
1629 3464 1958 3528 Domitius
1993 3465 2176 3546 Afer,
2218 3464 2427 3541 Julius
2479 3465 2592 3530 Se·

458 3569 747 3652 candus,
780 3568 1126 3633 Trachalus
1148 3617 1165 3650 ‚
1204 3587 1270 3634 et
1290 3568 1520 3634 Vibius
1553 3570 1839 3658 Crispus.
1873 3571 2142 3660 Ingenio
2168 3593 2406 3660 magno
2433 3569 2589 3652 fuit,

457 3693 525 3742 et
552 3675 621 3739 in
648 3675 941 3740 versibus
976 3675 1447 3764 componendis
1473 3676 1894 3744 vehementer
1927 3677 2228 3742 excitato.-
2273 3679 2453 3742 Inter
2478 3698 2590 3742 eos

458 3801 681 3873 poetas
716 3785 955 3849 relatus
974 3801 1094 3860 cst,
1124 3785 1241 3873 qui
1266 3807 1522 3850 carmen
1553 3784 1890 3851 heroicum
1912 3786 2356 3851 decantarunt.
2385 3785 2592 3869 Quin·

457 3889 717 3956 tilianus
745 3891 881 3958 Val.
919 3892 1217 3958 Flaccum
1233 3939 1253 3974 ‚
1285 3893 1564 3958 Saleium
1601 3895 1868 3960 Bassum
1887 3941 1906 3980 ‚
1950 3910 2016 3959 et
2047 3894 2388 3959 Rabirium
2415 3893 2592 3958 inter

456 3999 673 4086 epicos
703 3998 999 4064 nominat
1018 4046 1038 4082 ,
1071 4022 1205 4089 quo
1238 4000 1386 4066 loco
1407 3999 1751 4090 Virgilium
1767 4049 1786 4084 ,
1813 4002 2102 4066 Ennium
2143 4023 2219 4066 ac
2250 3999 2586 4066 Lucanum

455 4103 662 4190 ponit.
722 4101 1053 4216 Laudatur
1098 4101 1181 4170 ab
1236 4101 1517 4193 antiquis
1573 4129 1964 4198 magnopere
2023 4107 2305 4188 Saleius;
2373 4127 2586 4193 neque
