2975 4684
518 358 2636 385 mmmmmmmmmmmm

1539 613 1638 660 DE

702 812 1487 938 LUCILIO
1601 773 2454 942 J'UNIORE

1242 1113 1908 1184 TESTIMONIA.

496 1659 548 1721 1.
578 1658 648 1722 L.
678 1657 841 1720 Anu.
865 1653 1118 1717 Saum
1143 1673 1210 1714 nt
1228 1648 1672 1718 Puram-1018
1699 1673 1880 1716 nunu
1903 1653 1994 1722 lv
2017 1653 2358 1722 Nauna.
2383 1657 2637 1740 Quaes‘r.

1178 1779 1267 1822 An
1298 1757 1626 1822 Lucmtnt
1657 1779 1944 1824 scau-n.

579 1980 810 2071 Quum
846 1973 1123 2064 cupieris
1154 1971 1325 2038 bene
1349 1971 1598 2037 laudari
1613 2019 1633 2055 ,
1659 1993 1859 2061 quare
1883 1970 2014 2036 hoc
2044 1972 2160 2036 ulli
2190 1971 2468 2039 debeas?
2485 1976 2634 2064 Ipse

490 2103 561 2152 te
592 2083 819 2164 lauda;
868 2079 1017 2146 dic:
1050 2077 1450 2144 Liberalibus
1498 2086 1628 2142 me‘
1649 2076 1882 2142 studiis
1929 2075 2200 2160 tradidi,
2231 2101 2630 2168 quamquam

488 2205 831 2282 paupertas
880 2185 1001 2250 alia
1053 2181 1389 2264 suaderet,
1432 2199 1500 2247 et
1552 2182 1895 2272 ingenium
1947 2205 2026 2248 eo
2079 2183 2466 2266 abduceret,
2513 2188 2634 2253 ubi

487 2315 768 2387 praesens
794 2289 995 2356 studii
1018 2288 1304 2377 pretium
1335 2303 1455 2351 est.
1487 2285 1586 2352 Ad
1613 2287 1890 2377 gratuita
1917 2288 2203 2356 carmina
2229 2288 2460 2355 deflexi
2487 2315 2628 2378 me,

487 2418 554 2468 et
576 2399 658 2466 ad
680 2398 953 2465 salutare
978 2393 1402 2485 philosophiae
1424 2392 1720 2458 studium
1742 2395 2010 2458 contuli.
2037 2395 2311 2461 Ostendi
2333 2398 2402 2460 in
2428 2419 2630 2465 omne

484 2520 715 2597 pectus
736 2501 965 2568 cadere
980 2499 1321 2564 virtutem:
1352 2513 1418 2562 et
1442 2498 1762 2563 eluctatus
1786 2500 2097 2564 natalium
2115 2503 2444 2592 angustias
2459 2550 2479 2586 ,
2505 2527 2630 2570 nec

487 2627 662 2679 sorte
701 2631 839 2693 me,
864 2605 981 2672 sed
1017 2604 1236 2670 animo
1269 2626 1564 2684 mensus,
1594 2627 1712 2693 par
1742 2605 2036 2670 maximis
2071 2608 2240 2673 steti.
2271 2608 2426 2673 Non
2462 2611 2626 2676 mihi

484 2717 824 2784 inimicitia
857 2712 1153 2780 Gaetulici
1186 2711 1324 2776 Caii
1355 2709 1551 2776 fidem
1584 2711 1859 2801 eripuit3
1885 2735 2020 2778 non
2053 2714 2123 2778 in
2160 2715 2436 2781 aliorum
2467 2741 2624 2808 per-

484 2847 712 2891 sonam
730 2820 1073 2888 infeliciter
1088 2833 1474 2901 amatorum,
1498 2817 1767 2884 Messala
1789 2835 1856 2884 et
1867 2819 2225 2904 Narcissus,
2247 2820 2359 2887 diu
2377 2825 2622 2912 publici

482 2932 737 3014 hostes,
766 2945 1114 3016 antequam
1154 2925 1289 3006 sui,
1315 2925 1729 3014 propositum
1771 2947 1995 2991 meum
2037 2944 2396 3016 potuerunt
2435 2953 2622 2997 ever·

484 3053 641 3104 tere.
668 3035 1000 3101 Cel-vicem
1024 3053 1147 3122 pro
1171 3029 1299 3096 fide
1324 3031 1637 3121 opposui,
1661 3047 1784 3097 etc.

1160 3235 1329 3296 Imm
1350 3281 1369 3314 ,
1403 3233 1720 3299 Erxs‘rons
1758 3234 1940 3298 XIX.

567 3447 595 3474 ι
614 3416 695 3479 In
720 3411 1012 3476 medium
1038 3425 1103 3475 te
1128 3410 1401 3500 protulit
1426 3409 1672 3500 ingenii
1692 3409 1897 3500 vigor,
1937 3410 2331 3499 scriptorum
2355 3410 2615 3502 elegan-

480 3525 589 3608 tia,
609 3521 792 3586 claroe
810 3532 877 3582 et
892 3513 1139 3580 nobiles
1160 3515 1540 3582 amicitioe....
1563 3514 1832 3580 Utinam
1853 3515 1974 3580 tibi
1993 3514 2258 3604 quidem
2281 3538 2615 3610 senescere

480 3625 857 3718 contigisset
889 3621 1058 3710 intra
1096 3622 1404 3685 natalium
1430 3637 1700 3686 tuorum
1728 3620 1998 3686 modum
2020 3669 2039 3705 ,
2067 3643 2190 3686 nec
2215 3637 2280 3688 te
2305 3623 2375 3686 in
2408 3623 2608 3688 altum

480 3736 742 3800 fortuna
780 3727 1091 3794 misisset!
1118 3725 1298 3791 Tulit
1339 3741 1405 3790 te
1450 3725 1648 3816 longe
1685 3749 1724 3790 a
1761 3741 2118 3816 conspectu
2147 3727 2292 3792 vitae
2337 3727 2610 3793 salubris

480 3835 703 3927 rapida
722 3832 991 3898 felicitas
1006 3880 1027 3915 ,
1048 3830 1379 3921 provincia
1404 3845 1470 3896 et
1497 3830 1871 3919 procuratio
1887 3880 1905 3911 ,
1930 3847 1997 3897 et
2020 3830 2341 3920 quidquid
2363 3832 2445 3897 ab
2469 3833 2609 3900 istis

478 3941 917 4036 promittitur:
944 3939 1189 4020 majora
1221 3934 1460 4001 deinde
1510 3935 1720 4002 officia
1761 3952 1827 4002 te
1872 3938 2227 4027 excipient,
2255 3953 2321 4004 et
2357 3961 2438 4003 ex
2471 3939 2607 4004 aliis

478 4052 597 4116 alia
616 4079 667 4116 υ.
689 4047 810 4113 ΕΙ).
