2975 4684
464 384 607 457 266

1188 391 1526 460 sALEu
1583 343 1870 462 BASSI

558 513 623 579 Ο
660 509 888 598 ἀθουε,
920 526 987 580 et
1016 525 1163 582 toto
1198 513 1440 582 merito
1471 513 1872 584 venerabilis
1905 539 2048 586 aevo

559 621 755 690 Pierii
792 603 1001 692 tutela
1036 622 1223 691 chori
1248 675 1267 708 ‚
1307 649 1449 717 quo
1488 623 1772 719 praeside
1811 629 1940 696 tuti

556 735 711 803 Non
750 752 1045 828 unquam
1090 748 1267 802 vates
1306 735 1495 828 inopi
1527 735 1812 806 timuere
1847 751 2148 806 senectae.

556 843 761 932 Quod
792 844 847 914 si
890 846 1039 939 quis
1081 847 1323 914 nostris
1355 845 1668 939 precibus
1696 844 1918 936 locuS,
1957 863 2025 917 et
2057 873 2206 918 mea
2241 863 2392 920 vota

556 954 629 1021 Si
666 969 959 1024 mentem
996 956 1257 1026 subiere
1288 970 1505 1041 tuam,
1535 957 1986 1028 memorabilis
2023 958 2182 1030 olim
2523 983 2601 1022 2³⁵

560 1063 663 1132 Tu
700 1061 867 1132 mihi
892 1065 1227 1135 Maecenas
1267 1067 1461 1140 tereti
1509 1067 1862 1138 cantabere
1895 1095 2122 1158 versu,

562 1178 923 1246 Possumus
958 1192 1217 1248 aeternae
1253 1203 1500 1253 nomen
1542 1182 1962 1250 committere
2003 1181 2230 1252 fumoe:

556 1289 629 1358 Si
674 1305 899 1360 tamen
934 1293 1063 1362 hoc
1100 1287 1218 1362 ulli
1260 1293 1343 1362 de
1384 1317 1454 1363 se
1497 1295 1892 1388 promittere
1923 1295 2021 1366 fas
2055 1311 2188 1386 est,

466 1467 748 1517 ——Gract'h's
769 1483 899 1519 vero
923 1462 1120 1519 dicitur
1146 1488 1179 1521 a
1202 1468 1348 1521 tenui
1374 1485 1488 1520 ma-

464 1543 596 1597 teria
613 1581 628 1607 ,
670 1556 721 1598 et
765 1543 1020 1600 brevitate
1063 1547 1357 1601 carminum
1377 1585 1393 1612 ,
1430 1560 1492 1603 ut

466 1623 617 1696 Virg-
644 1623 700 1678 in
724 1624 940 1680 Culice:
964 1653 990 1674 «e
1008 1626 1259 1681 Lusimus
1276 1665 1293 1690 ,
1330 1627 1493 1682 Octa-

462 1703 521 1754 vi
538 1744 555 1769 ‚
610 1705 790 1777 gracili
844 1707 1153 1760 modulante
1194 1705 1404 1762 Thalia.
1422 1741 1494 1750 —-

462 1786 725 1855 Patefecit,
761 1787 793 1839 i.
832 1807 880 1840 e.
918 1785 1041 1841 fecit
1083 1801 1143 1843 ut
1183 1801 1488 1862 appareret,

465 1865 729 1931 ostendit,
752 1868 963 1940 aperuit
998 1871 1169 1923 famae.
1205 1868 1494 1936 Quomodo

465 1943 703 2011 Plinius,
734 1945 898 2019 Epist.
930 1945 1047 2013 vl,
1087 1949 1181 2013 23,
1214 1967 1275 2002 2:
1318 1947 1494 2004 «Mire

464 2025 783 2098 concupisco
795 2029 963 2081 bonos
976 2029 1199 2100 juvenes
1218 2026 1495 2084 ostendere

467 2104 585 2157 foro
608 2144 624 2169 ,
669 2105 945 2178 adsign‘are
991 2109 1159 2161 famae.
1176 2139 1246 2149 —
1260 2109 1498 2178 Patefecit

467 2187 655 2237 Horati.
696 2185 863 2239 Modo
896 2205 1052 2240 versu
1083 2194 1183 2250 ²²6
1210 2199 1321 2241 erat
1348 2201 1494 2256 pate-

452 2265 587 2336 fecit
630 2267 801 2317 {imina
818 2306 834 2327 ‚
915 2281 1239 2339 quamquam
1294 2267 1349 2319 in
1390 2267 1493 2322 alia

467 2360 654 2396 versus
679 2343 820 2397 sede.
845 2341 939 2399 Ms
962 2345 1143 2398 chart.
1168 2345 1396 2415 proficit.
1412 2347 1493 2399 An

466 2420 572 2475 fuit
610 2427 875 2492 provexit?
906 2425 1064 2478 Certe
1108 2443 1215 2477 non
1265 2423 1495 2478 deterius

466 2503 628 2556 fuerit
652 2508 915 2570 provehere
950 2507 1123 2568 chi-‚tyn
1156 2521 1319 2577 quam
1346 2517 1495 2578 pate-

465 2582 657 2636 facere.
684 2581 884 2655 Micyn.
918 2583 1037 2636 Col.
1064 2583 1155 2635 hic
1188 2583 1496 2657 turpissimo

468 2662 663 2715 mendo
683 2667 831 2714 Arati
851 2681 949 2736 pro
970 2667 1146 2715 Horati
1154 2703 1168 2726 ‚
1188 2663 1334 2736 quod
1353 2677 1495 2719 recte

466 2741 654 2795 vitavit
680 2743 1035 2796 Bersmannus
1051 2785 1065 2810 ,
1087 2745 1176 2812 qui
1202 2743 1359 2816 vulgo
1392 2743 1494 2796 Mi-

467 2821 669 2896 cyllum
694 2835 948 2894 sequutus
976 2836 1073 2876 est.
1104 2825 1315 2878 Lacon.

540 2903 659 2956 231.
692 2909 737 2956 Ο
761 2907 928 2956 ἀει-ω.
960 2901 1067 2956 Pro
1096 2901 1267 2974 elogio
1301 2901 1492 2956 Μωσε-

465 2981 605 3035 natis
626 2981 730 3036 hos
752 3001 935 3035 versus
958 2982 1150 3056 accipit
1173 2981 1498 3036 Meibomius

468 3059 525 3114 in
547 3061 697 3116 Maec.
721 3079 839 3136 cap.
864 3061 1055 3115 xvm
1072 3101 1087 3126 ,
1104 3081 1161 3136 p.
1189 3079 1306 3130 109.
1336 3061 1496 3114 Hunc

470 3141 616 3194 enim
658 3163 799 3196 nunc
842 3144 1123 3214 compellat
1162 3141 1402 3206 Saleius»,
1442 3155 1498 3196 et

464 3221 659 3293 insigni
687 3219 843 3275 laude
868 3221 1287 3276 admirabundus
1308 3231 1463 3274 ornat
1480 3260 1496 3284 ‚

468 3319 576 3374 quo
612 3302 778 3374 magis
814 3313 1119 3372 permoveat
1151 3301 1395 3354 Pisonem
1427 3299 1496 3354 ad

466 3379 765 3454 exemplum
793 3384 905 3454 ejus
936 3379 1265 3434 imitandum.
1288 3379 1493 3433 Meibo·

464 3461 605 3514 mius
633 3461 761 3532 legit
780 3464 829 3512 in
854 3475 1003 3512 cotum
1032 3464 1201 3512 merito
1230 3463 1496 3512 venerabi-

466 3543 526 3594 Iis
549 3543 863 3593 arvum—Ee
889 3554 987 3591 toto
1011 3541 1179 3591 metito
1197 3541 1497 3591 venerabile}

468 3640 589 3674 cevo.
608 3619 742 3672 Alii:
763 3621 812 3670 ιή
838 3633 984 3670 totum
1008 3622 1177 3671 men'to
1194 3620 1492 3671 venerabilis

470 3723 640 3756 oevum.
677 3701 741 3755 C.
783 3713 834 3754 et
870 3701 941 3755 ita
978 3699 1101 3754 Mic.
1139 3697 1338 3753 Bel-sm.
1375 3699 1493 3753 Col.

469 3796 629 3855 atque
644 3783 719 3837 sic
731 3781 935 3845 laudat,
956 3791 1015 3833 ut
1030 3797 1189 3851 supra
1207 3818 1221 3843 ,
1240 3779 1495 3832 Meibom.

469 3863 523 3917 in
542 3863 757 3916 Maecen.
778 3882 829 3934 p.
866 3879 981 3928 ¹09·
1006 3861 1213 3913 Linon.

551 3944 669 3997 233.
718 3947 831 3994 Non
878 3961 1095 4009 unquam
1144 3954 1287 3992 vates
1345 3941 1496 4006 inopi.

474 4023 820 4076 Maecenatem
840 4021 1027 4092 opibus
1054 4019 1352 4074 sublevasse
1374 4036 1500 4089 poe-

480 4115 558 4153 tas
579 4141 594 4164 ‚
637 4102 691 4154 in
749 4101 929 4174 primis
988 4111 1211 4154 testatur
1265 4097 1496 4150 Martial.

482 4181 621 4238 vul
640 4222 655 4248 ,
682 4183 748 4233 56
766 4223 780 4248 ,
806 4198 870 4252 9:
896 4176 1065 4236 &nisit
1080 4181 1287 4234 Tuscus
1306 4195 1469 4252 eques
1490 4213 1504 4240 ,

1577 1481 2045 1544 paupertatemque
2072 1472 2358 1543 malignam
2385 1473 2610 1544 Reppu-

1575 1547 1641 1603 lit
1657 1575 1714 1616 »,
1741 1561 1791 1603 et
1818 1569 1940 1604 mox
1961 1569 1974 1605 τ
1999 1578 2021 1598 ι
2046 1551 2191 1617 Quid
2216 1552 2386 1604 Varos
2408 1590 2425 1615 ‚
2451 1551 2608 1604 Mar-

1578 1645 1770 1702 sosque
1787 1629 1996 1701 loquar,
2015 1628 2283 1703 ditataque
2297 1641 2480 1684 vatum
2501 1631 2610 1684 No·

1579 1707 1759 1763 mina?
1789 1727 2012 1782 magnus
2037 1709 2136 1763 erit
2161 1727 2296 1782 quos
2327 1727 2611 1762 numeram

1579 1785 1730 1843 lubor
1745 1815 1788 1839 n.

1653 1871 1772 1925 236.
1809 1875 1878 1922 Tu
1908 1871 2028 1922 milti
2059 1873 2342 1932 Maecenas,
2378 1869 2440 1921 h.
2466 1887 2511 1922 e.
2548 1879 2608 1922 tu

1579 1947 1713 2004 mihi
1746 1949 2048 2004 Maecenatis
2082 1949 2208 2004 loco
2246 1950 2350 2002 eris
2369 1987 2386 2013 ‚
2422 1962 2474 2003 et
2515 1948 2610 2001 abs

1580 2049 1666 2083 me
1682 2067 1697 2094 ,
1721 2041 1778 2082 ut
1796 2030 1922 2083 olim
1944 2029 2205 2084 Maeeenas
2227 2048 2260 2082 a
2278 2028 2470 2102 poetis,
2493 2045 2614 2081 can-

1579 2109 1787 2164 taberis.
1808 2109 1893 2163 sic
1911 2109 2069 2163 etiam
2093 2109 2416 2182 Calpurnius
2432 2108 2605 2180 loqui·

1579 2201 1667 2242 tur
1683 2189 1718 2242 l.
1740 2209 1784 2240 c.
1825 2214 1850 2234 κ
1875 2187 1961 2241 Τιι
1982 2189 2116 2242 mihi
2139 2187 2260 2243 talis
2281 2189 2383 2242 eris
2398 2229 2414 2254 ,
2438 2186 2612 2260 qualis

1580 2267 1672 2342 qui
1692 2307 1708 2333 ‚
1731 2263 1830 2322 etc.
1852 2294 1876 2314 n
1915 2265 2069 2322 Paria
2095 2267 2340 2322 Tibullus
2367 2265 2607 2320 Messala

1579 2348 1836 2419 promittit
1853 2347 1956 2414 w,
1984 2366 2034 2412 1,
2060 2356 2157 2413 ²4²
2185 2372 2208 2394 ι
2232 2348 2300 2399 At
2325 2345 2615 2420 quodcum-

1581 2445 1686 2504 que
1724 2447 1852 2480 meae
1896 2439 2147 2501 poterunt
2184 2425 2382 2480 audere
2419 2425 2604 2479 Came-

1581 2523 1710 2561 nae..
1725 2523 1909 2560 ,omne
1933 2523 2189 2559 vovemus
2207 2505 2324 2558 Hoc
2351 2500 2447 2557 tibi
2471 2523 2487 2569 ;
2515 2523 2614 2558 nec

1581 2599 1730 2640 tanto
1749 2598 1928 2640 careat
1952 2585 2082 2638 mihi
2108 2585 2323 2639 nomine
2341 2585 2527 2638 charta
2547 2611 2592 2637 ο.

1658 2667 1775 2737 237.
1800 2673 2058 2718 Possumus
2084 2679 2304 2719 ceter-nce.
2322 2667 2571 2718 Lucanus
2585 2701 2602 2726 ‚

1581 2745 1659 2798 lx
1679 2784 1695 2809 ,
1731 2747 1837 2813 980
1859 2763 1872 2796 :
1909 2771 1931 2791 «
1953 2743 2002 2797 O
2023 2763 2171 2798 sacer
2191 2756 2245 2797 et
2266 2761 2488 2818 magnus
2515 2761 2610 2796 va-

1585 2837 1696 2877 tum
1727 2823 1912 2878 labor!
1954 2823 2132 2877 omnia
2169 2825 2278 2877 fato
2309 2823 2482 2896 Eripis
2501 2864 2516 2888 ,
2561 2835 2612 2884 et

1582 2901 1751 2958 donas
1789 2905 1996 2977 populis
2033 2903 2344 2957 mortalibus
2376 2920 2549 2955 aevum
2568 2928 2612 2953 a.

1581 2983 1780 3060 Bunffl.
1805 2983 1871 3034 Et
1908 2983 1998 3036 alii
2035 2995 2201 3054 poetae
2221 3021 2236 3047 ,
2273 2981 2491 3054 ingenio
2517 3001 2615 3034 suo

1583 3075 1639 3116 et
1657 3061 1857 3115 meritis
1891 3061 2078 3114 confisi
2102 3099 2117 3125 ,
2157 3063 2328 3116 solent
2351 3060 2474 3114 satis
2504 3061 2617 3113 ani-

1583 3157 1731 3196 mose
1752 3154 2001 3194 aeternam
2025 3141 2260 3195 nominis
2283 3141 2484 3195 famam
2501 3140 2616 3214 pol-

1585 3219 1748 3276 liceri.
1767 3219 1895 3272 vid.
1919 3219 2107 3275 Horat.
2137 3221 2313 3275 Carm.
2347 3219 2434 3272 111
2455 3262 2471 3287 ,
2511 3220 2617 3284 30;

1583 3301 1818 3372 Propert.
1839 3299 1952 3359 111,
1997 3315 2020 3351 1
2042 3341 2058 3366 ‚
2099 3297 2204 3362 353
2233 3298 2394 3352 Ovid.
2428 3300 2483 3352 in
2513 3297 2618 3352 fine

1583 3377 1942 3451 Metamorph.

1661 3457 1776 3512 138.
1793 3461 1846 3509 Si
1856 3464 2019 3510 cameri
2040 3461 2132 3511 Ιιοσ
2150 3459 2255 3510 ulli.
2268 3453 2618 3510 Submodeste

1583 3537 1850 3610 restringit
1867 3575 1882 3601 ,
1899 3555 2017 3610 quae
2025 3537 2307 3608 jactantius
2327 3535 2522 3590 dixisse
2543 3535 2620 3588 vi-

1583 3617 1836 3680 debatur,
1869 3629 1926 3670 ut
1947 3615 2174 3672 Ovidius
2199 3617 2252 3670 in
2275 3615 2382 3669 fine
2400 3615 2618 3668 Metam-

1585 3725 1610 3744 «ι
1626 3699 1685 3752 Si
1702 3696 1835 3770 quid
1859 3697 2058 3750 habent
2084 3697 2199 3750 veri
2217 3707 2394 3748 vntum
2430 3712 2630 3766 praesa·

1589 3777 1673 3848 gia
1694 3818 1708 3842 ,
1733 3775 1907 3830 vivam
1930 3799 1970 3828 ι.

1667 3857 1787 3922 239.
1828 3859 1892 3907 Et
1927 3860 2060 3907 Deus
2101 3859 2224 3905 ultor
2259 3855 2413 3904 abest.
2465 3851 2564 3901 Alii
2606 3873 2618 3906 :

1596 3941 1658 3987 Et
1697 3939 1829 3988 Deus
1879 3949 2049 3986 auctor
2087 3937 2247 3985 adest.
2293 3933 2358 3986 C.
2401 3931 2529 3982 Mic.
2572 3941 2623 3984 et

1589 4014 1703 4069 Col.
1751 4013 1905 4067 Hanc
1947 4012 2226 4072 lentiouem
2280 4011 2336 4064 in
2385 4011 2625 4080 margine

1591 4095 1778 4168 ponit,
1819 4107 1870 4146 et
1913 4093 2088 4146 miuus
2121 4092 2315 4164 probat
2350 4091 2622 4142 Bet-sman-

1590 4193 1720 4237 nus,
1738 4173 1902 4244 quiet
1929 4175 2078 4224 abest.
2107 4171 2222 4244 Ego
2249 4189 2374 4224 vero
2396 4169 2454 4223 in
2475 4167 2624 4222 nullo
