2975 4684
475 403 517 445 2
1280 373 1790 442 PRAEFATIO

472 523 833 596 adversari
861 544 1073 619 posse
1090 573 1110 608 ,
1138 521 1264 617 qui
1292 545 1505 618 aequo
1539 523 1780 595 animo
1807 548 1958 596 rem
1988 525 2318 599 arbitrari
2338 529 2595 620 velint,

470 670 663 728 certe
688 680 837 726 non
850 651 1233 752 praevalere
1251 654 1568 724 rationes
1591 653 1759 726 alias
1774 670 2050 753 putem,
2071 657 2340 756 quihus
2359 659 2599 734 adhuc

470 814 553 862 ea
586 767 905 860 carmina
938 783 1278 857 Cornelio
1310 787 1578 855 Severo
1606 800 1680 857 et
1705 789 1999 860 Lucano
2027 789 2371 864 attributa
2401 807 2594 865 sunt.

466 919 832 1020 Equidem
860 916 1162 1016 pulchre
1202 916 1567 1015 intelligo,
1600 943 1822 1015 quam
1857 918 2150 994 difficile
2190 925 2318 1013 sit,
2349 951 2486 996 usu
2523 940 2595 998 et

466 1036 819 1128 vetustate
853 1048 1309 1122 confirmatas
1338 1051 1722 1149 opiniones
1749 1053 2188 1144 convellere,
2211 1071 2286 1128 et
2309 1055 2597 1130 futuros

467 1210 621 1260 esse
675 1208 827 1256 non
878 1203 1149 1279 paucos
1208 1181 1578 1268 existimO,
1619 1185 1747 1279 qui
1799 1199 1968 1280 post
2016 1163 2594 1284 disquisitionem

464 1297 653 1390 hanc
701 1337 933 1386 meam
986 1311 1406 1384 Cornelium
1442 1317 1789 1386 Severum
1823 1319 2080 1405 AEtnae,
2109 1332 2182 1390 et
2215 1323 2593 1393 Lucanum

466 1448 800 1522 carminis
852 1443 1217 1516 Pisoniani
1279 1457 1647 1534 auctores,
1693 1445 1862 1519 inde
1911 1471 1953 1518 a
2003 1450 2322 1549 Josepho
2375 1453 2593 1524 Scali-

463 1605 636 1680 gero
685 1592 759 1649 et
802 1574 1167 1648 Hadriano
1201 1577 1456 1662 Juni0‚
1487 1589 1562 1647 at
1604 1581 1893 1674 quantis
1923 1577 2128 1651 viris!
2158 1605 2292 1679 per
2333 1607 2592 1656 manus

462 1715 913 1798 eruditorum
964 1709 1101 1784 sibi
1152 1711 1453 1784 traditos
1475 1767 1495 1800 ,
1529 1716 1842 1788 retinere
1892 1717 2177 1807 malint,
2219 1734 2378 1810 aut,
2423 1722 2591 1818 quis

464 1848 817 1944 cujusque
871 1859 1128 1916 auctor
1178 1844 1633 1933 nominetur,
1662 1845 1734 1918 id
1779 1870 2036 1945 parum
2077 1847 2349 1922 referre
2401 1849 2596 1922 arbi-

458 1993 766 2052 trentur.
812 1981 1066 2074 Neque
1118 1991 1358 2049 tamen
1399 1977 1612 2067 mihi,
1647 1981 1764 2051 cui
1800 1983 2186 2053 Poetarum
2226 1983 2594 2052 minorum

460 2137 611 2184 non
638 2108 860 2180 modo
889 2109 1205 2179 carmina
1222 2161 1241 2193 ‚
1267 2107 1393 2178 sed
1424 2122 1496 2180 et
1523 2109 1900 2182 historiam
1935 2110 2294 2183 illustrare
2329 2135 2592 2210 propo-

458 2245 675 2315 situm
705 2254 847 2329 est,
874 2253 1255 2337 propterea
1285 2242 1526 2312 minus
1550 2229 2064 2314 elaborandum
2093 2245 2170 2314 in
2199 2244 2594 2340 quaerendo

458 2399 712 2448 eorum
779 2371 1181 2445 carminum
1236 2395 1409 2444 vero
1475 2388 1772 2446 auctore
1835 2373 2016 2463 fuit3
2063 2376 2244 2472 quin
2310 2374 2593 2448 futuros

454 2523 639 2608 puto
667 2507 883 2594 alios,
926 2503 1054 2601 qui
1090 2503 1369 2576 bonum
1420 2502 1694 2577 factum
1745 2504 2025 2597 dicant,
2067 2508 2267 2605 quod
2301 2522 2588 2606 poetaS,

456 2664 582 2712 sua
612 2636 909 2737 quidem
936 2651 1138 2710 aetate
1166 2638 1333 2710 satis
1362 2635 1686 2709 celebres
1708 2692 1727 2724 ‚
1757 2636 1884 2710 sed
1921 2637 2288 2711 oblivione
2316 2642 2592 2739 sequio—

457 2795 622 2844 rum
673 2749 1087 2867 temporum
1147 2766 1614 2873 obscuratos,
1661 2782 1736 2840 et
1785 2794 2086 2842 suorum
2135 2773 2590 2870 possessione

456 2903 887 2988 carminum,
922 2925 1067 2997 qua
1105 2899 1291 2972 salva
1330 2925 1482 2972 6556
1530 2925 1782 2972 eorum
1828 2900 2016 2991 fama
2049 2916 2374 3001 poterat,
2403 2919 2587 2975 tam·

455 3059 671 3132 quam
732 3031 823 3106 de
873 3031 1227 3130 naufragii
1276 3030 1561 3120 tabula,
1609 3033 1978 3132 depuls08‚
2023 3037 2390 3107 memoriae
2451 3061 2589 3107 no-

454 3183 767 3238 strorum
795 3165 1179 3237 hominum
1206 3165 1638 3236 restituet-im
1655 3221 1674 3253 ‚
1703 3181 1776 3238 et
1804 3168 1879 3238 in
1909 3181 2176 3240 coetum
2207 3183 2588 3239 auctorum

452 3314 777 3372 veterum
794 3354 813 3386 ,
838 3321 991 3395 quo
1022 3296 1259 3369 adhuc
1284 3299 1536 3396 inique
1561 3315 1992 3390 caruerunt,
2020 3302 2437 3373 revocarim.
2461 3305 2593 3374 Ne-

453 3455 596 3528 que
624 3455 830 3518 vero,
852 3429 911 3500 si
943 3427 1122 3526 quid
1158 3453 1241 3499 ea
1266 3428 1341 3499 in
1384 3455 1463 3501 re
1493 3429 1621 3501 abs
1649 3455 1764 3502 me
1798 3433 2173 3504 inventum
2215 3447 2356 3521 est,
2386 3430 2584 3531 quod

450 3561 773 3634 eruditos
822 3559 1001 3632 alios
1046 3534 1288 3630 adhuc
1344 3558 1566 3660 fugit,
1609 3563 1751 3634 hoc
1801 3563 2193 3635 eruditioni
2245 3587 2421 3636 meae
2464 3576 2591 3634 aut

450 3694 813 3792 sagacitati
842 3690 1119 3781 tribue,
1146 3691 1270 3765 sed
1304 3695 1550 3791 potius
1582 3696 1904 3793 ipsorum
1940 3709 2356 3795 poematum
2375 3749 2395 3784 ,
2424 3719 2589 3792 quae

451 3825 591 3896 edo
613 3881 633 3912 ,
683 3823 1121 3914 infelicitati,
1164 3850 1325 3921 quae
1382 3826 1554 3924 quia
1607 3829 1726 3898 vix
1781 3828 2009 3914 aliter,
2072 3853 2292 3926 quam
2354 3827 2588 3925 poetis

448 3953 839 4048 majoribus
866 3970 1235 4052 tamquam
1262 3956 1699 4054 appendices
1727 3956 2003 4031 adnexa
2021 4013 2042 4048 ‚
2084 3959 2588 4055 rarissimeque

450 4111 771 4162 seorsum
790 4088 977 4159 edita
996 4103 1069 4160 et
1096 4089 1439 4187 singulari
1463 4091 1704 4164 studio
1733 4106 2164 4190 pertractata
2187 4105 2390 4178 sunt,
2415 4090 2586 4162 hinc
