2975 4684
483 263 623 394 364

1043 314 1543 382 EPISTOLA
1601 311 2043 381 DIDONIS

574 432 1040 529 Amplexuque
1073 433 1302 504 fovens
1336 432 1652 530 querulos
1686 434 1811 505 sub
1842 430 2137 503 culmine
2174 432 2367 501 nidos
2562 454 2614 491 ⁵0

575 547 815 614 Pensat
850 568 1078 613 amore
1111 545 1326 633 nefas,
1361 547 1770 641 miserasque
1804 544 2049 615 alitura
2081 541 2382 639 querelas

577 656 796 724 Nocte
831 655 1111 749 premit,
1149 656 1331 750 quod
1367 654 1515 725 luce
1558 654 1783 727 dolet:
1814 680 1954 727 sua
1984 654 2211 727 toedia
2242 652 2437 725 solus

573 758 861 832 Fallere
887 770 1112 835 nescit
1127 790 1341 836 amor
1361 792 1382 835 .-
1413 791 1597 837 nunc
1614 767 1755 860 jam
1785 766 1956 835 bene
1973 767 2251 860 junctus
2266 762 2610 834 ‘amantem

574 873 798 942 Ardor
829 872 980 961 alit,
1017 873 1428 971 thalamique
1465 876 1668 946 fidem
1704 902 1823 946 sua
1861 876 2147 973 pignora
2180 873 2521 970 complent
2548 901 2567 944 ε

576 984 843 1078 Conjux
879 982 1028 1055 laeta
1071 987 1259 1077 viro,
1299 985 1461 1057 felix
1504 1012 1711 1057 uxore
1746 986 2043 1055 maritus,
2564 1004 2611 1044 ⁵⁵

578 1100 758 1166 Vota
787 1113 1090 1169 recenset
1116 1123 1330 1187 amor,
1360 1114 1747 1195 secretaque
1782 1098 2001 1169 dulcia
2023 1124 2044 1185 ;
2070 1122 2343 1203 somnus

576 1208 957 1280 Concordat
993 1234 1148 1279 cum
1183 1224 1380 1280 nocte
1417 1225 1636 1279 torum
1666 1235 1682 1278 ε
1713 1232 1851 1279 sua
1887 1206 2107 1291 toedia
2140 1205 2337 1277 solus

574 1314 860 1387 Fallere
895 1324 1122 1389 nescit
1147 1344 1391 1391 amor:
1433 1319 1723 1390 fecundo
1766 1318 2015 1388 semine
2049 1342 2278 1387 rerum

573 1428 800 1497 Mutat
837 1440 1014 1498 terra
1043 1429 1218 1499 vices
1239 1484 1260 1519 ,
1295 1430 1602 1500 autumni
1641 1430 1961 1525 temporis
1992 1452 2189 1498 auras

552 1656 636 1708 50.
662 1661 1033 1727 Amplexusque
1049 1662 1234 1728 fovens
1273 1664 1501 1727 querulos

477 1738 567 1791 sub
584 1738 794 1790 culmine
813 1742 978 1791 nidos.
998 1738 1123 1793 Hoec
1150 1756 1365 1812 quoque
1386 1757 1503 1793 cor-

479 1826 632 1887 rupta
656 1815 712 1868 in
732 1817 848 1871 aliis
863 1817 1282 1873 edd.Tentaham
1302 1843 1326 1866 ι
1344 1818 1505 1873 Adfe-

478 1906 702 1968 ctusque
740 1897 926 1952 fovens
968 1898 1217 1971 querulos
1254 1899 1355 1951 sub
1393 1899 1503 1952 eul-

479 1974 622 2027 mine
639 1976 815 2042 nidi»,
835 1988 896 2030 ut
916 1996 1012 2050 per
1032 1980 1255 2045 adfecms
1275 1984 1502 2047 querulos

481 2053 736 2125 intelligat
745 2059 909 2124 pullos
923 2096 939 2118 ,
961 2058 1048 2111 vel
1069 2062 1318 2128 implumes
1329 2058 1497 2126 fieus,

482 2145 543 2185 ut
567 2146 722 2188 vocat
742 2136 894 2208 Vix-g.
927 2134 979 2187 d.
1014 2136 1049 2189 1.
1073 2137 1147 2191 ita
1181 2140 1408 2207 adfectus
1434 2136 1505 2190 de

481 2210 662 2267 liberis
711 2232 773 2267 ac
813 2212 935 2269 filiis
979 2214 1262 2269 hominum
1309 2214 1503 2287 passim

481 2290 587 2345 dici
611 2304 802 2347 notum
825 2305 919 2348 est.
936 2294 1042 2347 Sed
1063 2306 1280 2367 prostat
1305 2294 1505 2348 codicis

486 2371 696 2425 Divion.
724 2373 882 2426 lectio
896 2411 913 2437 ,
965 2399 988 2422 ι
1019 2374 1383 2446 Amplexuque
1429 2372 1508 2427 fo·

485 2470 616 2505 vene
633 2453 886 2524 querulos
901 2455 1001 2507 suh
1024 2452 1256 2507 culmine
1273 2453 1430 2505 nidos
1446 2470 1504 2516 »ς

485 2542 546 2583 ut
565 2534 708 2583 nidos
729 2538 956 2599 querulos
976 2532 1242 2605 capiamus
1260 2552 1360 2606 pro
1378 2533 1509 2604 ipsis

485 2610 645 2682 pullis
681 2624 774 2665 aut
815 2614 938 2667 fetu.
978 2614 1063 2669 Sic
1097 2618 1324 2681 querulos
1362 2616 1506 2667 nidos

488 2686 620 2743 dixit
660 2690 860 2745 Seneca
879 2730 897 2758 ,
939 2692 1094 2746 Herc.
1140 2692 1242 2745 fur.
1286 2712 1344 2746 v.
1386 2692 1506 2758 148.

487 2768 643 2823 Ovid.
665 2769 862 2826 Medic.
897 2773 1018 2827 Fac.
1038 2790 1136 2843 77:
1159 2797 1186 2818 ·=
1212 2770 1402 2825 Addita
1439 2770 1509 2824 de

485 2850 709 2919 querulo
737 2853 1012 2905 volucrum
1046 2849 1396 2905 medicamina
1433 2849 1513 2903 ni-

487 2926 560 2981 do
586 2954 628 2983 -.
661 2930 839 2985 Bou.
878 2964 950 2972 —
991 2934 1150 2984 Nidus
1192 2930 1298 2985 dici
1333 2930 1511 3003 pullos

487 3008 666 3062 avium
693 3010 822 3063 olim
845 3010 1146 3065 notavimus
1175 3010 1244 3063 ad
1275 3010 1507 3063 Halieut.

489 3088 786 3141 Nemesiaui
805 3128 821 3153 ,
842 3108 896 3143 v·
928 3109 1046 3161 107,
1065 3090 1179 3163 huj.
1198 3089 1372 3162 operis
1389 3100 1426 3141 t.
1447 3086 1476 3139 1
1490 3127 1508 3154 ,

487 3187 545 3241 p.
573 3168 692 3237 ²37·
721 3169 826 3222 En.
855 3202 927 3210 —
951 3169 1107 3224 Adde
1132 3170 1238 3224 hoc
1259 3168 1509 3223 Montani

486 3258 653 3319 poetae
670 3246 814 3317 apud
834 3249 1118 3320 Sen.Epist.
1137 3268 1310 3303 cnm:
1341 3274 1366 3293 κ
1386 3249 1509 3301 Jam

487 3326 646 3379 tristis
676 3326 908 3380 hirundo
926 3329 1138 3399 Argutis
1168 3327 1399 3381 reditura
1437 3327 1510 3380 ci·

486 3405 584 3459 hos
603 3404 884 3459 immittere
903 3405 1040 3460 nidis
1058 3407 1274 3479 Incipit,
1294 3419 1347 3460 et
1363 3406 1511 3459 molli

487 3485 706 3557 partitos
725 3503 817 3539 ore
843 3486 1105 3541 ministrat
1121 3512 1167 3539 a.

563 3566 648 3620 53.
668 3572 815 3618 Nunc
824 3569 938 3635 jam
966 3571 1087 3619 bene
1103 3570 1306 3636 junceus
1327 3586 1508 3617 aman·

489 3662 610 3708 tem,
653 3659 712 3700 ut
746 3646 902 3699 ovid.
929 3644 1148 3699 Hei-oid.
1173 3645 1340 3709 XIII,
1381 3663 1507 3716 117:

490 3753 514 3771 «
525 3724 758 3791 Quando
775 3726 873 3779 erit
885 3764 901 3791 ‚
921 3738 978 3779 ut
995 3727 1132 3780 lecto
1147 3744 1357 3779 mecum
1375 3727 1511 3779 bene

487 3806 702 3876 junctus
739 3807 794 3858 in
832 3826 970 3873 uuo,
999 3818 1106 3860 etc.
1127 3832 1153 3851 a
1187 3804 1426 3857 Catullus
1453 3806 1511 3857 in

491 3886 726 3939 carmine
747 3886 967 3957 nuptiali
993 3906 1005 3940 :
1037 3912 1062 3933 α
1077 3884 1188 3939 Vos
1211 3885 1362 3937 bonae
1385 3887 1513 3938 seni-

491 3966 593 4018 bus
616 3967 742 4018 viris
769 3966 1003 4037 Cognita
1026 3966 1162 4020 bene
1183 3964 1389 4018 feminae
1409 3991 1453 4016 ιι.

565 4046 647 4105 54.
673 4051 771 4095 Sua
791 4049 1008 4113 pignora
1035 4050 1274 4113 complent
1291 4084 1304 4109 ‚
1335 4044 1510 4097 officia

1589 1658 1784 1712 amoris
1804 1696 1820 1722 ,
1838 1676 1956 1731 quoe
1982 1656 2145 1711 fidem
2167 1656 2497 1729 conjugalem
2520 1654 2613 1709 ad·

1590 1738 1857 1809 stringunt
1906 1737 2077 1810 magis
2121 1748 2173 1790 et
2222 1736 2467 1808 probant.
2526 1734 2615 1789 Sic

1591 1817 1747 1888 Virg.
1780 1816 1995 1871 AEneid.
2024 1817 2109 1869 111
2126 1854 2143 1881 ,
2172 1818 2302 1869 611:
2327 1842 2354 1862 «ι
2376 1816 2617 1869 animum

1590 1896 1835 1970 praesenti
1859 1898 2081 1969 pignore
2102 1896 2282 1949 firmat
2294 1920 2319 1943 ο
2337 1936 2351 1948 .

1663 1976 1751 2029 56.
1781 1982 1909 2027 Vota
1932 1990 2153 2029 recenset
2180 1994 2338 2027 amor.
2364 1980 2430 2026 In
2450 1973 2612 2027 Salm.

1592 2066 1645 2108 et
1662 2054 1812 2110 Leid.
1838 2076 2007 2109 recens
2046 2070 2093 2107 ec
2120 2074 2287 2116 amor,
2324 2052 2419 2107 aed
2444 2071 2620 2106 emen·

1592 2133 1778 2189 datum
1815 2154 1979 2190 manu
2018 2153 2119 2188 sec.
2154 2148 2393 2187 recenset.
2426 2134 2614 2185 Bunx.

1593 2216 1706 2287 Ego
1736 2233 1863 2267 vero
1899 2212 2287 2287 praeferendum
2322 2224 2507 2284 putem
2544 2230 2619 2263 re-

1592 2314 1709 2347 cem·
1745 2308 1794 2345 et
1834 2314 1977 2345 amor
1992 2315 2012 2345 .·
2047 2294 2194 2365 loqui
2233 2292 2376 2345 enim
2412 2290 2620 2343 videtur

1593 2373 1663 2427 de
1704 2375 2021 2447 conjugibus
2066 2392 2250 2427 recena
2288 2370 2518 2446 junctis,
2566 2382 2617 2423 et

1592 2472 1776 2507 oecens
1804 2473 1955 2508 amor
1981 2452 2219 2507 validior.

1668 2534 1753 2605 57.
1778 2539 1983 2586 Somnus
2022 2536 2301 2585 Concor-dat
2332 2550 2443 2582 cum
2478 2543 2618 2581 nocte

1596 2628 1773 2673 corum,
1791 2612 1851 2664 h.
1872 2632 1921 2666 e.
1940 2630 2158 2665 somnus
2176 2622 2228 2664 et
2244 2628 2353 2663 nox
2371 2628 2483 2662 uno
2501 2620 2619 2661 toro

1597 2690 1887 2745 concordes
1913 2691 2105 2763 junxit.
2132 2721 2203 2730 —
2225 2689 2356 2743 Tale
2376 2682 2617 2757 estquod

1597 2781 1781 2825 auctor
1800 2768 2007 2841 Pei-vig.
2023 2768 2279 2835 Veneris,
2306 2788 2356 2822 v.
2387 2767 2419 2819 3
2437 2804 2455 2830 ,
2483 2786 2621 2819 amo·

1600 2870 1676 2902 res
1713 2852 2016 2903 concordare
2045 2847 2207 2914 dixit,
2245 2847 2409 2919 idque
2434 2856 2505 2918 τῷ
2533 2867 2622 2899 ma-

1599 2933 1711 2983 bar-e
1736 2927 2044 3003 conjungit:
2075 2954 2100 2973 α
2128 2928 2269 2980 Vere
2294 2925 2620 2979 concordant

1596 3026 1834 3071 amores,
1868 3026 1994 3061 vere
2022 3006 2232 3059 nubunt
2257 3006 2405 3058 alites
2427 3024 2489 3069 »ς
2525 3004 2617 3057 ubi

1596 3086 1720 3142 vide
1766 3086 2011 3141 adnotata
2057 3098 2233 3141 nostra
2273 3097 2417 3139 tomo
2462 3103 2618 3156 supe-

1596 3169 1769 3235 riore,
1802 3186 1855 3239 p.
1875 3168 1995 3230 514.
2015 3166 2121 3219 En.

1671 3249 1754 3316 59.
1803 3252 1968 3298 Mutat
2009 3260 2141 3299 terra
2186 3249 2351 3307 vices,
2402 3247 2622 3297 autumni

1599 3330 1823 3397 temporis
1849 3347 2019 3379 accras.
2050 3326 2212 3381 Salm.
2246 3337 2297 3378 et
2322 3322 2471 3378 Leid.
2496 3323 2615 3377 cod.

1598 3422 1650 3459 et
1668 3410 1907 3459 aummm‘.
1948 3406 2187 3459 Primum
2226 3403 2617 3457 hemistichium

1597 3486 1819 3539 debetur
1841 3486 2062 3541 Horatio
2076 3525 2093 3553 ,
2134 3484 2313 3537 Carm.
2342 3484 2439 3544 lv,
2465 3500 2521 3553 7,
2550 3481 2617 3535 3:

1610 3592 1633 3613 ι
1654 3564 1876 3620 redeunt
1888 3568 1999 3639 jam
2018 3563 2262 3637 gramina
2284 3562 2485 3635 campis
2502 3602 2519 3629 ,
2545 3580 2620 3615 ar-

1598 3643 1920 3717 boribusque
1939 3662 2105 3698 comm
2127 3661 2141 3696 τ
2178 3642 2353 3695 Mutat
2374 3653 2515 3694 terra
2542 3640 2620 3692 vi-

1599 3742 1685 3777 ces
1700 3750 1726 3769 ω
1745 3741 1758 3775 :
1780 3724 1981 3796 reliqua
2001 3724 2159 3776 etiam
2183 3740 2245 3774 ex
2266 3720 2488 3773 Horatio
2503 3719 2620 3772 imi-

1600 3815 1707 3858 tata
1732 3822 1842 3857 esse
1859 3841 1876 3866 ‚
1914 3802 2137 3874 margini
2166 3800 2483 3855 schedarum
2504 3799 2620 3852 Sal-

1600 3903 1730 3937 mas.
1755 3882 2099 3955 adscripscrat
2119 3880 2385 3943 Heinsius,
2398 3880 2622 3932 innuens

1600 3964 1711 4016 sine
1752 3962 1917 4015 dubio
1962 3962 2137 4015 locum
2190 3980 2256 4013 cx
2298 3962 2422 4012 Arte
2470 3958 2617 4010 Poet.

1604 4048 1699 4098 302
1728 4064 1737 4096 :
1774 4069 1796 4089 ι
1819 4044 1923 4108 Qui
1948 4062 2147 4115 purgor
2176 4045 2335 4095 bilem
2357 4042 2457 4094 sub
2474 4037 2619 4091 vemi
