2975 4684
557 417 691 488 502
793 421 1305 489 EPITOMES
1361 422 1777 489 HOMERI
1842 421 2433 490 EDITIONES.

556 570 791 616 ventus
825 569 954 633 est,
1001 569 1297 616 narrante
1345 555 1421 618 cl.
1464 555 1745 642 Dorpi0,
1788 554 2148 618 Observatt.
2192 577 2333 644 pag.
2368 553 2510 631 134.
2542 555 2681 617 No-

561 657 807 720 vissime
841 658 1163 721 Antonius
1203 659 1282 720 de
1322 657 1523 741 Rooy,
1566 657 2047 746 gymnasiarcha
2084 659 2412 722 Snecanus
2434 707 2451 733 ,
2498 681 2681 721 nunc

553 761 868 850 gymnasii
903 761 1302 826 Dordraceni
1350 780 1583 845 rector,
1632 765 1697 826 in
1742 763 2081 851 Spicilegiis
2110 765 2335 827 crinitis
2364 761 2681 826 Dordraci

551 888 654 929 an.
691 889 848 953 1771
874 865 1084 949 editis,
1111 868 1316 955 capite
1343 869 1452 950 16,
1472 867 1821 932 Pindarum
1836 868 2221 932 Thebanum
2248 868 2491 956 aliquot
2518 861 2683 930 locis

557 973 901 1060 castigavit.
929 974 1012 1037 Et
1033 973 1201 1037 Petr.
1223 975 1669 1060 Burmannum
1694 972 1883 1037 video
1918 975 1985 1036 in
2020 973 2280 1038 Adnott.
2304 973 2386 1038 ad
2410 973 2679 1035 Anthol.

549 1079 684 1141 Lat.
709 1079 887 1142 hunc
909 1095 1236 1142 auctorem
1260 1081 1493 1167 passim
1519 1079 1840 1144 adducere
1866 1095 1931 1144 et
1953 1079 2316 1144 emendare.
2344 1081 2679 1166 Integram

553 1185 690 1264 ejus
715 1183 1058 1271 poematiS‚
1100 1200 1356 1248 tantum
1381 1183 1599 1249 adhuc
1624 1185 1927 1273 neglecti,
1954 1186 2391 1248 recensionem
2432 1200 2499 1247 et
2534 1182 2681 1246 edi-

557 1289 804 1352 tionem
825 1288 998 1376 apud
1023 1292 1286 1353 Batavos
1319 1290 1531 1354 moliri
1565 1289 2033 1354 nobilissimum
2066 1288 2329 1377 ingenio
2360 1303 2427 1352 et
2452 1287 2680 1351 erudi-

552 1394 730 1458 tione
754 1394 1056 1474 juvenem
1083 1417 1222 1458 van
1243 1395 1483 1459 Kooten
1496 1444 1516 1475 ,
1544 1396 1882 1476 Batavum,
1908 1418 1943 1458 e
1981 1394 2179 1458 literis
2210 1394 2384 1458 docti
2414 1392 2536 1456 viri
2559 1415 2679 1456 co-

550 1499 986 1588 gnovi.Quem
1009 1486 1124 1563 ubi
1139 1515 1278 1563 tum
1293 1501 1561 1590 egregiis
1584 1500 1887 1565 subsidiis
1905 1499 2307 1564 bibliothecae
2319 1497 2677 1576 Leidensis‚

547 1621 690 1668 tum
729 1604 964 1692 insigni
996 1605 1514 1669 observationum
1538 1656 1555 1686 ,
1602 1630 1760 1693 quas
1800 1606 1975 1670 docti
2019 1607 2232 1670 Batavi
2283 1603 2633 1668 ediderunt
2654 1655 2676 1686 ,

549 1709 735 1799 copia
775 1710 1160 1774 instructum
1210 1711 1292 1774 ad
1331 1734 1564 1799 poema
1606 1711 1768 1775 illud
1818 1709 2313 1799 perpoliendum
2368 1709 2677 1773 accedere

545 1813 777 1894 audin,
821 1815 1193 1903 gratulanda
1231 1839 1384 1879 sane
1417 1818 1474 1879 ei
1528 1817 1808 1903 poemati
1844 1817 1980 1879 haec
2021 1815 2284 1878 felicitas
2316 1832 2444 1895 est,
2492 1814 2676 1901 quod

544 1943 660 2008 per
697 1921 881 2006 plura
912 1922 1136 1984 saecula
1167 1921 1303 1986 fere
1334 1921 1817 2002 absconditum,
1857 1939 1922 1986 et
1960 1921 2293 1986 vetustatis
2328 1920 2675 1984 barbariae-

547 2047 674 2111 que
723 2023 1020 2088 sordibus
1073 2027 1359 2088 obsitum
1383 2075 1399 2107 ,
1466 2041 1685 2090 nostra
1748 2042 1930 2090 aetate
1980 2027 2267 2114 plurium
2317 2026 2671 2089 hominum

545 2149 736 2216 opera
771 2151 1034 2216 prorsus
1067 2128 1375 2196 vindicari
1417 2131 1482 2192 in
1521 2131 1768 2210 lucem,
1822 2147 1885 2193 et
1930 2132 2108 2193 omni
2164 2153 2316 2192 cura
2368 2131 2675 2194 exornari

545 2235 800 2298 meruit.

631 2339 826 2402 Nunc
851 2340 1079 2404 seriem
1113 2341 1472 2404 editionum
1492 2389 1509 2423 ,
1545 2341 1783 2428 quibus
1804 2341 2104 2428 Epitome
2124 2340 2389 2404 Homeri
2409 2340 2673 2426 vulgata

545 2459 675 2525 est,
715 2467 1010 2508 enarrare
1036 2444 1386 2533 aggrediar.
1425 2446 1603 2527 Quas
1630 2446 1746 2508 etsi
1778 2446 1912 2509 scio
1934 2467 2168 2534 paucas
2200 2461 2263 2508 et
2295 2445 2670 2530 infrequen-

543 2565 640 2611 tes
677 2571 846 2630 esse,
894 2571 1118 2613 vereor
1161 2567 1411 2630 tamen,
1464 2567 1539 2612 ut
1580 2572 1805 2614 omnes
1843 2550 1993 2613 satis
2026 2565 2203 2612 certo
2252 2565 2317 2612 et
2364 2547 2670 2612 distincte

544 2652 827 2718 indicare
859 2656 1130 2741 possim,
1150 2677 1354 2741 quum
1383 2677 1420 2718 a
1451 2657 1711 2718 nemine
1744 2656 2038 2718 collectas
2071 2671 2137 2719 et
2170 2654 2448 2743 digestas
2474 2676 2669 2742 repe-

539 2759 769 2841 rerim,
809 2782 1021 2846 neque
1053 2761 1203 2824 satis
1225 2760 1765 2825 bibliothecarum
1796 2782 2175 2848 magnarum
2203 2759 2528 2823 indicibus
2560 2760 2667 2821 in-

543 2879 825 2929 structus
861 2865 1119 2929 fuerim.

638 3115 690 3154 1.
737 3091 1002 3155 Vossius
1035 3092 1295 3179 quidem
1329 3093 1615 3179 primum
1648 3091 1897 3156 editum
1929 3113 2066 3155 esse
2100 3090 2451 3155 Pindarum
2491 3088 2665 3153 'rhe-

717 3197 959 3261 banum
1012 3221 1047 3260 a
1105 3198 1452 3262 Laurentio
1508 3199 1842 3262 Abstemio
1900 3196 2119 3276 tradit,
2178 3219 2327 3260 cum
2384 3195 2661 3282 Maphaei

716 3303 900 3390 Vegii
926 3306 1343 3390 Astyanacte,
1384 3328 1458 3367 ac
1486 3304 1875 3392 quibusdam
1910 3301 2501 3392 epigrammatibus.
2522 3299 2663 3389 Ego

713 3429 900 3486 vei-0,
939 3431 1018 3470 an
1067 3411 1272 3495 prima
1319 3411 1613 3474 omnium
1660 3408 1859 3473 editio
1918 3410 2002 3472 sit
2052 3407 2403 3488 Abstemii,
2444 3404 2663 3470 adhuc

715 3512 967 3575 dubito.
1001 3515 1285 3601 Antiqua
1317 3513 1517 3578 editio
1554 3515 1947 3595 Florentina,
1982 3514 2162 3594 in-4,
2202 3526 2597 3576 memoratur
2624 3533 2661 3572 a

715 3621 963 3682 Joanne
1018 3621 1304 3701 Cinello,
1341 3619 1643 3684 Biblioth.
1688 3620 1963 3686 volantis
2018 3635 2199 3683 tomo
2221 3617 2375 3698 VII,
2422 3640 2489 3705 p.
2533 3615 2658 3696 66,

715 3723 837 3787 sub
872 3725 1062 3788 titulo
1090 3725 1434 3788 :Homerus
1472 3726 1552 3788 de
1587 3723 1750 3788 bello
1788 3725 2064 3812 Trojano
2080 3773 2101 3804 ,
2137 3745 2335 3812 quam
2384 3720 2652 3808 quidem

715 3829 1076 3909 Fabricius,
1103 3828 1402 3894 Biblioth.
1426 3829 1563 3893 Lat.
1591 3829 1856 3900 med.,et
1885 3828 1999 3891 inf.
2032 3844 2131 3892 aet.
2160 3827 2288 3891 vol.
2309 3827 2390 3908 V,
2415 3847 2479 3914 p.
2508 3824 2657 3910 875,

714 3956 832 4020 pro
869 3935 1072 4022 prima
1103 3935 1291 3998 Laur.
1324 3935 1641 3999 Abstemii
1688 3933 1915 4014 habet,
1962 3955 2080 4021 ego
2124 3955 2281 3996 vero
2330 3931 2547 3994 malim
2582 3953 2656 3994 ea

710 4040 986 4124 priorem
1025 4041 1415 4122 existimare,
1453 4040 1606 4126 quia
1638 4041 1849 4105 solum
1882 4037 2149 4102 Homeri
2183 4038 2480 4111 titulum,
2517 4058 2653 4098 non

709 4141 969 4207 Pindari
995 4145 1286 4210 Thebani
1323 4167 1597 4227 nomen,
1628 4145 1918 4233 praefert,
1954 4164 2074 4206 nec
2104 4129 2351 4206 annum
2384 4141 2655 4230 impres-
