2975 4684
1296 354 1613 424 AETNA.

2427 357 2524 454 93

493 476 1003 572 Sollicitantque
1022 477 1179 546 siti:
1206 477 1467 564 Minos,
1508 491 1794 570 tuaque,
1813 477 2040 562 AEace,
2069 478 2136 546 in
2165 478 2422 549 umbris
2475 507 2525 543 a„

488 593 649 658 Jura
686 587 971 674 canunt,
1016 586 1325 684 idemque
1362 601 1590 658 rotant
1628 585 1880 656 Ixionis
1917 585 2186 670 orbem,

490 699 843 795 Quidquid
888 713 957 768 et
996 699 1279 769 interius
1312 697 1461 768 falsi
1495 697 1626 766 sibi
1667 696 1936 767 conscia
1969 711 2146 768 terra
2187 715 2306 770 est.

486 813 643 882 Non
683 823 783 878 est
821 823 997 878 terra
1032 809 1226 896 satis,
1256 806 1688 904 speculantur
1727 807 2004 878 numina
2047 808 2296 879 Divum
2317 865 2338 896 ‚

489 922 635 990 Nec
672 933 987 990 metuunt
1029 919 1259 990 oculos
1300 919 1522 990 alieno
1559 917 1912 990 admittere
1953 916 2137 988 eaelo.

490 1031 763 1102 Norunt
805 1029 979 1102 bella
1012 1035 1237 1102 Deum
1258 1083 1277 1116 ,
1318 1045 1574 1102 norunt
1607 1028 2000 1100 abscondita
2027 1030 2222 1100 nohis
2481 1057 2529 1096 2⁵

490 1142 823 1239 Conjugia
842 1193 862 1226 ‚
896 1157 963 1212 et
988 1141 1151 1213 falsa
1182 1143 1449 1238 quoties
1476 1142 1602 1212 sub
1633 1141 1924 1236 imagine
1951 1157 2260 1236 peccent,

391 1341 549 1394 lasset
580 1357 765 1398 omnes
805 1339 1011 1394 fabulas
1048 1327 1325 1414 poetarum
1364 1365 1410 1394 ι.

464 1419 549 1472 80.
576 1423 948 1488 Sollicitaneque
974 1423 1072 1472 siti.
1106 1419 1249 1474 Olim
1276 1419 1414 1473 anti-

388 1515 513 1572 que
561 1498 751 1552 vitiose
794 1499 1095 1553 hahuerunt
1140 1502 1314 1562 Sirim,
1366 1511 1419 1551 et

388 1577 675 1632 Aseeusius
688 1579 803 1651 jam
822 1591 1004 1632 monet
1016 1577 1417 1652 Despauterium

392 1656 680 1730 legendum
725 1658 989 1711 censuisse
1034 1661 1244 1720 Scinirn,
1286 1677 1420 1730 quo-

388 1737 559 1792 modo
582 1749 635 1791 et
657 1737 821 1792 habet
851 1735 1029 1810 Lngd.
1056 1755 1204 1802 mea,
1225 1737 1415 1811 Scalig.

390 1830 445 1872 et
470 1807 614 1872 Pith.
635 1818 1057 1890 Amplexandam
1082 1818 1225 1872 hanc
1240 1819 1421 1872 lectio·

390 1917 515 1952 nem
558 1899 673 1970 ipse
712 1895 1011 1972 judicarem
1033 1938 1051 1966 ,
1111 1899 1157 1952 si
1201 1915 1263 1952 ex
1311 1897 1419 1951 ullo

391 1979 697 2032 fabularum
760 1978 1055 2032 testimonio
1119 1988 1411 2048 constaret,

390 2059 595 2114 Scinim
629 2055 779 2112 illum
814 2057 1075 2112 latronem
1100 2057 1417 2110 immanissi-

393 2157 545 2193 mum
562 2177 579 2205 ‚
602 2157 633 2192 a
651 2137 859 2192 Theseo
878 2137 1218 2192 interfectum
1239 2175 1254 2200 ,
1273 2135 1417 2209 apud

390 2219 599 2272 inferos
633 2237 812 2292 pesnas
847 2219 989 2291 pati,
1016 2229 1076 2271 ut
1110 2217 1415 2289 Sisyphum.

392 2295 499 2353 sed
521 2302 606 2350 siti
620 2299 839 2370 reliqum
858 2315 1045 2351 omues
1065 2313 1197 2350 mem
1216 2297 1419 2369 legunt,

392 2378 553 2432 etiam
579 2375 701 2431 cod.
724 2377 950 2432 Helmst.
974 2389 1239 2431 correctus
1263 2395 1292 2428 a
1312 2391 1421 2426 ma-

393 2475 470 2510 nu
510 2453 742 2511 secunda
760 2494 777 2519 ‚
828 2475 1002 2529 neque
1042 2455 1100 2508 id
1136 2453 1207 2509 ad
1251 2453 1420 2526 expri-

394 2534 645 2590 mendam
700 2551 908 2607 poenam
951 2534 1163 2588 Tantali
1210 2529 1422 2586 videtur

399 2615 575 2668 omitti
606 2616 864 2668 mutarive
893 2633 1061 2686 posse.
1086 2615 1163 2667 De
1180 2613 1321 2668 Scini
1340 2611 1418 2664 in-

396 2693 551 2748 terim
576 2693 838 2748 videndas
858 2692 1021 2747 Ovid.
1042 2693 1257 2746 Metam.
1275 2691 1385 2743 vn
1400 2729 1415 2754 ,

394 2781 517 2839 440.
538 2775 857 2848 conjectura
868 2771 1117 2841 Scaligeri
1132 2774 1418 2824 sollicitant-

394 2874 497 2921 φη
509 2857 651 2914 sitos,
672 2853 732 2906 h.
755 2872 804 2907 e.
832 2862 1071 2905 mortuos
1084 2892 1099 2918 ‚
1118 2869 1226 2904 non
1240 2847 1420 2922 magni

396 2931 645 2988 facienda
664 2932 891 2988 videtur.

469 3013 559 3068 82.
596 3017 702 3066 siba·
734 3015 931 3064 conscia
978 3025 1110 3062 ter-ra
1145 3025 1235 3062 ese.
1276 3007 1419 3062 Illud

396 3109 474 3146 ese
506 3091 718 3148 videtur
750 3093 943 3146 rectius
980 3090 1233 3144 exsulare.
1262 3091 1423 3143 Abest

396 3186 543 3228 certe
560 3192 591 3226 a
610 3169 787 3244 Lngd.
820 3183 870 3224 et
897 3169 1029 3242 Hag.
1056 3181 1108 3224 et
1129 3187 1193 3224 eo
1216 3170 1423 3243 abjecto

399 3253 609 3308 facilior
634 3269 817 3305 sensus
846 3251 1075 3304 eruitur:
1102 3253 1356 3319 Quidquid
1376 3267 1425 3303 et

399 3337 603 3386 hiterius
626 3330 792 3385 habet
813 3330 899 3384 vel
918 3329 1148 3384 continet
1173 3344 1305 3382 terra
1330 3335 1425 3384 sibi

400 3414 747 3482 consciasalsi.
762 3410 1049 3482 Singularis
1066 3421 1144 3463 est
1165 3410 1320 3463 lectio
1328 3411 1423 3465 MS

399 3491 621 3546 Helmst.
638 3493 892 3560 Quidquid
903 3505 954 3540 et
963 3491 1299 3559 inter-iussa&
1309 3509 1423 3541 con-

399 3574 562 3624 sortia
584 3584 779 3623 ten-ent.
794 3568 1069 3622 Probabile
1086 3580 1165 3621 est
1178 3609 1191 3634 ‚
1211 3580 1421 3641 poetam

400 3649 645 3704 hocloco
656 3649 976 3702 mentionem
996 3648 1240 3720 injecisse
1258 3661 1424 3701 terro-

402 3731 477 3784 ris
494 3771 511 3797 ,
544 3745 707 3802 quem
749 3727 967 3802 injicere
998 3729 1219 3800 vulgata
1246 3740 1424 3800 poeta-

402 3825 525 3862 rum
573 3807 767 3862 fabula
812 3806 879 3860 de
928 3807 1219 3860 inferorum
1254 3808 1426 3880 poenis

406 3890 593 3943 solent.
606 3887 941 3960 Quapropter
952 3887 1028 3942 sie
1040 3886 1305 3958 scripsisse
1321 3889 1425 3940 Lu-

404 3968 583 4024 cilium
632 3967 905 4022 existimo:
960 3992 982 4014 -
1003 3967 1239 4037 Quoeque
1286 3966 1425 4020 ultra

404 4049 675 4103 interitum
712 4046 828 4100 falsi
855 4047 1120 4100 consortia
1146 4058 1345 4099 terrent
1364 4085 1383 4111 ,
1404 4073 1426 4094 ι

403 4128 458 4182 h.
482 4147 531 4182 e.
556 4127 744 4182 dicunt
766 4137 818 4180 et
842 4125 941 4180 alia
969 4125 1095 4180 falsa
1113 4165 1130 4192 ,
1158 4143 1275 4197 quoe
1306 4145 1430 4198 poe·

1503 1352 1571 1394 to
1596 1361 1626 1394 e
1657 1350 1917 1412 perpetuo
1946 1339 2160 1394 fallendi
2189 1341 2533 1419 fingendique

1506 1439 1606 1473 usu
1637 1419 1998 1493 excogitarunt
2022 1419 2090 1474 ad
2122 1423 2394 1478 terrendos
2433 1426 2532 1480 ho-

1505 1501 1676 1554 mines
1694 1540 1711 1567 ‚
1751 1512 1811 1554 ut
1844 1500 1987 1554 ultra
2020 1500 2132 1554 fata
2172 1520 2266 1556 sua
2295 1505 2533 1561 timeant.

1505 1579 1592 1634 Sic
1622 1579 1926 1652 Propertius
1961 1580 2148 1652 querit
2181 1581 2296 1645 111,
2332 1585 2361 1638 5
2383 1623 2398 1647 ,
2429 1587 2532 1651 45:

1509 1685 1531 1706 ι
1550 1662 1634 1710 An
1662 1657 1788 1713 ficta
1818 1659 1874 1712 in
1905 1659 2127 1713 miseras
2153 1658 2426 1716 descendit
2453 1667 2534 1720 fa-

1507 1739 1631 1792 bula
1654 1750 1832 1810 gentes
1853 1739 2010 1808 (scil.
2037 1739 2222 1792 fabula
2257 1740 2324 1795 de
2358 1743 2534 1799 Mani-

1506 1819 1608 1872 bus
1625 1829 1678 1870 et
1703 1817 1886 1872 inferis
1900 1821 1923 1888 )
1937 1819 2006 1871 Et
2023 1816 2184 1871 timor
2200 1817 2350 1874 haud
2371 1825 2532 1893 ultra,

1508 1913 1670 1970 quam
1697 1915 1864 1969 rogus
1878 1938 1896 1965 ,
1917 1915 2028 1952 esse
2044 1897 2250 1968 potest?
2265 1923 2288 1946 ι

1578 1976 1664 2032 85.
1682 1981 1880 2028 Nor-rme
1897 1981 2024 2030 bella
2037 1983 2213 2032 Deum.
2233 1979 2428 2052 Tangit
2445 1981 2535 2037 hic

1507 2057 1684 2110 locum
1703 2055 1940 2110 Lucilius
1953 2075 1982 2108 a
2003 2055 2180 2110 multis
2194 2057 2536 2132 philosopho-
2591 2050 2601 2060 ’

1507 2153 1628 2188 rum
1643 2173 1658 2200 ,
1677 2135 1954 2207 gentilium
1969 2153 2118 2208 aeque
2134 2155 2196 2190 ac
2215 2137 2538 2195 Christiano-

1506 2233 1626 2266 rum
1642 2254 1658 2281 ,
1703 2225 1991 2268 tractatum
2028 2235 2136 2288 quo
2174 2229 2357 2288 poetas
2389 2219 2536 2275 incu-

1507 2305 1629 2347 sant
1645 2335 1662 2360 ,
1687 2292 1834 2366 q'uod
1863 2309 1963 2366 per
1988 2311 2172 2348 eorum
2200 2297 2404 2352 fabulas
2427 2312 2533 2355 tota

1507 2373 1646 2427 ratio
1663 2373 2038 2428 imbecillitatis
2053 2373 2298 2430 humana·
2309 2377 2378 2430 ad
2397 2381 2536 2436 Deos

1509 2451 1747 2506 traducta
1769 2494 1786 2520 ,
1843 2464 1999 2525 atque
2061 2453 2122 2508 iis
2183 2456 2495 2530 cupiditates
2516 2499 2534 2527 ,

1509 2531 1844 2604 aegritudines
1861 2570 1877 2597 ,
1919 2535 2008 2586 iro
2023 2575 2038 2601 ,
2088 2534 2226 2588 bella
2275 2549 2326 2590 et
2375 2540 2535 2606 rim,

1505 2613 1754 2684 conjugia
1767 2651 1782 2676 ,
1805 2612 1945 2665 furta
1969 2625 2022 2666 et
2041 2613 2296 2669 adulteria
2315 2617 2534 2674 tributa.

1507 2689 1873 2745 conferendus
1909 2691 2148 2764 inprimis
2179 2713 2302 2748 cum
2339 2695 2535 2754 Nostro

1507 2770 1694 2824 Cicero
1717 2769 1785 2824 de
1812 2771 1930 2826 Nat.
1951 2773 2111 2826 Deor.
2131 2773 2216 2840 11,
2245 2776 2346 2838 28;
2371 2776 2533 2832 Sene-

1506 2869 1567 2904 ca
1595 2851 1666 2903 de
1689 2851 1809 2904 Vita
1845 2851 1992 2904 beata
2015 2891 2030 2918 ,
2051 2871 2170 2924 cap.
2214 2857 2310 2918 263
2345 2855 2439 2909 sed
2479 2873 2534 2912 et

1507 2929 1792 2984 Christiani
1819 2931 2133 2984 Tertullian.
2161 2931 2317 3004 Apol.
2349 2953 2399 2989 c.
2433 2937 2532 3004 143

1509 3010 1710 3064 Arnob.
1735 3010 1830 3064 lib.
1859 3011 1963 3076 IV,
1994 3029 2120 3084 pag.
2155 3013 2254 3064 150
2285 3031 2395 3086 seq.
2425 3016 2533 3070 La·
2619 3019 2626 3026 “

1511 3101 1676 3142 etant.
1713 3091 1843 3142 Inst.
1889 3089 2005 3143 Div.
2030 3091 2091 3154 Ι,
2130 3092 2382 3162 17.Talis
2421 3094 2531 3149 dis-

1511 3169 1716 3240 putatio
1739 3179 1798 3220 ut
1837 3180 2112 3223 auctorem
2155 3171 2324 3224 AEtnae
2365 3175 2532 3245 philo-

1511 3247 1738 3320 sophum
1799 3247 2030 3302 ostendit
2048 3288 2063 3313 ,
2097 3267 2210 3303 non
2253 3264 2533 3323 poetarum

1509 3327 1862 3382 contribulem
1886 3367 1901 3391 ‚
1923 3328 1993 3381 ita
2033 3329 2248 3383 Bai-thio
2289 3331 2534 3406 inprimis

1508 3425 1691 3460 caussa
1727 3408 1887 3460 fuisse
1925 3407 2160 3473 videtur,
2192 3422 2251 3462 ut
2279 3411 2532 3468 Christia-

1508 3504 1638 3539 nutu
1661 3486 1794 3540 adeo
1822 3498 2030 3560 putaret
2053 3487 2230 3541 fuisse.

1583 3567 1668 3620 86.
1703 3571 1799 3618 Sub
1831 3571 2044 3638 inmgine
2066 3581 2289 3634 peccent.
2319 3575 2536 3624 Pet-care

1512 3645 1580 3699 de
1613 3647 1817 3699 furtivis
1857 3647 2125 3699 amoribus
2176 3659 2228 3699 et
2262 3647 2532 3704 adulteriis

1512 3737 1841 3796 usurpatum.
1859 3725 2044 3777 Horat.
2063 3725 2239 3777 Carm.
2260 3725 2286 3776 1
2307 3767 2322 3792 ,
2340 3728 2406 3781 33
2428 3769 2443 3795 ,
2464 3747 2528 3797 9:

1515 3831 1539 3852 ‹-
1561 3805 1737 3870 Quam
1755 3805 1899 3875 turpi
1917 3802 2113 3856 Pholoe
2135 3817 2314 3875 peccet
2329 3805 2535 3862 adulte-

1513 3904 1642 3948 r0»;
1669 3895 1719 3936 et
1744 3883 1896 3936 Satir.
1920 3882 1977 3948 1,
2008 3901 2036 3933 2
2057 3923 2073 3948 ,
2097 3885 2198 3936 63:
2251 3909 2274 3931 ι
2296 3886 2427 3958 quid
2454 3889 2535 3942 in-

1513 3977 1592 4018 ter
1617 3963 1710 4016 Est
1729 3963 1784 4015 in
1809 3973 2072 4024 matrona,
2101 3963 2292 4018 ancilla
2320 3984 2533 4036 pecces-

1517 4063 1582 4098 νε
1629 4041 1836 4114 togata?
1857 4067 1879 4088 ι
1931 4041 2127 4094 Tibull.
2170 4043 2274 4110 IV,
2324 4054 2384 4109 ¹4
2406 4086 2422 4111 ,
2479 4068 2533 4102 1:

1519 4153 1544 4170 ..
1557 4125 1756 4177 Rumor
1773 4121 1846 4174 ait
1863 4157 1878 4184 ,
1897 4121 2082 4174 crebro
2105 4135 2336 4178 nostram
2354 4147 2536 4199 pecca-
