2975 4684
484 340 623 413 238

1206 338 1548 409 SALEII
1605 338 1887 409 BASSI

574 466 762 555 Quin
798 488 921 560 age
958 463 1285 556 majorum
1302 516 1321 551 ‚
1355 462 1624 557 juvenis
1663 462 1986 551 facunde,
2020 479 2292 534 tuorum

576 572 833 645 Scande
874 596 1079 669 super
1118 572 1383 660 titulos,
1410 588 1481 643 et
1513 573 1707 643 avitae
1745 572 1958 645 laudis
2001 574 2322 661 houm-ez,

562 690 1055 777 Armet-umque
1088 680 1291 753 decus
1327 682 1626 778 praecede
1655 683 2028 755 forensibus
2061 685 2266 757 actis:

572 796 683 863 Sic
717 794 915 863 etiam
954 816 1199 888 magno
1224 794 1363 886 jam
1402 807 1567 867 tunc
1605 794 1932 865 Cicerone
1961 795 2226 890 vigente
2557 822 2607 861 :s

570 908 830 975 Laurea
865 902 1167 975 facundis
1202 919 1545 974 cesserunt
1579 928 1770 973 arma
1809 906 2071 999 togatis.

572 1018 875 1111 Quaeque
911 1028 1179 1109 patrum
1220 1012 1433 1083 claros
1474 1012 1811 1109 quondam
1851 1016 2078 1085 visura
2117 1016 2493 1112 triumphos

572 1125 755 1197 Olim
793 1124 989 1195 turba
1030 1124 1171 1193 vias
1204 1122 1596 1219 impleverat
1631 1125 1896 1220 agmine
1932 1124 2172 1215 denso,

570 1236 800 1309 Ardua
840 1259 1023 1304 nunc
1057 1234 1287 1304 eadem
1325 1237 1527 1331 stipat
1569 1235 1748 1323 fora,
1785 1260 1994 1330 quum
2037 1252 2153 1308 tua
2197 1252 2462 1307 moestos

570 1346 941 1419 Defensura
984 1371 1129 1415 reos
1176 1371 1407 1415 vocem
1452 1345 1760 1416 facundia
1797 1346 2055 1417 mittin
2519 1376 2607 1425 ,40

568 1464 701 1531 Seu
741 1457 1038 1551 trepidos
1074 1456 1161 1527 ad
1188 1456 1339 1550 jura
1371 1457 1602 1526 decem
1637 1457 1804 1527 citat
1840 1456 2030 1532 basta
2071 1459 2364 1527 virorum
2385 1512 2404 1545 ‚

568 1574 655 1641 Et
689 1570 961 1639 firmare
987 1569 1181 1662 jubet
1214 1582 1498 1637 centeno
1527 1566 1753 1661 judice
1789 1592 2092 1657 caussas;

572 1684 707 1751 Seu
744 1678 1031 1776 capitale
1072 1678 1259 1751 nefas
1295 1703 1576 1774 operosa
1621 1676 1824 1751 diluis
1853 1693 2030 1764 arte,

470 1850 536 1885 eo
567 1828 671 1883 ritu
699 1826 821 1881 vide
852 1824 997 1899 apud
1024 1824 1397 1879 casaubonum
1428 1824 1500 1879 ad

471 1912 615 1965 Suet.
654 1908 850 1961 Domit.
886 1924 1001 1977 cap.
1038 1906 1101 1959 23
1126 1943 1141 1969 ,
1171 1916 1223 1958 et
1252 1906 1494 1977 sagittar.

470 1991 539 2045 de
572 1988 791 2053 sannis,
825 2004 950 2059 pag.
984 1986 1105 2038 223.
1126 1984 1291 2036 —De
1316 1987 1496 2053 palmis

469 2068 888 2125 caussidicorum
916 2083 997 2117 res
1023 2078 1151 2117 nota
1168 2064 1293 2117 satis
1320 2078 1399 2119 est
1412 2064 1498 2118 vel

473 2168 544 2203 ex
571 2145 813 2199 Luciano
834 2186 849 2209 ‚
888 2156 1033 2196 tomo
1049 2140 1129 2195 VI
1148 2182 1164 2208 ,
1203 2162 1323 2216 pag.
1358 2152 1459 2214 409
1478 2182 1495 2207 ,

478 2228 563 2283 ed.
588 2222 825 2278 Schmid.
845 2222 947 2274 En.

544 2308 627 2362 32.
648 2308 773 2373 Quin
789 2322 887 2371 age
899 2304 1155 2371 majorum,
1177 2312 1276 2355 etc.
1296 2300 1498 2355 Laudis

469 2387 628 2462 plena
661 2380 901 2436 excitatio
923 2421 937 2447 ,
978 2398 1083 2453 qua
1110 2380 1380 2434 Tibullum
1417 2400 1500 2433 ex-

470 2465 719 2540 pressisse
743 2459 968 2526 videtur,
993 2470 1051 2511 ut
1076 2458 1319 2531 pluribus
1336 2461 1497 2528 locis,

471 2544 563 2600 sed
587 2556 639 2597 et
664 2539 950 2613 superavit.
971 2540 1057 2593 sic
1070 2538 1263 2591 Tibull.
1296 2538 1397 2606 IV,
1436 2559 1458 2594 1
1476 2580 1492 2603 ‚

478 2628 575 2681 136
602 2642 614 2676 :
654 2649 679 2668 α
696 2622 841 2688 Quin
868 2621 1113 2672 hortante
1142 2618 1256 2672 Deo
1290 2621 1494 2691 magnis

468 2706 701 2763 insistere
734 2701 891 2753 rebus
926 2698 1110 2771 Incipe
1127 2739 1143 2769 ,
1190 2717 1299 2751 non
1334 2698 1495 2753 iidem

469 2782 568 2836 tibi
585 2784 707 2835 sunt
724 2779 945 2851 aliisque
963 2778 1215 2851 triumphi
1236 2805 1281 2832 n.

544 2862 627 2925 34.
654 2864 881 2913 Proecede
891 2862 1176 2931 forensibus
1211 2861 1352 2911 actis.
1384 2858 1494 2912 Οε-

469 2959 590 2997 aar:
623 2966 645 2989 ι
670 2939 896 2993 Helvetii
922 2938 1153 3009 reliquos
1186 2937 1365 2992 Gallos
1392 2940 1498 2991 vir-

470 3034 581 3075 tute
603 3019 907 3093 proeredunt
924 3044 971 3071 ιι.
991 3018 1194 3071 Bnnsm.

544 3102 630 3153 36.
655 3104 910 3154 cesseram
922 3118 1065 3150 arma
1082 3098 1280 3167 cogatis.
1298 3096 1409 3151 Cic.
1426 3097 1496 3151 de

470 3178 631 3233 ome.
658 3180 721 3241 1,
756 3194 871 3249 cap.
904 3194 1006 3230 ²2:
1056 3176 1301 3231 -cedant
1344 3196 1494 3231 arma

471 3270 604 3341 togae
624 3296 640 3321 ,
683 3252 939 3309 concedat
995 3254 1172 3309 laurea
1230 3256 1420 3329 lingua
1440 3280 1489 3310 ι.

471 3336 666 3389 Busa.
694 3334 824 3387 vid.
854 3336 1121 3388 Excursus
1145 3336 1363 3407 primus.

540 3417 624 3487 37.
648 3422 865 3483 Quoeque
880 3428 1090 3482 patrum.
1106 3414 1211 3466 Alii
1229 3418 1360 3468 :Sed
1374 3434 1487 3483 quae

467 3496 710 3549 Pisonum.
724 3494 856 3549 ’Μία
879 3492 1081 3546 Bersm.
1102 3494 1215 3547 Col.

541 3574 627 3645 39.
673 3580 831 3643 Quum
857 3588 941 3623 tua
967 3586 1177 3626 rna-scos.
1208 3572 1365 3625 Corn.
1388 3572 1490 3623 Ta-

468 3656 601 3709 citus
631 3653 698 3706 de
724 3652 914 3705 Pisone
935 3672 949 3705 :
996 3678 1017 3698 ·
1042 3652 1285 3724 Namque
1306 3650 1488 3703 facun-

464 3734 607 3788 diam
663 3730 874 3785 tuendis
931 3730 1134 3787 civibus
1175 3731 1449 3784 exercebat
1470 3768 1486 3793 ‚

470 3814 796 3887 largitionem
849 3811 1099 3865 adversus
1152 3810 1353 3862 amicos
1376 3828 1390 3862 ε
1437 3822 1492 3861 et

468 3893 659 3967 ignotis
702 3908 917 3963 quoque
969 3888 1108 3943 comi
1162 3906 1398 3943 sermone
1438 3900 1489 3941 et

466 3988 750 4043 congressu
778 3996 822 4021 a.
856 3968 1015 4025 Son..

540 4058 601 4113 ⁴1
614 4091 625 4102 .
654 4056 746 4101 Seu
784 4052 995 4119 trepidos
1034 4052 1108 4099 ad
1139 4051 1261 4116 jura
1297 4050 1485 4100 decem.

470 4129 760 4181 Decemviri
786 4140 841 4179 et
861 4127 1175 4181 centumviri
1202 4125 1271 4180 de
1288 4126 1485 4179 caussis

1584 1825 1798 1897 privatis
1823 1838 2190 1897 cognoverunt
2207 1863 2224 1889 ,
2246 1825 2312 1879 de
2330 1830 2452 1899 jure
2470 1826 2610 1899 judi-

1585 1918 1794 1968 carnut,
1814 1917 1866 1959 et
1881 1904 2044 1958 hasta
2067 1904 2409 1978 prefuerunt.
2429 1905 2605 1977 Sigon.

1584 1984 1788 2039 ansn.
1837 1985 2062 2048 Statius,
2109 1984 2200 2037 lib.
2227 1984 2333 2047 lv,
2367 1984 2490 2038 Silv.
2521 2004 2609 2049 tv,

1587 2064 1690 2126 43:
1742 2091 1769 2109 «-
1796 2064 1978 2119 Cessat
2022 2064 2232 2117 centeni
2282 2064 2606 2117 moderatrix

1582 2142 1776 2214 judicis
1812 2142 1963 2197 hasta
1987 2168 2032 2197 ι.
2063 2143 2202 2197 Vide
2231 2142 2486 2214 Principis
2521 2144 2610 2195 Ju-

1585 2222 2022 2276 risconsultorum
2048 2224 2236 2276 Jacohi
2264 2222 2468 2297 Cujacii
2494 2222 2611 2275 Ob-

1577 2301 1941 2355 oervationum
1963 2302 2058 2355 lib.
2086 2302 2168 2354 111
2187 2340 2203 2365 ,
2229 2320 2345 2373 cap.
2367 2304 2449 2355 33.
2477 2304 2605 2355 Lm-

1584 2398 1776 2435 muum.
1823 2380 1922 2433 Per
1965 2384 2178 2449 trepidos
2214 2381 2457 2453 intelligit
2493 2400 2608 2435 reos

1583 2460 1875 2531 generatim
1903 2498 1919 2523 ,
1963 2460 2056 2532 qui
2103 2460 2311 2513 solenni
2351 2460 2608 2517 vocabulo

1583 2540 1759 2606 trepidi
1788 2539 1869 2591 vel
1901 2541 2095 2591 semeia*
2127 2554 2385 2595 vocantur
2415 2541 2604 2611 poetis.

1583 2616 1744 2672 ovid.
1767 2619 1876 2673 Art.
1903 2620 2024 2671 Am.
2052 2620 2107 2681 1,
2137 2624 2261 2684 460,
2310 2646 2331 2666 ι
2351 2620 2470 2675 Non
2494 2632 2608 2674 tan·
2711 2616 2722 2623 ’

1583 2708 1698 2749 tum
1737 2697 1970 2769 trepidos
2006 2710 2064 2751 ut
2106 2710 2286 2751 tueare
2325 2718 2445 2752 reos
2469 2724 2489 2745 ι·
2507 2715 2522 2761 ;
2556 2711 2608 2751 et

1581 2776 1742 2831 Corn.
1786 2776 2008 2831 Severus
2047 2776 2103 2831 in
2141 2780 2330 2850 fragm.
2377 2804 2401 2823 -
2435 2778 2606 2831 Unica

1582 2856 1815 2910 sollicitis
1845 2855 2132 2931 -quondam
2187 2858 2348 2912 tutela
2370 2899 2385 2923 ‚
2437 2858 2606 2910 salus·

1581 2954 1688 3007 qne
1715 2962 1760 2990 ιι.
1807 2938 2102 2989 Decemviri
2146 2936 2327 2990 litibus
2367 2934 2606 3011 judican-

1583 3013 1664 3068 dis
1701 3016 1772 3067 ab
1804 3016 2040 3087 Augusto
2076 3016 2300 3069 instituti
2333 3016 2416 3069 vel
2451 3016 2603 3068 resti·

1582 3096 1686 3149 tuti
1719 3096 1955 3165 (Sueton.
1992 3098 2128 3169 Aug.
2163 3094 2252 3165 36)
2272 3133 2289 3160 ,
2329 3097 2418 3168 qui
2457 3094 2603 3149 hasta

1585 3174 1753 3247 posita
1774 3176 2151 3231 centumvirale
2170 3175 2432 3249 judicium
2457 3193 2605 3249 coge-

1579 3256 1726 3307 bant.
1740 3250 1900 3307 Unde
1918 3258 2064 3306 basea
2079 3257 2442 3311 ‘cenmmve‘mle's
2457 3254 2602 3307 audi·

1579 3344 1680 3387 tur.
1693 3331 2053 3396 MartialNII,
2065 3334 2132 3386 63
2149 3352 2163 3385 :
2187 3358 2208 3380 ι
2219 3332 2606 3386 Huncmiratur

1575 3412 1751 3465 adhuc
1791 3423 2003 3464 centum
2061 3413 2235 3483 gravia
2277 3412 2426 3465 hasta
2465 3412 2606 3464 viro-

1577 3510 1698 3545 rum
1713 3518 1758 3544 n.
1785 3492 1946 3545 Plura
1956 3492 2266 3548 Torrentius
2287 3491 2354 3545 ad
2374 3490 2603 3546 Suetonii

1577 3570 1802 3643 vespas.
1829 3590 1911 3624 ro.
1936 3570 2100 3624 Hasta
2118 3570 2440 3643 judiciorum
2457 3609 2472 3633 ,
2503 3590 2602 3622 au-

1575 3651 1811 3704 ctionum
1835 3650 2167 3723 publicarum
2186 3688 2202 3715 ,
2237 3645 2604 3704 venditionum

1577 3730 2004 3805 locutionumque
2062 3731 2268 3802 signum
2297 3771 2312 3795 ‚
2369 3728 2438 3783 de
2500 3748 2606 3801 qua

1577 3811 1768 3863 Coelius
1799 3808 2026 3882 Rhodig.
2061 3810 2152 3863 lib.
2184 3808 2341 3875 XXI,
2372 3828 2488 3881 cap.
2517 3826 2601 3878 17.

1577 3888 1799 3944 Ovidius
1827 3909 1892 3943 ex
1933 3890 2088 3943 Pont.
2112 3889 2214 3953 IV,
2243 3888 2289 3949 5,
2323 3906 2418 3953 19:
2454 3914 2480 3935 ι
2499 3888 2603 3938 Aut

1575 3970 1764 4043 populi
1813 3968 2012 4023 reditus
2055 3970 2280 4043 positam
2322 3978 2603 4039 componet

1575 4048 1643 4101 ad
1683 4049 1891 4102 hastam
1913 4074 1957 4100 u.

1647 4128 1730 4191 43.
1773 4130 1989 4197 capitale
2023 4129 2165 4196 nefm
2179 4165 2196 4190 ,
2231 4128 2270 4177 i.
2307 4144 2352 4178 e.
2380 4126 2598 4178 crimen.
