2975 4684
528 395 667 478 204
900 383 907 390 ’
1196 391 1734 461 EXCURSUS
1797 393 1956 460 vll

525 517 602 580 61
616 512 871 595 ,Valerii
884 511 1091 578 Flacci
1115 513 1169 594 1,
1191 512 1340 595 844,
1370 511 1704 578 Claudiani
1727 514 1806 578 R.
1821 513 2222 602 Proserp.11,
2245 513 2407 599 2883
2427 508 2672 604 supen‘

526 615 733 681 fluum
764 631 979 680 tamen
998 614 1127 678 hoc
1148 615 1293 680 loco
1306 662 1325 698 ‚
1345 631 1409 679 et
1428 637 1465 678 a
1484 635 1688 703 scopo
1705 615 1986 679 auctoris
2008 615 2290 679 alienum
2311 630 2411 679 est
2425 664 2444 697 ‚
2463 634 2541 681 ut
2563 633 2652 682 ta-

526 741 705 784 ccam
723 765 744 801 ,
776 716 1067 806 quamvis
1102 733 1492 804 perpetuum
1525 737 1640 780 ver
1669 717 1994 781 tribuatur
2017 717 2235 806 Elysio
2258 764 2277 799 ,
2321 719 2650 786 neminem

525 836 743 884 tamen
782 835 1125 907 poetarum
1158 817 1253 883 ibi
1276 819 1479 907 ipsam
1495 819 1680 882 Veris
1723 817 1996 882 domum
2025 819 2392 884 collocasse.
2419 823 2508 885 At
2541 821 2656 884 do-

526 945 665 986 mus
698 925 962 1010 piorum
992 936 1219 1008 aptum
1258 936 1322 985 et
1358 943 1556 1010 scopo
1601 921 1883 984 auctoris
1917 921 2306 985 conveniens
2338 936 2436 985 est
2453 970 2472 1003 ,
2515 944 2649 1012 quo

522 1022 809 1087 alludere
840 1022 922 1087 ad
958 1023 1325 1110 sepulcrum
1362 1037 1429 1085 et
1473 1037 1977 1086 monumentum
2015 1021 2287 1086 fratrum
2335 1023 2654 1087 Catanen-

521 1126 691 1188 sium
723 1123 881 1189 vult.
929 1123 1097 1187 Nam
1134 1139 1211 1187 ut
1251 1121 1435 1188 sedes
1474 1123 1834 1187 inferorum
1866 1123 2088 1188 domus
2125 1125 2349 1216 Sygia
2366 1172 2387 1205 ‚
2427 1125 2654 1188 domus

524 1225 864 1305 Plutonia,
896 1224 1121 1288 domus
1158 1224 1403 1311 Egysioe
1429 1240 1753 1289 vocantur
1782 1224 1992 1313 poetis
2014 1273 2032 1308 ,
2066 1249 2350 1314 quorum
2385 1227 2494 1292 hic
2519 1249 2656 1290 ma·

521 1325 694 1391 xime
726 1325 1029 1390 notabilis
1063 1325 1246 1390 locus
1280 1325 1589 1390 Martialis
1613 1341 1744 1408 est,
1781 1326 1894 1392 lib.
1927 1327 2090 1410 XII,
2115 1309 2216 1417 ef).
2247 1325 2327 1392 52
2353 1376 2371 1411 ,

802 1478 1075 1549 Accipient
1099 1476 1229 1531 olim
1254 1492 1423 1550 quum
1442 1489 1496 1531 te
1521 1479 1639 1532 loca
1665 1477 1783 1532 laeta
1807 1479 2018 1552 piorum
2033 1520 2049 1547 ,
2066 1491 2165 1535 etc.

869 1561 990 1615 Non
1012 1561 1110 1615 erit
1140 1561 1193 1615 in
1218 1561 1400 1634 Stygia
1427 1562 1605 1616 notior
1631 1563 1822 1617 umbra
1849 1562 2029 1617 domo.

526 1713 615 1776 ita
647 1713 839 1778 etiam
876 1713 1169 1800 sepulcra
1200 1711 1411 1801 poetis
1444 1728 1599 1777 sunt
1625 1727 1880 1780 aetemae
1911 1712 2372 1780 defunctorum
2407 1715 2652 1779 domus.

524 1815 776 1878 Auctor
813 1813 1049 1902 Elegiae
1072 1811 1157 1878 ad
1188 1813 1468 1896 Liviam,
1501 1837 1562 1879 v.
1592 1813 1676 1902 73
1704 1837 1720 1880 ε

798 1965 1043 2020 Claudite
1063 1968 1173 2040 jam
1189 2008 1205 2035 ,
1232 1967 1407 2020 Pax-cn
1422 2005 1439 2032 ‚
1460 1965 1685 2020 nimium
1709 1978 1938 2021 reserata
1963 1965 2204 2038 sepulcra
2224 2005 2240 2030 ,

875 2049 1118 2104 Claudite
1141 2051 1155 2103 1
1194 2051 1317 2124 plus
1338 2054 1477 2124 justo
1501 2069 1628 2106 nam
1653 2050 1844 2104 domus
1863 2052 1965 2104 ista
1991 2062 2148 2123 patet.

524 2189 609 2252 Et
643 2189 711 2252 in
764 2189 1112 2281 Epitaphio
1144 2191 1436 2255 Petronii
1490 2189 1899 2280 Antigenidis
1926 2213 1941 2254 :
1969 2191 2126 2254 Haec
2160 2189 2384 2254 domus
2415 2203 2660 2254 oetema

523 2303 615 2356 est
632 2341 655 2374 ,
713 2291 816 2355 hie
866 2314 1004 2356 sum
1048 2294 1205 2358 situs
1221 2342 1243 2374 ‚
1302 2292 1419 2356 hic.
1440 2315 1543 2358 ero
1577 2315 1828 2384 semper.

612 2509 779 2572 —In
809 2510 1009 2600 epigr.
1048 2514 1171 2597 149
1189 2559 1207 2594 ,
1240 2509 1353 2576 lib.
1385 2510 1476 2575 lv
1501 2509 1767 2574 Anthol.
1789 2511 2318 2592 Burmannianae,
2345 2534 2406 2574 v.
2442 2532 2479 2572 2
2503 2532 2524 2574 ε

876 2651 992 2708 Hac
1011 2657 1153 2728 jacet
1169 2665 1427 2707 aternum
1450 2653 1604 2708 Sabis
1629 2655 1853 2708 humata
1881 2654 2057 2708 domo.

526 2801 603 2864 In
634 2801 959 2891 epitaphio
976 2801 1227 2893 Virgilii
1251 2851 1270 2885 ‚
1306 2802 1482 2892 apud
1513 2803 1859 2870 eumdem:

808 2943 935 2999 Hac
960 2945 1058 2998 tibi
1074 2983 1092 3010 ,
1113 2944 1359 3020 virgini,
1386 2944 1578 3000 domus
1601 2957 1680 3000 at
1703 2959 1900 3002 „ta-na
1918 2947 2144 3018 sepulto.

527 3083 806 3172 Sene'ca,
839 3090 1101 3182 Hippol.
1136 3113 1198 3156 v.
1232 3095 1399 3170 1241
1442 3115 1457 3155 ε

824 3272 1155 3288 ..........
1163 3235 1357 3308 Recipe
1384 3253 1471 3288 me
1495 3246 1690 3288 aterna
1715 3233 1877 3287 domo

811 3319 929 3371 Non
960 3319 1258 3372 exiturum.

528 3455 776 3516 Auctor
808 3452 1120 3536 Octaviae,
1157 3476 1219 3520 v.
1256 3453 1339 3542 75
1360 3479 1387 3518 1
1414 3478 1429 3520 :

896 3643 1368 3662 ..............
1378 3609 1620 3662 Inferum
1647 3605 1794 3661 sedes
1823 3619 1965 3660 toros

878 3691 1100 3744 stabiles
1118 3693 1326 3746 futuros
1353 3691 1580 3765 spondet
1606 3705 1799 3746 aeterna
1824 3691 2030 3746 domus.

530 3826 872 3916 Pet-petuas
890 3853 1156 3918 quoque
1184 3831 1403 3894 domos
1426 3829 1618 3896 video
1638 3830 1708 3893 in
1743 3831 2070 3918 epitaphio
2107 3831 2434 3911 Probinae‚
2463 3833 2670 3920 epigr.

542 3930 664 4007 146
686 3953 700 3994 z
726 3961 751 3985 «ι
776 3931 1127 4018 Perpetuas
1165 3933 1304 3995 sine
1336 3931 1465 3995 fine
1490 3930 1729 3995 domus
1757 3954 1932 3995 mors
1965 3933 2193 3996 incolit
2221 3948 2358 3996 atra
2375 3963 2421 3995 ιο.
2455 3931 2672 3996 Immo

529 4030 752 4096 domus
774 4031 1150 4122 simpliciter
1171 4055 1291 4121 pro
1314 4033 1636 4120 sepulcrO,
1663 4033 1730 4096 in
1757 4033 2055 4122 Inscript.
2089 4033 2451 4120 Hispalensi
2468 4080 2486 4115 ,
2523 4055 2672 4120 quae

534 4147 739 4196 exstat
767 4133 1017 4221 integra
1039 4135 1108 4197 in
1136 4134 1450 4198 Donianis
1488 4135 1584 4199 Cl.
1621 4135 1683 4198 X
1710 4185 1727 4217 ,
1763 4159 1825 4198 n.
1858 4156 1935 4220 19
1955 4182 1973 4217 ‚
2011 4158 2073 4222 p.
2103 4133 2228 4200 358
2259 4158 2273 4198 τ

958 4281 990 4294 ο,
