2975 4684
560 343 645 414 16
811 380 829 403 ι
988 345 1122 412 DE
1180 345 1526 412 VARIIS
1587 343 2232 413 AUCTORIBUS

546 489 689 540 tum
743 473 865 561 ipsi
906 494 1118 560 nuper
1147 473 1520 538 Nemesiani
1554 473 1824 537 nomine
1853 473 2108 562 Eclogis
2139 472 2472 562 Calpurnii
2521 471 2678 540 falso

544 583 841 670 apposito
871 579 1173 646 vidimus.

633 671 701 751 Si
734 684 883 774 'quis
912 707 991 750 ex
1026 686 1195 774 stylo
1224 685 1543 773 poematis
1577 685 1896 766 conjicere
1925 685 2010 750 de
2041 703 2306 752 auctore
2339 683 2522 769 velit,
2568 709 2674 751 ac·

542 808 762 856 curate
798 815 949 856 cum
1002 813 1082 854 eo
1114 791 1407 855 conferat
1452 794 1896 880 fragmentum
1945 792 2026 857 de
2067 809 2276 860 morte
2307 794 2635 858 Ciceronis
2654 839 2672 874 ,

540 897 721 986 quod
748 896 1032 961 Cornelii
1050 895 1268 962 Severi
1292 911 1473 960 certo
1497 911 1596 960 est
1615 943 1634 978 ‚
1661 911 1738 960 ut
1757 895 1971 962 videat
1987 945 2004 978 ,
2023 922 2105 962 an
2135 921 2308 963 unus
2331 899 2673 986 utriusque

539 1019 767 1070 auctor
798 1003 1071 1067 Severus
1103 1001 1327 1066 haberi
1365 1002 1592 1090 possit.
1632 1003 1710 1066 In
1746 1005 2110 1093 fragmento
2155 1021 2423 1092 apparet
2470 1004 2670 1068 facilis

537 1124 604 1174 et
628 1110 883 1199 elegans
907 1105 1325 1186 versificatio,
1358 1129 1557 1195 quam
1586 1109 1656 1170 in
1689 1107 1925 1172 Severo
1948 1108 2168 1173 laudat
2191 1109 2632 1193 Quintilianus
2650 1157 2669 1190 ,
2717 1109 2728 1120 ’

535 1232 600 1281 et
628 1213 874 1280 flumen
908 1213 1153 1302 ingenii
1183 1235 1388 1301 prope
1414 1211 1786 1278 redundans
1804 1261 1822 1296 ,
1851 1214 2031 1302 quod
2055 1214 2240 1278 facile
2273 1231 2530 1304 poetam
2555 1238 2667 1306 ge-

536 1321 819 1385 nuinum
848 1334 1076 1408 arguat
1110 1341 1125 1383 :
1158 1319 1229 1382 in
1264 1317 1462 1383 AEtna
1484 1320 1764 1408 scriptor
1779 1320 2206 1408 conspicitur,
2239 1320 2666 1410 philosophus

454 1425 469 1443 ⁸
538 1426 741 1516 magis
758 1473 777 1507 ,
808 1448 1005 1513 quam
1029 1440 1255 1518 poeta,
1280 1426 1467 1504 cujus
1507 1423 1704 1490 dictio
1731 1427 1990 1491 concisa
2015 1442 2083 1491 et
2107 1426 2384 1514 abrupta
2406 1423 2626 1515 potius
2645 1475 2664 1509 ,

531 1555 727 1619 quam
756 1529 999 1619 liquida
1020 1579 1039 1614 ,
1062 1531 1447 1619 compositio
1472 1553 1640 1619 saepe
1669 1553 1888 1620 aspera
1921 1548 1988 1595 et
2007 1534 2318 1621 perplexa
2357 1549 2491 1614 est,
2515 1555 2664 1598 sen·

529 1637 749 1706 tentiae
782 1657 1006 1725 graves
1030 1634 1263 1723 magis,
1304 1658 1502 1722 quam
1528 1634 1874 1718 jucundae3
1912 1637 2028 1723 qui
2056 1637 2354 1725 inprimis
2387 1637 2470 1701 de
2509 1659 2664 1725 poe-

530 1761 743 1809 tarum
782 1741 1015 1806 fabulis
1054 1757 1119 1804 et
1148 1743 1535 1806 commentis
1555 1790 1574 1823 ,
1618 1741 1856 1829 quibus
1898 1741 2210 1806 delectare
2249 1744 2490 1824 solent,
2529 1758 2660 1806 tam

526 1848 951 1936 contemptim
976 1847 1270 1934 loquitur
1292 1869 1487 1912 versu
1521 1870 1606 1934 72
1633 1869 1814 1935 seqq.
1851 1863 1924 1912 ut
1955 1847 2220 1912 minime
2247 1847 2542 1913 videatur
2577 1870 2658 1912 eo

523 1977 825 2020 sermone
856 1955 955 2019 uti
980 1955 1271 2044 potuisse
1300 1952 1532 2041 aliquis
1551 2001 1570 2034 ,
1601 1953 1716 2041 qui
1739 1953 2010 2042 gloriam
2036 1975 2072 2017 e
2100 1943 2280 2041 poe‘si
2305 1968 2656 2042 quaereret,

522 2061 729 2150 qualis
765 2061 965 2124 Corn.
1000 2061 1277 2125 Severus
1314 2057 1463 2123 fuit.

608 2167 779 2231 Sunt
824 2179 1129 2252 praeterea
1162 2165 1233 2226 in
1284 2161 1482 2227 AEtna
1516 2165 1800 2228 carmine
1825 2163 2103 2247 indicia,
2147 2188 2290 2253 quae
2327 2165 2652 2253 probent,

522 2295 657 2335 non
679 2269 963 2334 Cornelii
986 2269 1243 2349 Severi,
1268 2269 1399 2332 hoc
1420 2285 1520 2332 est
1533 2270 1888 2358 ,Augustei
1919 2271 2037 2334 aevi
2061 2269 2198 2334 hoc
2213 2293 2446 2358 poema
2473 2293 2613 2336 esse
2633 2319 2652 2348 ,

520 2375 635 2441 sed
665 2374 983 2463 sequioris
1018 2373 1145 2437 sub
1182 2370 1453 2436 Claudio
1486 2389 1554 2436 et
1586 2373 1870 2437 Nerone.
1901 2373 2278 2437 Occurrunt
2298 2375 2612 2440 vocabula
2631 2424 2650 2459 ,

517 2460 663 2571 quse
681 2502 873 2545 aurea
892 2480 1127 2569 linguae
1150 2493 1335 2544 aetate
1364 2475 1666 2542 nondum
1690 2476 1996 2542 videntur
2014 2478 2082 2541 in
2107 2499 2236 2542 usu
2261 2478 2650 2567 scriptorum

516 2588 713 2652 fuisse
734 2633 752 2668 ,
774 2602 851 2650 ut
876 2584 1255 2673 confluvium
1280 2607 1305 2646 1
1323 2605 1401 2670 19
1417 2599 1482 2648 et
1509 2581 1637 2661 324
1652 2633 1670 2666 ,
1689 2585 1962 2672 emugire
1979 2573 2104 2670 292
2121 2632 2140 2666 ,
2165 2606 2465 2648 cavamen
2483 2585 2612 2662 432
2627 2635 2646 2670 ,

512 2689 825 2783 effamare
839 2741 859 2773 ,
885 2714 1007 2781 pro
1028 2693 1287 2756 fumum
1316 2690 1608 2754 emittere
1625 2738 1642 2772 ,
1679 2687 1806 2777 495
1829 2737 1848 2772 ,
1879 2713 2163 2755 succesus
2195 2687 2356 2777 529,
2387 2689 2648 2757 leuticios

515 2801 675 2884 538,
700 2799 900 2879 tudes,
924 2802 1011 2879 is,
1038 2819 1161 2887 pro
1186 2797 1417 2862 malleo
1433 2844 1452 2878 ,
1490 2795 1638 2884 557.
1676 2795 2008 2862 Alluditur
2040 2797 2120 2862 ad
2149 2798 2312 2862 ritus
2344 2814 2411 2862 et
2435 2797 2603 2863 facta
2625 2847 2644 2882 ,

509 2931 653 2996 quae
676 2905 927 2972 Claudii
946 2903 1307 2969 Neronisve
1334 2925 1471 2967 aevo
1499 2903 1780 2967 maxime
1809 2903 2128 2969 celebrata
2151 2917 2326 2969 sunt.
2363 2905 2518 2986 Quo
2542 2927 2645 2970 re·

508 3015 648 3078 fero
682 3011 979 3101 inprimis
1014 3009 1285 3074 Tritonis
1320 3011 1548 3073 canori
1583 3009 1981 3074 mentionem
2003 3033 2193 3097 ,quo
2228 3009 2594 3074 machinam
2620 3058 2639 3093 ,

507 3142 585 3182 ex
631 3139 954 3182 marmore
995 3131 1109 3179 aut
1144 3114 1403 3200 metallo
1434 3113 1710 3195 factam,
1759 3114 2100 3203 intelligit,
2135 3136 2278 3204 quae
2319 3131 2639 3204 aquarum

506 3224 769 3291 adsultu
806 3237 1123 3310 concepta
1156 3244 1312 3285 aura
1354 3243 1547 3286 voces
1585 3220 1817 3286 edebat
1853 3244 1971 3310 per
2011 3222 2392 3302 buccinam,
2444 3243 2638 3285 versu

506 3353 656 3418 290.
686 3331 842 3394 Haec
862 3327 1159 3392 machina
1179 3325 1303 3390 sub
1331 3325 1604 3390 Claudio
1632 3327 1919 3415 primum
1955 3328 2250 3408 inventa,
2283 3342 2348 3391 et
2372 3325 2636 3414 publico

504 3435 903 3502 naumachiae
928 3433 1299 3522 spectaculo
1325 3431 1616 3496 adhibita
1646 3449 1773 3512 est,
1802 3447 1964 3496 teste
1983 3375 2300 3497 Suetonio
2321 3433 2390 3495 in
2407 3431 2636 3498 Claud.

502 3563 643 3630 cap.
682 3564 755 3604 21
784 3541 961 3605 :Hoc
990 3536 1345 3627 spectaculo
1391 3537 1606 3602 classis
1656 3537 1872 3602 Sicula
1916 3552 1980 3601 et
2019 3538 2274 3604 Rhodia
2303 3559 2634 3601 concurre-

500 3663 651 3714 runt
660 3695 682 3727 ,
717 3645 1156 3711 duodenarum
1189 3643 1536 3708 triremium
1567 3641 1861 3730 singuloe‚
1889 3647 2173 3708 exciente
2187 3645 2465 3706 buccina
2497 3643 2637 3706 Tri-

502 3773 648 3820 tone
682 3765 973 3841 argenteo
1000 3799 1021 3832 ‚
1080 3751 1195 3839 qui
1222 3773 1257 3814 e
1291 3749 1497 3814 medio
1551 3749 1699 3814 lacu
1719 3773 1844 3838 per·
1885 3750 2248 3814 machinam
2283 3763 2632 3813 emerserat.

500 3861 772 3926 Fallitur
819 3858 1091 3922 omnino
1133 3857 1413 3946 Scaliger
1442 3857 1512 3919 in
1547 3857 1719 3920 notis
1753 3856 1836 3920 ad
1878 3854 2140 3922 AEtnam
2159 3907 2177 3940 ,
2227 3878 2380 3920 cum
2420 3878 2632 3942 eoque

498 3965 923 4033 casaubonus
958 3962 1042 4027 ad
1084 3963 1355 4027 Sueton.
1383 3963 1425 4025 l.
1452 3983 1510 4026 c.
1563 3963 1678 4050 qui
1705 3962 2046 4028 Tritonem
2085 3978 2339 4027 tantum
2383 3962 2629 4024 instru-

498 4088 795 4138 mentum
809 4067 1259 4158 hydraulicum
1278 4083 1512 4155 putant
1533 4068 1600 4130 in
1625 4067 1890 4131 theatris
1921 4068 2083 4155 poni
2109 4067 2374 4131 solitum
2393 4113 2411 4148 ,
2434 4081 2630 4153 atque
