2975 4684
546 326 675 408 142

1130 323 1526 393 LUCILII
1589 319 2064 392 JUNIORIS

632 449 807 518 Nam
836 445 1011 514 circa
1046 443 1287 528 latera,
1324 459 1530 538 atque
1561 444 1711 512 imis
1745 440 2082 512 radicibus
2107 441 2322 510 ΕΜ

630 553 1009 626 Candentes
1044 555 1229 624 efflat
1268 553 1556 650 lapides,
1587 553 1992 647 disjectaque
2023 576 2180 622 saxa

630 671 980 738 Intereunt
1014 667 1230 752 venis,
1262 665 1620 736 manifesto
1663 679 1739 736 ut
1773 661 2044 732 credere
2077 661 2290 756 possis

629 773 883 846 Pabula
912 791 981 846 et
1006 775 1287 846 ardendi
1314 799 1612 846 caussam
1653 773 1946 868 lapidem
1977 797 2120 842 esse
2153 769 2480 842 molarem
2499 821 2520 858 ,
2589 791 2668 835 ⁴⁵0

630 888 845 980 Cujus
882 885 1177 956 defectus
1204 887 1475 980 jejunos
1509 883 1764 979 colligit
1792 885 2002 978 ignes.

631 999 779 1084 Ille,
811 997 926 1066 ubi
970 995 1249 1092 collegit
1286 997 1626 1084 flammae,
1657 995 1823 1089 jacit
1855 1008 1922 1062 et
1957 991 2156 1062 simul
2194 991 2334 1062 ictu

624 1109 979 1179 Materiam
1016 1107 1364 1192 accendit,
1416 1107 1731 1202 cogitque
1771 1103 2140 1200 liquescere
2173 1125 2424 1172 secum.

630 1218 829 1288 Haud
862 1218 1171 1312 equidem
1208 1217 1453 1291 mirum
1493 1215 1704 1302 factu,
1727 1215 1913 1310 quod
1939 1213 2278 1286 cernimus
2311 1227 2542 1295 extra,

630 1331 701 1398 Si
746 1329 993 1398 lenitur
1022 1352 1191 1422 opus
1222 1353 1427 1414 reses;
1464 1341 1538 1396 at
1567 1328 1780 1419 magis
1813 1326 2034 1394 uritur
2063 1322 2228 1408 illic,

2604 1337 2680 1382 ⁴55

634 1436 1095 1532 Sollicitatque
1124 1438 1340 1532 magis
1368 1437 1591 1506 vicina
1627 1435 1932 1506 incendia
1965 1459 2196 1505 saxum
2215 1485 2234 1520 ,

524 1710 737 1764 pestem,
775 1704 826 1745 et
865 1691 1103 1745 Lucilius
1133 1697 1189 1748 τὸ
1203 1695 1389 1762 fallere
1422 1691 1561 1744 acci·

536 1793 661 1850 pere
689 1793 746 1826 ea
775 1772 1156 1846 significatione
1174 1771 1387 1824 videtur
1406 1811 1422 1838 ,
1450 1789 1564 1842 quo

536 1871 741 1926 tempus
764 1892 779 1918 ,
806 1871 960 1904 curas
980 1852 1161 1904 fallere
1186 1850 1411 1903 dicimus
1429 1887 1446 1913 ,
1464 1867 1565 1922 pro

538 1934 803 2008 praeterire
816 1969 831 1995 ‚
860 1932 1103 1985 omittere
1116 1973 1132 1999 ,
1164 1932 1562 1983 inobservatum

536 2014 853 2084 relinquere.
882 2009 1029 2064 Sicut
1058 2010 1329 2083 usurpavit
1352 2029 1403 2062 v.
1424 2011 1522 2080 273
1553 2026 1566 2059 :

542 2097 747 2144 Nullum
752 2091 943 2160 fallere
971 2109 1120 2158 opus,
1160 2091 1195 2141 i.
1232 2109 1279 2142 e.
1320 2089 1567 2160 ignorare

541 2171 689 2224 velle.
714 2201 785 2211 -—-
813 2173 966 2220 Pestis
1001 2181 1075 2220 est
1113 2169 1191 2220 iis
1232 2166 1438 2220 occulta
1481 2167 1565 2218 iu—

539 2249 728 2305 cendii.

608 2336 729 2394 447.
742 2329 1005 2378 Radicibus
1022 2327 1188 2376 AEtnae
1204 2347 1222 2376 :
1237 2325 1311 2379 sio
1327 2325 1568 2396 plerique

538 2408 743 2478 antiqui
779 2406 979 2458 habent
998 2446 1011 2471 ‚
1052 2417 1101 2457 et
1148 2403 1385 2476 sequenti
1412 2423 1569 2457 versu

542 2490 813 2541 candentes
834 2487 1024 2556 filant.
1047 2483 1302 2556 Scaliger,
1316 2482 1568 2548 Pithoeus,

540 2566 791 2622 Gorallus
823 2568 979 2615 AEena
1020 2575 1070 2614 et
1112 2567 1254 2636 efflat
1286 2563 1566 2616 dederunt.

541 2647 645 2703 Sed
676 2646 804 2718 quia
838 2643 1053 2697 minime
1090 2643 1191 2696 dici
1220 2643 1419 2716 potuit,
1461 2645 1574 2694 AEt-

544 2745 669 2779 nam
700 2743 729 2776 e
755 2723 1006 2777 lateribus
1050 2735 1101 2776 et
1140 2723 1409 2776 radicibus
1442 2721 1572 2792 lapie

550 2805 643 2859 des
666 2804 846 2856 efflare
869 2840 885 2866 ,
910 2802 999 2874 qui
1032 2821 1141 2856 nou
1170 2802 1275 2854 uisi
1298 2823 1325 2855 e
1354 2801 1573 2854 summis

546 2885 838 2939 crateribus
875 2895 1185 2936 eructautur
1204 2923 1219 2949 ,
1258 2891 1477 2954 apparet
1517 2881 1573 2932 in

549 2968 727 3037 ffam
745 2962 907 3018 latere
924 2962 1113 3015 vitium
1133 3001 1149 3026 ,
1170 2972 1221 3015 et
1248 2980 1344 3032 pro
1365 2977 1428 3011 eo
1448 2959 1574 3012 scri-

549 3046 653 3098 bo:
677 3035 709 3089 -3
720 3043 839 3095 imis
858 3041 1122 3094 radicibus
1139 3043 1306 3092 AEtnae
1324 3037 1574 3092 Canden-

549 3137 627 3176 tes
652 3133 853 3174 exstant
874 3120 1071 3192 lapides
1089 3119 1381 3172 ».—-—Potest
1398 3131 1577 3170 tamen

556 3200 767 3254 admitti
802 3199 959 3251 lectio
1000 3199 1269 3270 scaligeri,
1300 3216 1411 3249 non
1429 3195 1577 3268 quod

554 3283 715 3333 AEtna
742 3295 771 3329 e
790 3277 1041 3330 lateribus
1061 3276 1263 3348 lapides
1286 3275 1575 3338 emitteret,

557 3357 651 3412 sed
670 3357 797 3428 quia
829 3355 896 3408 de
916 3357 1133 3408 summis
1162 3356 1457 3409 crateribus
1480 3371 1578 3425 per

552 3439 721 3491 latera
735 3434 804 3488 ad
819 3435 1022 3489 radices
1038 3453 1207 3506 usque
1220 3434 1574 3489 effluunt.En.

630 3522 752 3585 449.
778 3521 1028 3566 Inter-emec
1070 3518 1226 3567 venis.
1268 3515 1424 3566 Recte
1474 3513 1579 3567 hoc

554 3595 803 3649 Gorallus
824 3593 1199 3665 interpretatur
1223 3608 1341 3644 eunt
1358 3595 1484 3643 inter
1499 3613 1580 3643 ve-

552 3695 672 3736 nas,
692 3693 787 3726 seu
806 3674 955 3727 venis
982 3673 1357 3726 immiscentur.
1378 3672 1578 3726 Glossae

553 3768 786 3808 veteres:
810 3758 991 3806 intereo
1012 3757 1385 3826 ὖπιισίρχομαι.

624 3837 747 3897 450.
786 3837 1013 3884 Ardendae'
1046 3833 1225 3903 legunt
1266 3831 1575 3884 vetustiores

553 3911 675 3965 edd.
702 3929 827 3966 cum
846 3911 943 3965 MS
962 3912 1182 3966 Helmst.
1202 3911 1315 3964 aliae
1332 3909 1577 3980 quedam

552 3995 761 4043 ardenti.

625 4071 747 4131 451.
784 4073 927 4134 Cujus
956 4072 1187 4138 dq'ectus.
1213 4067 1458 4121 Gorallus
1493 4087 1576 4121 ex-

1645 1691 1838 1764 plicat:
1869 1691 2050 1756 Quum
2077 1687 2211 1762 lapis
2233 1687 2446 1742 molaris
2474 1687 2682 1739 minore

1647 1772 1802 1842 copia
1825 1769 1999 1834 adest,
2021 1771 2185 1843 jejuni
2213 1781 2336 1822 sunt
2361 1768 2515 1839 ignes
2532 1803 2547 1828 ,
2573 1767 2682 1818 sive

1651 1861 1854 1904 tenues.
1898 1853 2117 1903 Veteres
2156 1847 2374 1920 quidem
2413 1847 2685 1920 pleraeque

1649 1931 1832 2002 legunt
1851 1933 2049 1998 jejunus
2076 1932 2264 1998 colligit
2289 1929 2414 1996 ignis
2425 1948 2450 1988 ,·
2471 1925 2568 1979 sed
2587 1923 2682 1978 MS

1649 2009 1871 2062 Helmst.
1895 2021 1948 2061 et
1961 2007 2044 2061 ed.
2061 2009 2195 2060 Luc.
2205 2011 2427 2078 Jejunos.

1724 2089 1844 2152 4⁵2.
1863 2093 1970 2149 Ille,
1986 2091 2070 2140 ubi
2085 2089 2284 2155 collegit
2284 2085 2688 2158 flammas.0m·

1652 2188 1744 2222 nes
1780 2166 1998 2240 quidem
2030 2167 2152 2218 libri
2186 2167 2262 2218 sic
2306 2165 2492 2238 legunt
2509 2203 2527 2228 ,
2557 2163 2683 2230 sed,

1653 2248 1776 2320 quia
1795 2251 1982 2316 colligit
2001 2243 2164 2298 modo
2186 2243 2358 2298 adfuit
2375 2285 2390 2310 ,
2409 2243 2615 2296 rectius
2635 2253 2687 2294 et

1653 2327 1937 2399 elegantius
1972 2324 2158 2379 feceris
2183 2365 2196 2390 ,
2235 2323 2280 2377 si
2307 2326 2534 2391 concepit
2559 2322 2688 2375 scri-

1653 2408 1746 2460 bas
1765 2444 1780 2470 ,
1796 2404 1940 2476 quod
1957 2415 2008 2458 et
2023 2403 2257 2456 Antonio
2272 2407 2336 2454 de
2353 2409 2494 2465 Reor
2507 2403 2686 2456 visum

1654 2498 1748 2540 est.
1771 2485 1873 2536 Pro
1882 2489 2016 2554 jacit
2029 2485 2168 2536 Ven.
2197 2495 2250 2535 et
2266 2481 2594 2556 Lugd.jaeee
2615 2483 2689 2534 le-

1655 2576 1786 2636 gunt
1804 2567 1970 2633 3fae1’e
1989 2564 2127 2616 aliae.
2142 2565 2382 2614 —simul
2396 2563 2526 2620 iem,
2553 2561 2613 2614 h.
2637 2581 2685 2614 e.

1655 2645 1711 2696 in
1733 2643 1887 2696 aliam
1909 2643 2199 2716 quamdam
2213 2661 2400 2714 rupem
2421 2639 2687 2704 incidens,

1656 2723 1774 2794 ipso
1807 2723 1918 2775 ictu
1943 2723 2218 2776 materiam
2247 2721 2478 2776 vicinam
2505 2741 2694 2776 accen·

1658 2801 1751 2854 dit.
1787 2800 1868 2852 Ad
1901 2801 2222 2856 intellectum
2259 2801 2458 2856 hortun
2497 2803 2692 2854 verbo-

1657 2901 1777 2935 rum
1809 2882 1934 2934 facit
1959 2881 2108 2934 loeus
2125 2879 2482 2952 Theophrasti
2507 2899 2538 2933 a
2567 2879 2696 2932 Sc·-

1655 2959 1825 3033 ligero
1845 2957 2106 3014 adductus
2121 2979 2152 3013 e
2165 2959 2302 3013 libro
2315 2959 2384 3012 de
2396 2959 2692 3032 lapidibus:

1661 3045 1704 3094 oi
1748 3044 2022 3114 προμάχοι
2063 3045 2146 3096 καὶ
2184 3043 2226 3095 οἱ
2261 3042 2430 3112 μυλίας
2475 3043 2692 3113 ῥέουσιν,

1662 3115 1730 3184 οἷς
1757 3123 2026 3176 ἐπιτιθέασι
2051 3124 2092 3174 οἱ
2117 3123 2358 3184 καίοντες·
2381 3145 2408 3167 ο
2431 3139 2695 3196 pyroma-

1662 3200 1748 3252 ehi
1775 3210 1825 3251 et
1851 3201 2077 3252 molares
2109 3199 2394 3272 liquefiunt
2421 3219 2530 3251 une
2565 3219 2694 3253 eum

1661 3279 1728 3330 iis
1747 3319 1762 3344 ‚
1790 3298 1908 3348 quoe
1934 3279 2217 3349 imponunt
2242 3291 2455 3332 urentes
2480 3305 2528 3333 ι.

1734 3357 1851 3421 456.
1873 3361 1928 3407 Si
1946 3361 2125 3409 lenitur
2147 3379 2267 3425 opus
2285 3377 2426 3409 reses.
2447 3359 2540 3411 Sic
2557 3361 2697 3412 bene

1663 3435 1965 3489 emendavit
2001 3437 2265 3508 Scaliger,
2311 3455 2484 3508 quum
2538 3449 2697 3492 antea-

1663 3517 1956 3584 legeretur:
1985 3519 2032 3568 si
2047 3519 2228 3567 lenitur
2241 3537 2387 3584 opus,
2412 3533 2574 3569 restae
2589 3539 2697 3569 ma·

1659 3599 1753 3666 gis.
1781 3595 1976 3652 Sensus
2005 3607 2084 3646 est
2103 3613 2122 3648 τ
2146 3595 2380 3660 Quando
2409 3609 2696 3668 tempestas

1664 3677 1830 3726 AEtnae
1873 3674 2066 3728 resedit
2081 3715 2100 3740 ‚
2143 3687 2258 3728 tum
2301 3677 2474 3748 magis
2525 3677 2698 3730 uritur

1663 3769 1843 3806 saxum
1874 3757 2004 3813 ime,
2038 3755 2092 3805 in
2123 3755 2380 3807 interiore
2406 3759 2590 3809 AEtna.
2620 3757 2698 3808 De

1621 3879 1633 3894 ,
1664 3851 1794 3885 voce
1813 3851 1936 3883 reses
1959 3831 2070 3884 vid.
2091 3851 2272 3886 ver-sus
2299 3837 2419 3887 161.

1736 3912 1858 3974 456.
1875 3915 2209 3980 Sollicitatque
2227 3917 2405 3965 vicina
2434 3917 2692 3973 ιἠσεηόῐα,

1665 3990 1720 4043 b.
1741 4009 1785 4042 e.
1816 4002 2078 4062 praeparat
2103 4004 2153 4045 et
2177 4008 2484 4048 commovet
2510 3997 2698 4049 incen-

1665 4069 1753 4122 dia
1773 4087 1894 4122 mox
1919 4087 2177 4124 exarsura.
