2975 4684
730 470 735 473 .
842 396 1269 470 CARMEN
1328 402 1463 469 AD
1533 399 2009 471 PISONEM.

461 518 597 589 Ver
633 518 805 616 fugit
845 536 1098 592 aestates
1120 549 1135 592 :
1159 537 1463 593 aestatum
1507 537 1695 618 terga
1730 524 1992 593 lacessit

2361 402 2500 475 253

462 630 756 699 Pomifer
797 634 1184 702 Autumnus
1224 631 1486 703 nebulis
1523 658 1862 718 cessurus,
1887 647 1956 702 et
1985 632 2201 702 undis.

438 737 671 836 'Ignea
702 742 871 836 quin
910 743 1111 813 etiam
1155 748 1486 839 Superum
1530 759 1723 840 pater
1775 766 1960 816 arma
2006 744 2347 832 recondit,
2427 728 2516 815 ω’

462 853 549 919 Et
588 852 1031 946 Ganymedeae
1076 870 1383 950 repetens
1426 856 1732 924 convivia
1773 878 2045 943 mensae,

464 960 711 1031 Pocula
746 948 953 1033 sumit
981 989 1093 1045 ea.
1126 990 1260 1060 qua
1298 966 1499 1061 gessit
1541 950 1863 1051 fulmina,
1906 964 2156 1035 dextra.
2217 996 2221 1001 ’

463 1072 907 1168 Temporibus
942 1077 1189 1145 servire
1229 1075 1418 1145 decet
1445 1102 1461 1145 ε
1488 1077 1607 1171 qui
1642 1089 1949 1170 tempora
1981 1075 2178 1145 certis

464 1183 883 1254 Ponderibus
914 1188 1251 1281 pensavit,
1284 1212 1439 1256 eum
1477 1187 1532 1256 si
1565 1185 1738 1255 bella
1778 1185 2149 1271 vocabunt,

464 1292 661 1363 Miles
694 1296 860 1389 erit3
892 1298 946 1366 si
983 1323 1152 1393 pax,
1181 1298 1415 1393 positis
1452 1313 1609 1392 toga
1652 1297 1893 1392 gestiet
1932 1296 2166 1365 armis:
2427 1312 2501 1360 υς

366 1496 539 1551 Hiemi
580 1514 645 1549 a
696 1497 799 1553 alia
840 1502 1045 1556 ratione
1064 1540 1079 1567 ,
1118 1516 1392 1577 tamquam

367 1575 481 1629 seni
497 1613 513 1639 ,
534 1594 683 1629 raros
712 1590 763 1631 et
786 1579 937 1633 albos
962 1582 1183 1655 capillos
1205 1583 1395 1637 tribuit

366 1656 497 1710 Met.
520 1656 645 1723 XV,
673 1659 804 1712 213:
828 1686 855 1705 ιι
873 1660 981 1714 Aut
1000 1662 1223 1733 spoliata
1242 1683 1389 1727 suos,

371 1745 464 1788 aut
486 1772 503 1799 ,
530 1753 665 1809 quos
718 1737 879 1794 habet
902 1778 918 1804 ,
944 1742 1063 1795 albe
1112 1744 1329 1815 capillos
1350 1768 1393 1795 ι.

370 1814 605 1880 Quando
632 1822 735 1869 Ver
757 1822 946 1873 siccate
980 1826 1185 1891 capillos
1213 1826 1393 1875 Hieronis

369 1892 591 1958 «ficitur,-
600 1896 793 1969 respici
810 1898 1021 1954 videtur
1031 1900 1100 1955 ad
1112 1900 1395 1973 imag-inem

370 1972 594 2030 Veneris
613 1977 949 2053 ἀνιδυομίνης
965 2022 980 2043 ,
1000 1992 1115 2055 qun
1131 1984 1265 2037 veris
1284 1982 1397 2035 Dea

372 2062 477 2118 est,
517 2074 549 2107 e
582 2060 717 2112 mari
748 2058 1064 2130 prodeuntis
1094 2074 1147 2115 et
1178 2064 1395 2135 capillos

374 2132 651 2191 sicaniis:
688 2140 839 2211 cujus
872 2142 1195 2195 mentionem
1226 2144 1397 2216 injicit

375 2212 539 2269 Ovid.
565 2218 727 2272 Trist.
750 2219 838 2283 11,
866 2220 967 2291 ⁵²7
990 2240 1005 2275 ι
1048 2246 1073 2269 ι
1110 2223 1197 2276 Sic
1222 2222 1395 2277 madi-

376 2288 473 2346 dos
501 2296 668 2350 siccat
698 2298 877 2369 digitis
894 2299 1079 2353 Venus
1102 2300 1209 2356 uda
1235 2304 1393 2375 capil-

376 2370 486 2425 los:
508 2374 577 2427 Et
590 2375 754 2429 modo
771 2379 1020 2433 maternis
1028 2391 1171 2434 tecta
1188 2381 1399 2437 videtur

376 2468 529 2523 aquis
554 2477 599 2505 ι.

454 2532 573 2587 138-
599 2537 848 2605 Verfugit
862 2552 1075 2592 oestaoes.
1095 2538 1281 2594 Horat.
1298 2543 1335 2595 l.
1351 2562 1399 2596 c.

377 2609 509 2681 (red.
528 2612 601 2667 ad
616 2626 727 2667 not.
745 2616 868 2682 133,
894 2618 1017 2688 134)
1033 2643 1059 2665 ι
1078 2638 1173 2672 ver
1184 2621 1404 2693 proterit

378 2700 529 2743 astas
559 2718 605 2745 n.
646 2696 819 2748 Lucil.
862 2695 901 2749 l.
936 2714 986 2749 c.
1027 2698 1185 2751 :Ver
1224 2712 1403 2755 testate

381 2770 519 2841 perit
546 2796 591 2824 a.
624 2803 695 2813 —-
724 2778 971 2827 AEstatum
1001 2792 1145 2845 terga
1176 2783 1397 2841 lacessit,

382 2848 420 2901 i.
444 2869 493 2903 e.
513 2856 743 2906 AEstates
765 2856 1005 2926 proxime
1022 2858 1335 2931 insequitur.

459 2931 577 2998 139.
616 2936 818 2987 Nebulis
853 2956 1073 2987 cessurus
1092 2976 1109 2999 ,
1156 2954 1205 2989 et
1234 2942 1399 2993 undis.

382 3008 604 3075 hunius,
636 3012 829 3086 scalig.
866 3014 1004 3069 Pith.
1036 3016 1192 3089 Cos-p.
1226 3019 1401 3071 Aurei.

386 3089 555 3141 nbnbis
588 3111 841 3154 cessurus,
873 3109 923 3145 et
948 3099 1113 3148 emde‘s.
1150 3098 1209 3149 C.
1238 3097 1402 3151 Hein-

378 3166 497 3237 sius
522 3186 537 3221 :
572 3174 746 3223 nirnbis
780 3194 1003 3225 cessurus
1042 3190 1089 3226 et
1120 3177 1241 3227 ude's.
1280 3176 1405 3228 Bar-

387 3246 565 3319 thius:
604 3254 785 3303 nivibus
819 3272 1055 3306 cessurus.
1092 3254 1250 3327 Apud
1280 3255 1405 3309 Mic.

387 3327 588 3382 Bersm.
627 3330 744 3383 Col.
790 3332 1029 3385 Maitmr.
1076 3345 1155 3387 est
1197 3337 1405 3387 nebulis.

387 3408 891 3479 Lsoou.--Pom3‘ser
905 3416 1193 3465 Aummnus.
1218 3413 1286 3465 Et
1304 3413 1409 3467 hoc

390 3489 657 3543 exHomt.
676 3492 713 3543 l.
736 3510 787 3543 c.
803 3491 904 3543 Per
929 3494 1133 3544 nebulas
1148 3528 1164 3555 ,
1190 3492 1327 3554 sive,
1350 3506 1410 3547 ut

388 3568 481 3621 alii
520 3570 787 3633 scribunt,
816 3572 1003 3622 nimbos
1040 3583 1091 3624 et
1133 3576 1297 3625 undas
1334 3574 1411 3625 in·

389 3648 645 3721 telligitur
664 3650 875 3713 Hiems,
911 3653 1061 3723 cujus
1088 3670 1147 3705 ea
1176 3665 1301 3705 sunt
1325 3652 1409 3705 in-

392 3726 555 3781 dicia.

471 3816 583 3872 140.
603 3814 832 3877 Superum
845 3826 994 3878 pater
1015 3830 1157 3862 arma
1179 3814 1413 3865 recondit.

394 3888 635 3941 Fortasse
668 3892 857 3956 reponit
908 3888 1244 3944 scribendum
1297 3901 1375 3943 est
1397 3928 1413 3955 ,

392 3966 525 4038 quia
564 3966 667 4021 hoc
706 3969 933 4021 verbum
975 3968 1215 4021 usitatius
1252 3966 1419 4040 poetis

394 4045 455 4096 in
500 4046 845 4101 memoranda
886 4046 1193 4100 remissione
1237 4047 1385 4100 Jovis
1399 4088 1417 4113 ,

396 4122 563 4178 ovid.
606 4125 820 4179 Metam.
860 4126 977 4191 111,
1016 4126 1161 4179 318:
1214 4152 1234 4173 ι
1261 4127 1419 4179 Forte

1474 1504 1658 1557 Jovem
1685 1512 1980 1557 memorant
1997 1540 2014 1566 ‚
2049 1501 2306 1557 diffusum
2331 1514 2502 1557 neets-

1474 1601 1570 1649 re,
1603 1600 1758 1635 curas
1790 1582 2090 1654 seposuisse
2130 1600 2314 1653 graves
2339 1606 2386 1636 n.
2435 1584 2503 1637 Et

1477 1661 1733 1735 Calpurn.
1775 1660 1875 1724 IV,
1930 1668 1999 1731 94
2023 1681 2037 1713 ε
2095 1686 2119 1708 ι
2136 1658 2346 1734 Jupiter
2389 1662 2504 1736 ipse

1476 1760 1694 1813 parens.
1711 1780 1724 1793 .
1739 1741 1936 1812 .posito
1957 1740 2240 1811 paullisper
2259 1741 2502 1802 fulmine.

1479 1838 1618 1889 sape
1643 1820 1844 1873 Cressia
1875 1838 2002 1873 rura
2029 1820 2158 1891 petit
2191 1845 2244 1873 »-
2278 1850 2352 1861 —-
2387 1822 2502 1893 Ego

1479 1918 1606 1953 vero
1627 1898 1764 1952 nihil
1785 1897 2100 1951 mutandum
2126 1917 2331 1953 censeo.
2351 1900 2450 1953 En.

1559 1986 1677 2043 142.
1720 1984 1833 2047 Qua
1860 1980 2019 2046 gessit
2045 1980 2286 2030 Fulmina.
2304 1978 2462 2033 Forte
2483 2000 2498 2033 τ

1481 2079 1584 2127 qua
1588 2060 1984 2126 secia-Pocula
2001 2060 2144 2108 sumit
2159 2078 2178 2107 .·
2201 2070 2262 2110 nt
2278 2059 2468 2113 Statius
2484 2097 2501 2123 ,

1480 2137 1606 2191 silv.
1630 2137 1733 2201 1v,
1755 2155 1807 2203 s,
1837 2154 1894 2190 11
1917 2154 1932 2189 τ
1976 2160 2000 2183 ιι
2018 2136 2182 2189 Iliaca
2198 2150 2504 2207 porrectum

1482 2235 1690 2269 sumere
1707 2214 1888 2269 dextra
1905 2214 2214 2267 Immortale
2231 2234 2436 2271 merum
2454 2243 2476 2265 ι
2488 2258 2502 2271 .

1481 2297 1584 2349 Pro
1598 2293 1936 2367 Ganymedes
1953 2296 2507 2368 mensamAEthiopum

1483 2394 1546 2427 ex
1577 2376 1815 2427 Homero
1849 2374 2090 2427 nominat
2119 2373 2316 2429 Statius
2349 2375 2405 2428 in
2435 2378 2508 2429 si-

1484 2454 1601 2507 mili
1641 2454 2038 2526 comparatione
2057 2492 2073 2519 ,
2113 2454 2240 2506 Silv.
2281 2454 2384 2521 IV,
2445 2476 2472 2509 2
2491 2496 2506 2521 ,

1487 2534 1556 2587 53
1577 2550 1592 2586 :
1642 2559 1666 2581 ι
1680 2533 1826 2586 Talis
1844 2533 1936 2585 ubi
1954 2532 2156 2585 Oceani
2177 2532 2337 2585 finem
2361 2552 2509 2587 men-

1485 2632 1673 2685 sasque
1689 2610 1870 2665 revisit
1885 2609 2220 2682 AEthiopum,
2239 2631 2391 2666 sacro
2409 2613 2510 2666 dif-

1484 2693 1636 2746 fusus
1653 2702 1864 2745 nectare
1882 2691 2078 2755 vultus,
2097 2692 2215 2744 Dux
2241 2691 2507 2765 Superum

1486 2783 1686 2826 secreta
1697 2771 1849 2843 jubet
1865 2769 1992 2823 dare
2013 2771 2252 2823 carmine
2267 2771 2448 2825 Musas
2465 2798 2507 2822 a.

1568 2854 1687 2917 143.
1739 2853 2047 2919 Τοηφοήὸω
2097 2854 2274 2903 servire
2325 2856 2464 2905 decet
2487 2872 2507 2903 .-

1487 2931 1729 2987 δουλιῦιιν
1751 2941 1824 3005 τῷ
1850 2938 2022 3002 καιρῷ.
2059 2928 2262 2983 Busa.
2286 2930 2508 3001 Egregie

1487 3011 1596 3065 huc
1633 3012 1759 3065 facit
1797 3012 1946 3063 locus
1985 3007 2178 3079 Elegia
2210 3009 2267 3061 in
2303 3010 2508 3063 obitum

1487 3093 1705 3145 Moecen.
1733 3108 1802 3161 97
1826 3108 1839 3143 :
1879 3114 1904 3133 ··
1921 3088 2186 3158 Tempora
2209 3086 2512 3160 dispensant

1490 3188 1645 3231 usus,
1675 3182 1730 3223 et
1760 3181 2000 3238 tempora
2025 3166 2199 3221 cultus
2216 3205 2233 3231 ,
2261 3180 2359 3222 etc.
2376 3194 2402 3214 n

1569 3256 1684 3315 144.
1729 3250 1876 3299 Certis
1923 3250 2217 3299 Ponderibus
2252 3251 2508 3317 pensavit,

1493 3339 1637 3381 certo
1657 3325 1859 3400 judicio
1884 3325 2192 3400 perpendit,
2217 3328 2350 3401 quid
2379 3339 2513 3382 tem-

1493 3427 1593 3481 pus
1618 3406 1870 3480 quodque
1888 3419 2087 3478 poscat.

1573 3489 1832 3556 145.Toga
1843 3490 2033 3556 gestiet.
2057 3488 2161 3540 Alii
2183 3501 2305 3556 toga
2321 3490 2508 3547 waiet,

1499 3569 1667 3621 multo
1713 3564 2032 3637 languidius.
2078 3566 2142 3619 C.
2195 3566 2310 3617 Hoc
2355 3566 2516 3620 etiam

1497 3650 1702 3700 Bet-sm.
1729 3664 1830 3717 pro
1855 3647 2095 3699 variante
2117 3646 2383 3716 apposuit,
2409 3646 2522 3720 ipse

1502 3740 1678 3780 tamen
1722 3735 1774 3777 et
1813 3725 1986 3778 ceteri
2015 3726 2194 3792 gestiet
2225 3724 2520 3779 ediderunt.

1502 3804 1790 3869 -Nescio,
1810 3802 1953 3855 unde
1975 3804 2326 3856 Bersmannus
2350 3805 2520 3876 cepit;

1505 3903 1677 3957 neque
1703 3882 1912 3936 Cot-tius
1943 3880 2228 3945 indicavit,
2269 3881 2412 3936 unde
2440 3884 2525 3937 sit.

1507 3966 1720 4019 Lusor.
1754 3993 1825 4003 —-
1855 3968 1994 4031 Toga
2028 3965 2234 4030 gestiet,
2267 3961 2323 4015 h.
2359 3982 2408 4016 e.
2451 3975 2526 4016 to-

1510 4058 1664 4117 gatus
1684 4042 1962 4109 letabitur,
1979 4054 2032 4096 et
2046 4042 2271 4114 jactabit
2293 4060 2348 4097 se
2367 4040 2530 4097 civili-

1507 4126 1608 4179 bus
1642 4125 1696 4176 in
1737 4122 1944 4177 officiis.
