2975 4684
801 334 932 402 AD
987 333 1454 406 LICENTII
1518 331 1957 402 CARMEN.
2297 331 2428 418 451

317 453 484 516 Nam
499 473 616 540 per
630 436 1188 539 ventura-flumina
1205 451 1725 518 commodissime
1744 453 2032 544 intelligo
2046 454 2439 543 baptismum

320 575 474 616 mox
503 553 1011 641 suscipiendum.
1053 554 1174 618 Hic
1212 570 1448 619 terrere
1479 571 1733 643 poterat
1768 555 2269 622 catechumenos
2302 581 2439 624 non

317 676 467 718 vere
499 651 792 720 dolentes
809 703 826 736 ‚
861 671 927 718 et
961 657 1179 744 gratim
1215 655 1446 720 divinae
1479 655 1782 744 cupidos,
1814 659 2121 745 quoniam
2161 675 2339 725 extra
2376 674 2443 726 et

321 773 469 843 post
517 757 916 844 baptismum
971 781 1104 822 non
1164 758 1350 822 aliam
1401 757 1790 823 deletionem
1840 776 2252 848 peccatorum
2306 783 2443 825 esse

322 873 570 922 veteres
601 857 900 922 doctores
934 859 1226 947 plerique
1259 859 1647 924 statuebant.
1683 859 2006 925 chentius
2030 862 2219 943 forte,
2240 855 2471 950 quum*

324 958 462 1024 haec
507 959 816 1024 scriberet
830 1007 849 1042 ‚
878 959 1174 1024 nondum
1221 960 1615 1050 baptismum
1652 977 2014 1050 acceperat,
2044 979 2110 1026 et
2140 962 2449 1050 quoniam

325 1060 584 1140 majoris
629 1061 1120 1124 illuminationis
1157 1077 1293 1126 erat
1327 1061 1643 1149 cupidus,
1681 1061 1777 1144 uti
1821 1078 1973 1126 ante
2002 1084 2195 1126 versu
2240 1061 2322 1126 30
2366 1062 2452 1126 si-

327 1160 652 1252 gnificavit
673 1210 690 1244 ,
717 1162 870 1226 hinc
909 1162 1167 1250 petebat
1209 1163 1290 1227 ab
1334 1163 1700 1256 Augustino
1718 1212 1736 1246 ,
1764 1177 1841 1226 ut
1882 1163 1953 1226 in
1998 1163 2289 1228 oratione
2328 1185 2451 1252 pro

327 1263 806 1328 catechumenis
827 1262 1222 1328 instituenda
1247 1265 1350 1328 sui
1373 1265 1590 1346 etiam,
1614 1279 1944 1351 tamquam
1972 1263 2455 1345 catechumeni,

329 1386 582 1430 memor
609 1379 777 1428 esset
791 1411 809 1445 ,
836 1364 964 1428 hoc
990 1381 1115 1447 est,
1137 1387 1258 1454 pro
1292 1388 1362 1429 se
1399 1381 1610 1429 oraret
1624 1413 1643 1448 ‚
1670 1386 1870 1453 seque
1896 1387 2024 1428 una
2053 1365 2455 1431 admoneret.

329 1469 558 1554 ltaque
582 1465 932 1530 verborum
965 1465 1234 1530 Licentii
1249 1514 1268 1549 ‚
1305 1489 1498 1556 quum
1530 1481 1819 1532 sanctum
1848 1487 2029 1556 super·
2066 1466 2458 1531 benediceris

330 1571 560 1657 ignem,
587 1565 696 1631 hic
719 1588 946 1630 sensns
971 1581 1090 1647 est,
1110 1589 1316 1654 quum
1346 1589 1543 1656 super
1564 1568 1668 1632 vel
1698 1581 1929 1656 praeter
1957 1589 2213 1656 gravem
2239 1565 2461 1631 admo—
2488 1617 2493 1620 -

333 1669 649 1734 nitionem
663 1684 730 1731 et
741 1667 1174 1755 pretationem
1190 1669 1422 1733 factam
1439 1667 1920 1734 catechumenis
1938 1665 2459 1734 benedictionem

333 1769 738 1858 impertieris.

2008 4207 2133 4282 29·
