2975 4684
705 391 1142 462 CONCUB.
1197 391 1563 458 MARTIS
1630 393 1751 461 ET
1815 395 2282 466 VENERIS.

2424 393 2562 468 333

531 511 849 580 Incubuit
885 511 1066 581 lectis
1097 513 1347 607 Paphie
1376 538 1394 580 t
1427 509 1629 605 proh!
1664 527 1890 614 sancte
1920 515 2225 610 Cupido!
2494 546 2567 584 ωε

534 621 754 709 Quam
785 621 1064 690 blandas
1101 647 1330 710 voces,
1362 646 1513 716 quae
1544 637 1705 691 tunc
1734 623 1827 692 ibi
1856 648 2202 695 murmura
2236 624 2573 697 fundunt?

535 731 783 801 Oscula
819 734 1166 827 permixtis
1201 757 1352 828 quae
1393 747 1557 802 tunc
1594 733 1799 803 fixere
1833 733 2126 806 labellis?

535 839 758 927 Quam
796 841 968 911 bene
1011 845 1332 913 consertis
1373 842 1708 913 haeserunt
1744 845 1999 914 artibus
2034 848 2267 918 artus?

535 952 916 1046 stringebat
953 955 1226 1049 Paphiae
1260 957 1532 1022 Mavors
1568 968 1731 1024 tunc
1778 960 2045 1048 pectore
2087 955 2383 1029 dextram
2409 1013 2429 1046 ‚

535 1061 620 1128 Et
663 1060 835 1129 collo
879 1063 1188 1132 innexam
1228 1089 1314 1133 ne
1349 1063 1595 1133 laedant
1632 1063 1929 1159 pondera
1968 1065 2197 1136 laevam
2222 1121 2240 1156 ,

469 1217 478 1223 -
534 1167 706 1238 Lilia
750 1197 904 1240 cum
953 1175 1158 1243 roseis
1188 1174 1511 1269 supponit
1541 1173 1825 1243 candida
1864 1176 2091 1246 sertis:

536 1282 726 1375 Saepe
762 1280 888 1351 levi
929 1285 1142 1352 cruris
1186 1299 1370 1353 tactu
1403 1285 1732 1379 permovit
1767 1300 2102 1354 amantem

535 1393 616 1458 In
657 1391 994 1483 flammas,
1029 1418 1195 1489 quas
1227 1396 1400 1463 Diva
1437 1407 1661 1463 movet
1693 1419 1708 1461 ε
1742 1393 1899 1488 jam'
1922 1393 2240 1491 languida
2284 1397 2485 1468 fessos

535 1505 736 1571 Forte
767 1504 958 1598 quies
992 1505 1232 1574 Martis
1271 1503 1539 1574 tandem
1576 1520 2056 1598 compresserat
2092 1521 2313 1594 artus;

534 1614 688 1684 Non
723 1629 946 1684 tamen
985 1617 1201 1685 omnis
1235 1640 1445 1704 amor,
1479 1640 1618 1684 non
1658 1615 1875 1684 omnis
1909 1631 2182 1710 pectore
2216 1619 2415 1688 cessit
2512 1638 2587 1679 „⁵

537 1721 836 1793 Flamma
868 1726 1036 1813 Dei,
1073 1725 1281 1794 trahit
1316 1727 1386 1794 in
1429 1723 1653 1795 medio
1695 1725 1979 1821 suspiria
2014 1751 2281 1812 somne,

537 1833 622 1900 Et
663 1837 994 1904 Venerem
1037 1836 1193 1904 totis
1227 1834 1659 1929 pulmonibus
1697 1835 1899 1904 ardor
1932 1836 2219 1907 anhelat.

520 2060 634 2114 105.
649 2067 797 2116 Proh!
809 2080 980 2117 sancte
991 2067 1174 2132 Cupido
1189 2073 1212 2115 l
1223 2065 1296 2118 ita
1309 2065 1468 2118 821111.

445 2152 498 2193 et
534 2141 841 2196 Divionens.
883 2144 938 2196 in
979 2143 1224 2198 Leideusi
1255 2145 1472 2213 praxede

447 2223 656 2288 Cupido,
647 2243 662 2254 ·
706 2221 850 2275 unde
907 2223 1044 2276 forte
1102 2221 1470 2295 castigandum

436 2305 595 2368 proh!
620 2321 776 2355 seoeve
797 2307 978 2372 Cupido
995 2309 1017 2354 Ι
1034 2305 1120 2358 vel
1139 2321 1284 2366 saeoe,
1301 2316 1362 2356 ut
1386 2323 1464 2357 vs.

449 2381 514 2432 28
531 2391 583 2432 et
609 2381 692 2434 52.
719 2383 898 2445 Bunn,

521 2479 636 2530 ¹⁰7·
673 2465 856 2514 Oscula
877 2464 1161 2531 permixtis.
1192 2461 1316 2516 vid.
1357 2475 1467 2516 not.

445 2537 516 2592 ad
537 2557 776 2611 vers-19.

517 2621 642 2674 108.
665 2625 902 2674 conset-nis
923 2628 1168 2676 haesenmt
1180 2627 1376 2677 artibus.
1399 2624 1470 2676 Il-

445 2697 542 2752 lud
569 2702 788 2754 verbum
829 2701 898 2756 de
929 2704 1206 2774 complexu
1224 2705 1470 2758 Venereo

447 2781 716 2852 frequens.
763 2783 850 2836 Sic
881 2783 1082 2836 Tibull.
1113 2785 1140 2836 I
1159 2827 1174 2851 ,
1218 2786 1281 2850 8,
1322 2789 1390 2838 26
1419 2799 1472 2839 et

447 2861 546 2924 363
566 2859 726 2914 Ovid.
747 2861 876 2916 Her.
897 2864 952 2915 Il
965 2901 982 2928 ‚
1003 2864 1094 2928 58,
1114 2875 1166 2918 et
1185 2865 1276 2918 alii
1291 2885 1467 2918 conse-

449 2957 556 2994 rere
595 2942 800 3006 femur,
831 2942 1009 3008 sinus,
1051 2957 1294 3016 pectora,
1334 2945 1470 2998 latus
1507 2971 1518 2979 ·

447 3017 653 3072 dicunt.

525 3115 642 3166 109.
679 3105 954 3170 Set-ingebat
993 3107 1194 3170 Paplaiae
1236 3111 1464 3166 Mavors,

447 3193 545 3233 etc.
566 3179 690 3234 Hoc
711 3181 934 3235 feliciter
951 3181 1238 3254 castigabat
1254 3184 1472 3236 Ouden-

449 3255 708 3330 don-pius:
748 3259 1100 3331 «stringebat
1123 3261 1330 3332 Paphiae
1357 3263 1470 3314 Ma-

449 3356 568 3389 vors
587 3348 716 3390 tunc
743 3349 956 3409 pectora
982 3338 1192 3404 dextra,
1221 3341 1314 3406 Et,
1333 3343 1472 3395 collo

449 3415 650 3468 innexae
687 3435 754 3470 ne
793 3417 988 3472 laedant
1029 3420 1268 3491 pondera
1301 3422 1472 3487 laevae,

449 3493 578 3548 Lilia
601 3515 726 3550 cum
743 3497 940 3564 roseis,
958 3509 1062 3551 etc.
1092 3500 1330 3554 ’.3111121

525 3590 550 3625 1
563 3592 583 3626 1
596 3596 644 3628 2.
661 3581 800 3644 Soepe
823 3579 918 3628 levi
931 3581 1105 3630 cruris.
1133 3579 1474 3642 Burmannus

451 3652 730 3724 legendum
753 3661 932 3726 putat}
955 3683 980 3724 ρ·
997 3657 1144 3728 Soepe
1159 3657 1289 3710 levis
1305 3658 1474 3712 cruris

449 3739 538 3786 ml
568 3753 782 3788 crurum
825 3744 992 3788 tactu}
1029 3761 1075 3789 υ.
1122 3765 1193 3776 -·—
1237 3742 1478 3790 Per-movit

449 3829 700 3866 amantem
727 3821 786 3866 In
798 3818 1073 3885 ffinmas,
1098 3816 1370 3888 quomodo
1383 3817 1476 3869 Ti-

449 3891 581 3945 buu.
604 3893 662 3958 1,
700 3896 731 3947 8
751 3934 767 3960 ,
809 3895 873 3948 25
902 3913 917 3948 :
960 3893 1107 3947 -Sed
1138 3913 1330 3967 corpus
1355 3896 1474 3948 teti-

448 3971 584 4041 gisse
603 3983 780 4036 uocet,
799 3973 892 4026 sed
914 3973 1074 4046 longa
1093 3972 1302 4027 dedisse
1311 3976 1476 4028 Oscu-

449 4050 501 4102 12
524 4073 567 4102 ι.
586 4049 746 4102 Ovid.
764 4051 881 4104 Am.
906 4053 991 4104 111
1009 4090 1024 4115 ,
1070 4073 1122 4123 7,
1161 4061 1220 4116 41
1241 4071 1256 4105 :
1279 4081 1304 4098 ιι
1326 4054 1474 4106 nlius

451 4125 520 4178 ad
553 4139 754 4182 tactum
776 4131 952 4202 Pylius
979 4134 1322 4204 juvenescere
1355 4149 1474 4204 pos-

1558 2065 1630 2116 sit
1648 2090 1695 2117 a.
1738 2063 1809 2118 Et
1822 2066 1967 2119 conf.
1992 2065 2153 2119 ovid.
2179 2066 2298 2120 Am.
2322 2067 2349 2118 1
2366 2107 2379 2132 ,
2410 2074 2441 2132 4
2458 2107 2472 2131 ,
2498 2065 2585 2131 43.

1635 2143 1749 2197 113.
1788 2150 1851 2196 In
1872 2149 2116 2216 flammas
2132 2184 2148 2207 ,
2182 2167 2309 2214 quas
2332 2149 2459 2198 Diva
2483 2165 2586 2197 mo-

1559 2239 1637 2276 vee
1654 2245 1674 2274 .-
1714 2224 1787 2276 ita
1827 2223 2165 2277 scribendum
2203 2223 2381 2278 firmat
2418 2225 2581 2278 Ovid.

1556 2303 1720 2374 Epist.
1743 2302 1920 2356 Pax-id.
1948 2303 2107 2371 XVI,
2134 2305 2233 2374 783
2251 2303 2319 2358 de
2339 2305 2549 2358 Venere
2571 2343 2586 2368 ,

1558 2382 1751 2436 «Hanc
1774 2401 1886 2436 esse
1904 2394 1963 2435 ut
1984 2382 2161 2450 scires,
2182 2381 2325 2436 unde
2346 2397 2588 2437 movetur

1556 2479 1707 2514 amor
1723 2488 1745 2508 n
1765 2503 1777 2514 .
1814 2463 1999 2516 Banu.
2035 2481 2043 2496 ¹

1635 2561 1656 2595 1
1670 2548 1749 2605 14.
1792 2547 2159 2611 Compresserat
2197 2557 2354 2595 artus.
2395 2543 2587 2598 Nescio

1560 2641 1629 2674 211
1650 2622 1785 2677 alius
1804 2623 1923 2694 quis
1944 2623 2291 2676 vetustiorum
2310 2637 2587 2695 poetarum

1558 2700 1661 2765 hnc
1693 2702 1875 2772 phrasi
1894 2719 2021 2754 usus
2044 2703 2109 2755 sit
2127 2741 2144 2766 ,
2164 2721 2329 2775 quum
2352 2704 2481 2756 alias
2510 2704 2585 2757 la-

1559 2779 1674 2832 xari
1691 2818 1707 2844 ,
1730 2781 1922 2834 resolvi
1939 2783 2178 2835 membra
2201 2801 2389 2835 somno
2411 2781 2593 2837 dican-

1561 2871 1663 2911 tur.
1708 2859 1890 2913 Potest
1940 2871 2117 2912 tamen
2169 2859 2384 2914 defendi
2430 2862 2558 2917 inde
2574 2904 2591 2930 ‚

1560 2937 1707 3008 quod
1728 2951 1780 2992 et
1798 2939 2131 3011 opprimere,
2154 2940 2467 3010 complecti,
2502 2961 2589 2995 ar·
2566 2972 2635 3002 n..

1560 3030 1645 3072 cte
1671 3031 1852 3073 tenere
1882 3037 2100 3071 somnus
2122 3017 2357 3072 dicitur:
2402 3035 2509 3072 arce
2532 3023 2587 3099 in
2674 3029 2691 3048 ³

1560 3097 1807 3152 Leidensi
1830 3099 2099 3163 exstabat,
2136 3099 2295 3152 scilic.
2318 3118 2419 3170 pro
2434 3117 2589 3155 arcte.

1560 3185 1781 3229 Pressum
1804 3181 2045 3248 gravitate
2068 3180 2255 3246 soporis
2282 3177 2411 3232 dicit
2431 3179 2588 3235 ovid.

1563 3258 1693 3310 Met.
1714 3255 1813 3308 XV
1826 3295 1843 3320 ‚
1885 3273 1966 3309 21.

1640 3355 1661 3390 1
1675 3341 1759 3390 16.
1780 3340 2006 3388 Flamma
2024 3339 2133 3388 Dei.
2174 3338 2313 3408 Lege
2330 3355 2453 3391 cum
2478 3341 2587 3393 Ou-

1563 3415 1863 3487 dendorpio
1874 3420 2096 3468 Flamma
2110 3421 2246 3477 Deae,
2264 3435 2426 3488 quam
2440 3437 2589 3472 nem·

1564 3515 1629 3568 pe
1648 3495 1840 3548 Martis
1866 3494 2025 3548 ordor
2050 3494 2281 3548 anhelat.
2306 3495 2487 3550 Bmm.
2518 3531 2589 3540 —

1563 3583 1625 3627 In
1663 3577 1823 3627 medio
1859 3578 2068 3643 suspiria
2108 3593 2299 3627 somno.
2340 3575 2427 3628 Sic
2462 3577 2589 3630 Pro-

1563 3666 1701 3728 pert.
1726 3656 1777 3719 1,
1801 3654 1856 3719 3,
1880 3673 1965 3724 27,
1985 3652 2053 3706 de
2072 3653 2301 3725 Cynthia
2320 3651 2589 3710 dormien-

1564 3747 1616 3788 te
1642 3751 1656 3786 :
1685 3761 1707 3782 ι
1730 3734 1799 3785 Et
1814 3733 2025 3805 quoties
2042 3750 2167 3785 raro
2184 3729 2334 3784 duxti
2357 3737 2585 3807 suspiria

1566 3829 1715 3870 motu
1730 3852 1746 3878 ,
1773 3813 2040 3884 Obstupui
2065 3829 2207 3864 vano
2227 3811 2476 3868 credulus
2500 3837 2591 3870 au-

1566 3895 1728 3966 spicio
1750 3930 1766 3957 ,
1792 3893 1871 3946 Ne
1900 3909 2005 3964 qua
2034 3890 2133 3944 tihi
2160 3889 2401 3946 insolitos
2416 3907 2591 3965 porta-

1564 3987 1683 4027 rent
1706 3974 1818 4026 visa
1841 3971 2053 4024 timores
2070 3995 2109 4022 ι.
2166 3979 2179 3986 “

1643 4071 1664 4104 1
1681 4071 1699 4104 1
1709 4063 1757 4122 7.
1776 4053 2083 4103 Pulmonibus
2100 4053 2256 4101 ardor
2272 4055 2489 4106 anhelae.
2514 4056 2591 4108 De

1569 4133 1675 4184 alio
1718 4130 1907 4184 ardore
1948 4129 2136 4184 cecinit
2172 4125 2399 4184 Ovidius
2416 4174 2431 4198 ,
2466 4133 2591 4188 Met.
