2975 4684
559 364 690 433 160

1139 363 1535 430 LUCILII
1603 361 2083 432 JUNIORIS

645 487 965 581 Signave3
1007 509 1189 553 nunc
1219 484 1486 579 Paphiae
1526 499 1829 553 rorantes
1874 501 2015 554 arte
2058 485 2315 580 capilli,

646 597 787 668 Sub
829 609 1018 666 truce
1055 619 1236 664 nunc
1279 595 1466 688 parvi
1506 593 1810 664 ludentes
1854 595 2177 666 Colchide
2207 597 2385 674 nati,
2608 624 2681 671 590

643 712 846 779 Nunc
885 705 1106 774 tristes
1145 705 1324 774 circa
1371 703 1691 798 subjectae
1730 701 1967 774 altaria
2018 729 2261 792 cervae,

647 817 1058 910 Velatusque
1098 830 1322 909 pater3
1355 840 1537 884 nunc
1574 815 1787 910 gloria
1828 803 1977 883 viva·
2008 816 2337 910 Myronis.

619 1043 740 1113 589.
765 1044 978 1110 Signum
1007 1039 1208 1092 habent
1244 1040 1403 1092 Basil.
1429 1040 1564 1093 Scal.

543 1139 596 1179 et
629 1126 761 1178 Luc-
792 1119 884 1174 sed
926 1123 1180 1189 Signaque
1223 1121 1533 1172 vetustiores
1550 1158 1566 1183 ,

543 1203 687 1276 quod
723 1201 913 1254 melius
942 1211 1090 1271 puto.
1127 1198 1330 1251 Deinde
1367 1211 1569 1252 veteres

538 1286 804 1355 pleraque
829 1280 1028 1333 habent
1060 1294 1281 1331 γυναῖκα
1301 1293 1448 1346 parte
1477 1298 1566 1328 ca·

533 1364 670 1432 pilli,
693 1361 773 1412 vel
798 1361 1020 1428 capillos.
1051 1357 1292 1411 Feliciter
1314 1357 1564 1410 emenda-

540 1444 616 1496 vit
641 1439 872 1512 Scaliger
906 1451 1126 1488 rorantes
1160 1452 1292 1498 arte,
1324 1435 1470 1509 quod
1492 1449 1569 1488 ta.

540 1541 664 1574 men
707 1531 760 1574 et
810 1537 926 1571 mea
969 1516 1346 1588 Lugdunensis
1385 1516 1562 1569 habet.

539 1601 747 1655 Scilicet
766 1598 869 1651 hoc
891 1597 1063 1668 ipsum
1097 1609 1174 1648 est
1189 1635 1202 1657 ,
1226 1595 1369 1666 quod
1393 1595 1565 1648 Hora-

531 1680 636 1734 tius
654 1677 904 1750 exprimit
925 1677 1040 1728 Art.
1063 1675 1212 1728 Poet.
1244 1677 1309 1729 33
1327 1717 1342 1742 ,
1393 1701 1414 1720 .
1436 1676 1569 1728 mol·

530 1763 608 1813 les
661 1757 950 1812 imitabitur
988 1769 1102 1809 arte
1147 1754 1437 1826 capillos-»t
1487 1755 1563 1806 sic

535 1839 677 1894 enim
705 1837 888 1891 malim
912 1854 1008 1907 pro
1034 1855 1150 1887 aere.
1180 1835 1422 1887 Paullum
1449 1845 1561 1886 tur·

535 1921 625 1974 bat
673 1915 792 1972 cod.
840 1915 1062 1968 Helmst.
1121 1914 1216 1986 qui
1263 1918 1421 1983 Signa
1471 1935 1564 1966 nec

537 2019 670 2050 nunc
703 1999 900 2065 Paphia:
945 1997 1166 2046 rorantia
1201 2007 1346 2062 parte
1380 1997 1563 2062 capilli.

536 2077 766 2149 Respicit
792 2075 1194 2129 celeberrimam
1231 2071 1374 2124 illam
1414 2074 1564 2125 iabu-

537 2157 644 2208 lam
681 2155 906 2208 Veneris
939 2152 1376 2225 Anadyomenes,
1413 2151 1471 2204 h.
1514 2171 1563 2205 e.

541 2235 852 2306 emergentis
879 2253 908 2286 e
935 2232 1106 2297 mari,
1139 2231 1207 2284 ab
1236 2231 1434 2302 Apellis
1461 2251 1569 2284 ma-

539 2335 612 2368 nu
633 2357 647 2381 ,
677 2333 831 2382 quam
853 2323 1044 2386 praeter
1063 2311 1198 2363 Plin.
1224 2310 1315 2362 lib.
1337 2310 1562 2375 XXXV,

538 2415 661 2468 cap.
697 2409 759 2446 ιο
779 2431 795 2456 ,
817 2391 1100 2445 laudarunt
1121 2389 1275 2442 ovid.
1301 2391 1414 2442 Art.
1439 2393 1561 2442 Am.

539 2475 624 2526 111
643 2512 657 2537 ,
675 2479 772 2536 401
793 2511 808 2537 ,
828 2471 989 2524 Trist.
1009 2471 1062 2522 11
1085 2508 1099 2532 ,
1118 2468 1243 2540 527,
1264 2480 1315 2521 et
1333 2487 1394 2522 ex
1412 2470 1564 2522 Pont.

539 2554 643 2619 IV,
672 2571 694 2606 1
720 2593 735 2619 ‚
768 2569 865 2618 29,
895 2550 986 2604 ubi
1016 2551 1090 2602 sic
1123 2547 1407 2615 describit,
1437 2575 1459 2595 ι
1489 2549 1564 2602 Ut

538 2634 726 2685 Venus
763 2630 983 2684 artificis
1011 2629 1164 2681 labor
1203 2639 1281 2679 est
1315 2639 1366 2680 et
1394 2627 1563 2700 gloria

539 2713 667 2775 Coi,
683 2715 952 2782 AEquoreo
969 2707 1212 2761 madidas
1231 2726 1351 2778 quae
1371 2707 1565 2779 premit

535 2793 705 2844 imbre
738 2809 916 2843 comas
939 2807 998 2851 »3
1035 2787 1258 2860 amplius
1285 2789 1565 2860 Antipater

537 2871 787 2925 Sidonius
827 2870 881 2922 iu
923 2869 1227 2940 epigramm.
1255 2887 1431 2938 graeco
1453 2870 1563 2920 An·-

536 2951 667 3004 thol.
700 2949 802 3014 IV,
832 2967 947 3020 cap.
981 2965 1040 3000 12
1068 2988 1082 3012 ,
1114 2945 1256 3016 quod
1300 2947 1563 2999 Ausonius

538 3031 796 3086 convertit
821 3027 1144 3098 Epigramm.
1177 3029 1291 3079 106.

613 3113 729 3180 590.
748 3114 842 3160 Sub
861 3125 994 3160 truce
1019 3127 1151 3157 nunc
1172 3107 1330 3174 parvi.
1353 3104 1563 3174 Signifi-

537 3203 620 3244 cat
653 3189 890 3242 tabulam
924 3185 1287 3248 Timomachi,
1317 3203 1422 3257 qua
1451 3185 1566 3237 Me-

537 3271 637 3323 dea
659 3268 800 3321 truci
819 3267 971 3319 vultu
991 3265 1186 3318 caedem
1210 3265 1438 3318 filiorum
1462 3283 1565 3317 me-

537 3349 740 3410 ditans,
769 3346 929 3417 hique
957 3347 1104 3417 juxta
1135 3363 1253 3396 eam
1271 3383 1285 3406 ,
1315 3343 1453 3396 exitii
1480 3345 1561 3394 sui

537 3429 708 3500 ignari
729 3424 1104 3496 ludentesque,
1136 3423 1266 3494 picti
1289 3433 1456 3474 erant.
1483 3423 1561 3475 De

537 3528 602 3562 ea
639 3505 875 3567 Plinius,
916 3504 1008 3556 lib.
1047 3503 1274 3564 XXXV,
1314 3521 1427 3572 cap.
1469 3519 1558 3554 ηε

545 3617 568 3634 ιι
595 3583 972 3640 'I'imomachus
1017 3582 1302 3655 Byzantius
1339 3582 1560 3634 Caesaris

538 3666 804 3721 dictatoris
828 3676 977 3716 aetate
1000 3665 1211 3733 Ajacem
1241 3671 1291 3712 et
1312 3659 1559 3712 Medeam

534 3747 736 3821 pinxit,
767 3747 834 3796 ab
854 3764 919 3796 eo
942 3744 996 3795 in
1017 3741 1241 3794 Veneris
1267 3740 1561 3793 Genetricis

535 3827 646 3880 aede
677 3825 870 3896 positas
891 3862 904 3886 ,
933 3821 1198 3892 octoginta
1231 3819 1444 3872 talentis
1475 3837 1563 3871 ve·

531 3905 815 3958 numdatas
843 3927 888 3954 ι.
917 3902 1065 3966 Quas
1081 3898 1166 3951 hic
1187 3899 1389 3950 Plinius
1410 3899 1563 3950 tabu·

534 3985 638 4049 las,
660 3983 814 4038 etiam
847 3979 1071 4032 Ovidius
1108 3978 1380 4050 conjungit
1395 3977 1557 4030 Trist.

533 4064 584 4114 11
608 4104 620 4128 ,
646 4061 745 4115 525
769 4080 783 4110 ε
821 4087 841 4104 -
859 4060 1036 4129 thue
1059 4055 1204 4109 sedet
1224 4058 1370 4109 vultu
1390 4057 1559 4109 fassus

529 4139 869 4195 Telamonius
895 4139 1028 4190 iram
1047 4174 1064 4200 ‚
1092 4137 1262 4211 Inque
1282 4137 1452 4191 oculis
1477 4137 1557 4188 sa·

1657 1039 1809 1092 cinus
1848 1025 2087 1092 barbara
2122 1049 2291 1090 mater
2336 1038 2497 1090 habet
2520 1065 2562 1090 ι..
2618 1039 2681 1090 In

1656 1117 1897 1170 Medeam
1918 1117 2057 1170 hanc
2088 1118 2461 1190 epigrammata
2480 1119 2683 1188 aliquot

1656 1197 1793 1253 libro
1812 1197 1914 1264 Iv,
1942 1217 2057 1268 cap.
2080 1217 2113 1267 9
2132 1197 2460 1270 Anthologiae
2483 1197 2684 1252 Graecoe

1657 1278 1992 1330 continentur
2006 1318 2021 1344 ‚
2042 1297 2271 1350 quorum
2295 1277 2401 1331 duo
2423 1279 2685 1332 convertit

1654 1355 1919 1409 Ausonius
1936 1395 1952 1420 ,
1975 1357 2152 1428 Epigr.
2176 1373 2297 1422 ηπ,
2322 1376 2435 1410 122.
2452 1357 2515 1410 In
2536 1375 2686 1409 eam·

1656 1433 1777 1486 dem
1800 1437 1937 1489 filios
1956 1453 2080 1489 suos
2098 1449 2373 1490 necantem
2393 1438 2558 1490 habes
2577 1437 2687 1510 epi·

1654 1532 1891 1584 gramma
1911 1517 1968 1568 in
1986 1520 2204 1571 Anthol.
2222 1521 2341 1572 Lat.
2364 1520 2451 1571 lib.
2470 1521 2497 1572 Ι
2510 1559 2527 1584 ,
2558 1539 2577 1573 ι
2592 1521 2679 1574 28.

1656 1593 1913 1647 Caeterum
1968 1597 2100 1650 mira
2142 1597 2306 1672 hujus
2340 1617 2518 1652 versus
2556 1598 2683 1652 scri-

1656 1685 1813 1744 ptura
1842 1687 1920 1726 est
1948 1677 2000 1728 in
2035 1675 2163 1729 edit.
2204 1677 2378 1749 Lugd.
2408 1682 2502 1728 Sub
2538 1697 2686 1730 cruce

1657 1773 1789 1804 nunc
1830 1757 1981 1822 parvi
2036 1761 2211 1808 ludunt
2252 1761 2476 1809 Dioclide
2533 1763 2647 1810 nati
2666 1776 2682 1808 :

1654 1831 1801 1904 quod
1846 1835 2104 1888 Domitius
2130 1848 2183 1888 et
2214 1839 2495 1890 Ascensius
2526 1837 2689 1909 expli-

1654 1923 1803 1964 cant:
1827 1912 2068 1966 Dioclide
2091 1916 2199 1967 nati
2221 1935 2282 1968 ex
2313 1917 2423 1970 filia
2442 1917 2645 1970 Dioclei
2666 1955 2684 1980 ,

1653 1992 1746 2062 qui
1765 1992 2029 2045 Chretona
2051 2006 2103 2047 et
2120 1996 2459 2051 Orsilochum
2478 1998 2683 2068 genuit,

1654 2089 1788 2143 quos
1806 2110 1822 2136 ,
1850 2083 1909 2124 ut
1939 2073 2201 2127 Homerus
2232 2077 2333 2141 ait,
2362 2077 2687 2149 prestantis-

1656 2153 1815 2204 simos
1837 2151 1979 2204 viros
2002 2155 2193 2206 AEneas
2214 2156 2371 2207 unius
2392 2156 2535 2208 hora:
2562 2176 2684 2208 mo-

1654 2241 1833 2282 mento
1872 2232 2140 2285 interemit
2179 2253 2357 2287 coram
2395 2236 2511 2308 ipso
2547 2240 2685 2308 Aga-

1654 2329 1953 2364 memnone.

1726 2393 1846 2457 591.
1871 2393 2105 2462 Scriptus
2150 2391 2372 2447 Helmst.
2409 2411 2464 2448 et
2507 2397 2687 2450 excusi

1654 2469 1869 2542 quidam
1902 2475 2117 2542 subjecta
2148 2477 2327 2526 altaria
2347 2475 2531 2544 legunt
2547 2515 2563 2540 ,
2587 2477 2685 2528 sed

1652 2551 1804 2602 Basil.
1844 2553 2033 2624 Scalig.
2073 2555 2207 2606 Luc.
2242 2567 2383 2607 recte
2417 2559 2682 2624 subjectoe:

1651 2647 1774 2681 nam
1804 2647 1959 2682 cerva
1995 2632 2228 2704 subjecta
2266 2647 2339 2686 est
2361 2654 2388 2686 a
2418 2635 2587 2687 Diana
2611 2635 2685 2688 ad

1654 2708 1839 2761 altaria
1878 2709 1930 2760 in
1969 2711 2159 2764 Aulide
2198 2713 2314 2766 loco
2354 2713 2679 2786 Iphigeniae,

1652 2789 1774 2840 filiae
1798 2790 2205 2860 Agamemnonis
2224 2830 2239 2853 ,
2258 2810 2375 2863 quae
2391 2797 2539 2863 jussu
2560 2793 2681 2845 Cal·

1652 2867 1860 2920 chantis
1874 2868 2055 2920 Dianae
2068 2871 2385 2924 immolanda
2404 2884 2531 2924 erat.
2546 2873 2683 2926 Nar—

1652 2958 1733 2998 rat
1751 2947 1983 3000 fabulam
2005 2949 2250 3016 Ovidius,
2272 2952 2399 3004 Met.
2426 2951 2557 3014 XII,
2585 2955 2678 3015 34,

1652 3027 1743 3078 ubi
1783 3027 1850 3079 de
1898 3028 2069 3083 Diana
2091 3047 2103 3080 :
2138 3055 2158 3076 ι
2182 3031 2463 3103 Supposita
2506 3033 2680 3084 fertur

1653 3119 1882 3158 mutasse
1925 3108 2209 3181 Mycenida
2252 3128 2405 3162 cerva
2428 3135 2447 3153 ι
2464 3147 2475 3158 .
2520 3111 2679 3163 Eam·

1653 3185 1774 3238 dem
1801 3199 1987 3239 tractat
2014 3187 2280 3258 Euripidis
2306 3187 2582 3259 Iphigenia
2618 3189 2675 3242 in

1651 3264 1853 3317 Aulide.

1724 3347 1845 3414 592.
1881 3351 2177 3413 Velatusque
2190 3359 2341 3412 pater
2355 3385 2369 3406 ,
2393 3349 2675 3416 Agamem·

1650 3441 1777 3474 non.
1806 3425 1890 3478 Sic
1928 3425 2067 3476 enim
2100 3425 2273 3496 pinxit
2299 3443 2418 3477 eum
2454 3426 2678 3481 Timan-

1650 3501 1764 3555 thes
1790 3504 1857 3555 ad
1882 3505 2045 3557 altare
2065 3515 2311 3557 stantem.
2334 3507 2513 3558 Refert
2534 3507 2675 3560 Plin.

1650 3582 1743 3634 lib.
1784 3584 2014 3649 XXXV,
2054 3603 2170 3655 cap.
2218 3604 2279 3638 ιο
2304 3603 2315 3637 :
2357 3613 2381 3631 κ
2400 3587 2678 3641 Timanthi

1648 3662 1936 3732 plurimum
1959 3664 2128 3716 adfuit
2148 3666 2364 3735 ingenii.
2383 3667 2509 3738 Ejus
2530 3667 2679 3720 enim

1651 3757 1728 3795 est
1771 3743 2043 3812 Iphigenia
2070 3785 2085 3809 ,
2122 3757 2390 3797 oratorum
2428 3745 2679 3801 laudibus

1651 3823 1906 3875 celebrata
1928 3859 1942 3884 ,
1968 3841 2071 3892 qua
2097 3835 2269 3877 stante
2297 3825 2363 3878 ad
2389 3844 2505 3878 aras
2532 3827 2678 3897 peri-

1652 3913 1761 3952 tura
1774 3938 1787 3962 ,
1800 3919 1963 3972 quum
1982 3915 2188 3954 moestos
2206 3904 2455 3974 pinxisset
2466 3925 2678 3970 omnes,

1650 3981 1909 4050 praecipue
1938 3993 2183 4050 patruum
2202 4022 2215 4043 ,
2248 3993 2297 4034 et
2320 3983 2537 4036 tristitia!
2558 4004 2677 4036 om-

1650 4077 1770 4111 nem
1794 4060 2075 4130 imaginem
2106 4065 2515 4134 consumpsisset
2532 4104 2546 4128 ,
2575 4083 2675 4134 pa-

1650 4138 1742 4189 tris
1784 4137 1946 4209 ipsius
1990 4141 2191 4192 vultum
2232 4142 2462 4207 velavit,
2510 4161 2674 4215 quem
