2975 4684
529 407 668 480 518

1389 405 1810 476 INCERTI

615 530 1092 624 Dilaceratque
1127 553 1805 622 comaS,·annosaque
1838 541 2113 622 pectora
2145 524 2427 620 plangit.

618 643 784 711 Mox
820 642 936 709 ubi
973 640 1259 736 depositi
1303 641 1626 736 gemitus,
1663 638 2101 733 lacrymaeque
2131 639 2489 731 quierunt,
2636 665 2688 702 ³0

624 757 678 822 F
679 752 908 824 atidici
945 775 1163 822 sacras
1203 749 1563 846 compellat
1594 749 1871 820 vocibus
1913 774 2097 820 ares:

618 893 650 928 <e
674 862 862 954 Quid
895 861 1182 932 coluisse
1224 861 1390 932 mihi
1431 877 1551 931 tua
1592 860 1897 944 numina,
1926 858 2293 953 Delphice,
2318 857 2635 953 prodest,

623 977 762 1042 Aut
791 989 1042 1045 castam
1077 974 1282 1044 vitam
1320 971 1571 1043 multos
1605 970 1869 1042 duxisse
1910 996 2033 1066 per
2076 969 2332 1040 annos?

623 1084 892 1174 Quidve
929 1085 1120 1178 juvat
1157 1109 1381 1154 sacros
1417 1083 1719 1179 posuisse
1754 1082 2081 1152 altaribus
2116 1084 2332 1176 ignee,

624 1197 696 1266 Si
735 1210 892 1264 tuus
929 1211 1204 1266 externo
1234 1196 1376 1289 jam
1409 1218 1693 1288 spernor
1727 1194 1812 1263 ab
1845 1194 2037 1262 hoste
2069 1191 2417 1262 sacerdos?
2634 1211 2687 1249 ³⁵

623 1309 738 1386 En‘
765 1305 912 1382 haec
951 1305 1224 1376 desertae
1265 1304 1645 1380 redduntur
1680 1291 1857 1372 dona
1900 1318 2201 1372 senectae.

523 1467 654 1520 dixit
688 1465 850 1519 Trist.
885 1467 988 1532 IV,
1020 1483 1082 1532 ο,
1123 1467 1206 1532 34.
1255 1465 1432 1532 Infra,
1469 1485 1551 1520 vs.

530 1565 659 1600 που
677 1583 694 1610 ,
723 1573 750 1593 n
771 1557 887 1600 arat
906 1546 1175 1618 unguibus
1193 1563 1289 1599 om
1305 1572 1348 1600 υ.

599 1645 680 1696 ²9·
702 1630 1011 1692 Annosaque
1037 1639 1257 1694 tempora
1273 1664 1289 1686 ‚
1335 1625 1408 1678 sic
1440 1625 1559 1697 qui.-

522 1706 650 1760 dem
670 1725 854 1759 omnes
879 1703 1033 1772 libri;
1062 1695 1206 1758 recte
1227 1717 1401 1758 tamen
1427 1705 1559 1757 Bur-

522 1805 752 1840 mannus
787 1783 856 1839 ad
889 1784 1116 1838 Anthol.
1151 1786 1270 1838 Lat.
1311 1785 1412 1850 1v,
1457 1791 1559 1848 ²²4

523 1864 810 1938 legendum
837 1878 991 1937 putat
1016 1884 1314 1932 annosaque
1338 1879 1558 1933 pectora.

523 1946 662 2000 Nam
681 1961 900 2016 tempora
905 1949 1154 2016 plangere
1169 1957 1307 1998 certe
1325 1943 1561 1998 insolens

527 2037 622 2078 est.
652 2025 719 2081 Et
745 2025 822 2078 sic
847 2023 1006 2078 Ovid.
1029 2025 1243 2078 Metam.
1263 2023 1342 2076 vl
1361 2064 1380 2090 ‚
1421 2025 1523 2090 248
1542 2066 1558 2091 ‚

527 2130 549 2152 ‹-
586 2103 890 2177 laniataque
933 2116 1158 2176 pectora
1203 2103 1462 2175 plangens
1494 2127 1517 2150 ι
1543 2141 1559 2167 ,

523 2185 618 2238 ubi
652 2185 791 2238 male
825 2199 1038 2254 tangens
1077 2173 1132 2236 in
1165 2181 1283 2236 cod.
1321 2182 1472 2238 Leid.
1508 2196 1563 2236 et

524 2266 704 2319 Amor.
743 2264 863 2329 111,
910 2283 976 2334 9,
1031 2281 1134 2319 10:
1179 2289 1203 2308 u
1230 2264 1561 2334 Pectoraque

525 2344 718 2396 infesta
771 2343 964 2398 tundat
1009 2355 1192 2414 aperta
1239 2361 1401 2396 manu
1421 2368 1464 2396 n.
1514 2345 1559 2394 Α

525 2423 754 2476 librariis
789 2437 1009 2491 tempora
1055 2435 1106 2475 et
1139 2437 1346 2490 pectora
1383 2422 1561 2494 πρίε-

527 2500 660 2564 sime
699 2500 961 2554 confundi
993 2501 1194 2554 notavit
1220 2502 1559 2558 Burmannus

527 2580 597 2634 ad
617 2581 737 2634 val.
761 2580 936 2634 Flacc.
965 2581 1048 2646 11,
1078 2581 1200 2644 324.

597 2662 684 2714 31.
724 2664 975 2732 Compellt't
1010 2665 1214 2714 vocibus
1250 2660 1380 2733 legit
1412 2662 1484 2718 G.
1528 2681 1555 2716 2

525 2741 726 2796 vitiose.
769 2741 1025 2795 Praeterea
1069 2743 1312 2794 Vacidicis
1353 2745 1555 2797 vocibus

527 2821 712 2876 omnia
757 2819 1079 2894 exemplaria
1125 2820 1374 2874 exhibent
1393 2861 1410 2888 ‚
1447 2840 1557 2874 non

525 2901 692 2970 bene,
709 2919 880 2972 quum
895 2912 948 2954 et
961 2899 1215 2956 vatidicae
1243 2899 1349 2954 dici
1375 2919 1559 2972 preces

528 2979 748 3054 Chrysoe
785 2999 895 3034 non
929 2983 1252 3047 conveniat,
1276 2993 1327 3034 et
1361 2999 1561 3036 nomen

527 3073 671 3133 certe
695 3061 959 3133 Apollinis
985 3061 1076 3114 hic
1103 3062 1426 3132 requiratur.
1453 3063 1561 3114 Ita·

527 3159 633 3210 que
659 3157 783 3192 cum
814 3140 1077 3194 Dussenio
1103 3140 1448 3197 libentissime
1473 3141 1563 3196 hic

531 3219 816 3274 emendavi
853 3224 1086 3282 fatidici,
1117 3222 1152 3274 i.
1192 3241 1238 3274 e.
1279 3221 1561 3292 Apollinis.

527 3299 674 3354 Solet
697 3300 888 3352 Noster
916 3300 1056 3353 Deos
1079 3319 1204 3354 suos
1231 3301 1346 3354 solo
1371 3319 1562 3362 mune·

529 3395 652 3430 rum
687 3377 906 3456 nomine
943 3377 1250 3450 designare,
1280 3393 1339 3434 ut
1373 3381 1563 3436 Jovem

531 3461 690 3526 regis,
724 3456 1031 3513 Vulcanum
1067 3461 1416 3528 ignipotentis,
1451 3460 1563 3516 Mi-

530 3555 752 3593 nervam
799 3541 1080 3606 amnigerae.
1127 3541 1338 3592 fatidici
1383 3551 1563 3598 autem

530 3633 732 3671 nomen
758 3614 940 3670 deberi
968 3617 1196 3688 Apollini
1217 3659 1234 3684 ,
1263 3619 1410 3690 quod
1437 3638 1563 3674 ora-

529 3696 652 3750 cula
679 3695 786 3748 edit
805 3735 820 3761 ‚
849 3708 900 3748 et
939 3697 1119 3750 futura
1159 3697 1561 3768 praedivinando

531 3774 693 3839 fatur,
706 3777 976 3846 vulgatum
996 3789 1090 3830 est.
1112 3778 1311 3832 Diserte
1323 3779 1401 3832 sic
1415 3779 1563 3832 Phoe-

531 3855 660 3906 bum
677 3855 906 3928 appellat
921 3855 1165 3922 Ovidius,
1181 3856 1322 3912 Fast.
1343 3858 1416 3924 11,
1433 3861 1557 3928 262,

531 3945 582 3986 et
600 3935 676 4002 V,
698 3937 819 3988 6²6.
846 3935 912 3986 Et
932 3941 1135 4004 auguris
1158 3955 1354 3990 nomen
1373 3978 1388 4003 ‚
1411 3937 1561 4010 quod

530 4012 770 4084 Apollini
787 4015 1065 4078 Horatius,
1089 4015 1266 4076 Carm.
1289 4019 1314 4070 1
1333 4055 1349 4080 ,
1377 4037 1406 4071 ι
1427 4055 1444 4081 .
1465 4019 1560 4084 32,

527 4093 744 4153 tribuit,
774 4093 962 4147 eodem
1000 4107 1216 4167 spectat.
1256 4095 1425 4150 Porro
1455 4115 1561 4168 pro

527 4167 703 4222 saetas
725 4193 870 4233 aras,
899 4173 1046 4244 quod
1068 4173 1296 4246 vulgatae
1319 4175 1521 4231 habent
1540 4217 1555 4242 ,

1644 1465 1833 1518 eodem
1854 1465 2141 1528 Dussenio,
2162 1465 2405 1536 quamvis
2422 1482 2691 1517 verecun-

1646 1545 1765 1598 dius
1778 1583 1796 1608 ,
1814 1545 2069 1599 suadente
2081 1585 2098 1612 ‚
2114 1561 2375 1616 reponere
2394 1545 2579 1598 malim
2603 1563 2695 1594 sa·

1646 1645 1761 1678 cras
1784 1645 1946 1680 aures.
1968 1627 2103 1678 Nam
2126 1643 2311 1698 preces
2332 1629 2406 1677 ad
2424 1644 2573 1676 aures
2602 1643 2693 1674 sa-

1644 1725 1760 1756 cras
1773 1744 1788 1765 ,
1808 1703 2117 1778 Principum
2135 1705 2218 1756 vel
2238 1705 2473 1758 Deorum
2490 1705 2689 1773 ,fer-re,

1646 1783 1881 1854 vulgaris
1905 1785 2129 1837 formula
2152 1796 2263 1846 est,
2282 1784 2525 1854 sequiore
2548 1799 2693 1855 pre-

1650 1864 1826 1916 sertim
1848 1863 2121 1916 latinitatis
2139 1882 2273 1916 aevo.
2295 1862 2422 1915 Vid.
2445 1880 2565 1934 quie
2590 1881 2691 1913 no-
2717 1873 2737 1880 ·

1649 1945 1876 1997 tavimus
1916 1943 1989 2002 ad
2026 1944 2285 2015 Calpurn.
2314 1943 2379 2005 1,
2402 1961 2543 1996 vers.
2582 1941 2689 1994 ult.

1650 2035 1701 2076 et
1730 2025 1963 2096 Apollini
1998 2023 2333 2096 peculiariter
2368 2023 2691 2076 tribuuntur

1648 2121 1804 2158 aures
1829 2105 2165 2176 precantibus
2198 2103 2399 2157 faciles.
2428 2101 2593 2154 Unde
2629 2102 2689 2154 in

1648 2184 1897 2256 precibus
1918 2183 1989 2238 ad
2010 2184 2313 2255 Apollinem
2348 2181 2479 2236 fusis
2515 2181 2689 2254 inpri‘

1648 2265 1747 2321 mis
1770 2265 2020 2335 frequens
2038 2275 2118 2319 est
2138 2261 2457 2316 exclamatio
2472 2301 2489 2326 ,
2512 2272 2571 2313 ut
2594 2260 2691 2314 hic

1650 2344 1795 2418 apud
1816 2345 2111 2402 Homerum
2130 2346 2281 2400 lumi
2305 2365 2421 2416 μω,
2443 2343 2517 2398 ita
2540 2339 2691 2412 apud

1648 2425 1864 2480 Latinos
1898 2428 2038 2479 Audi
2072 2427 2271 2492 Apollo.
2313 2421 2439 2476 Vid.
2494 2421 2689 2476 Horat.

1649 2505 1829 2564 Carm.
1844 2504 1975 2557 Saec.
1993 2523 2047 2557 v.
2068 2505 2153 2564 34.
2176 2503 2327 2568 Quin
2346 2501 2495 2573 apud
2516 2503 2691 2556 Iace-

1648 2583 1937 2641 daemonios
1964 2583 2269 2654 Apollinem
2318 2579 2525 2634 dictum
2574 2600 2692 2636 esse

1649 2669 1948 2737 τοτραὶωτον,
1962 2665 2184 2734 ejusque
2200 2660 2543 2715 simulacrum
2560 2681 2691 2716 cnm

1647 2757 1879 2818 quatuor
1896 2744 2119 2798 auribus
2136 2743 2321 2796 fictum
2340 2760 2455 2796 esse
2470 2783 2487 2806 ,
2513 2742 2691 2796 adno-

1646 2826 1778 2880 tavit
1800 2822 2072 2896 Gyraldns
2091 2865 2107 2889 ,
2134 2821 2333 2876 Hister.
2360 2823 2521 2876 Deor.
2546 2823 2691 2895 Syn-

1648 2917 1813 2977 tagm.
1837 2904 1977 2968 VII,
2002 2904 2103 2958 sub
2130 2902 2241 2956 init.

1724 2985 1811 3038 36.
1852 2982 2147 3038 Duasenius
2186 2981 2375 3036 suadet
2408 2987 2495 3034 An
2534 2986 2693 3035 hoec?

1650 3083 1776 3116 cum
1824 3062 2242 3132 interrogatione
2287 3063 2460 3133 legere
2478 3101 2495 3126 ,
2537 3061 2691 3132 quod

1650 3141 1897 3214 equidem
1945 3160 2053 3195 non
2102 3141 2289 3197 melius
2332 3141 2553 3212 vulgato
2602 3147 2688 3193 En

1650 3223 1905 3280 existimo.
1930 3219 2074 3276 Illud
2102 3221 2271 3292 magis
2298 3221 2692 3286 necessarium,

1652 3313 1711 3356 ut
1749 3318 1851 3376 pro
1879 3301 2091 3371 vulgata
2129 3299 2425 3357 editionum
2458 3301 2691 3354 lectione

1651 3384 1862 3451 ἄφατα·
1908 3381 2145 3451 legamus
2186 3383 2401 3434 deserta
2443 3395 2689 3440 senem.

1651 3461 1925 3532 quomodo
1948 3459 2237 3530 preferant
2256 3457 2415 3514 codd.
2438 3459 2508 3514 G.
2536 3479 2558 3514 r
2584 3471 2639 3513 et
2656 3479 2685 3513 ι

1652 3551 1703 3597 et
1725 3542 1867 3594 Ann.
1910 3541 2048 3594 Nam
2083 3538 2189 3594 hoc
2216 3538 2540 3594 vocabulum
2576 3539 2692 3592 fere

1650 3620 1931 3692 proprium
1950 3631 2003 3674 et
2022 3619 2417 3674 usitatissimum
2446 3629 2691 3672 senectu-

1650 3701 1719 3754 tis
1736 3713 1815 3754 est
1834 3739 1848 3765 ,
1865 3711 1918 3753 et
1934 3699 2061 3753 huic
2082 3699 2306 3754 maxime
2329 3698 2688 3770 loeoaptum,

1650 3780 1743 3834 ubi
1763 3779 1832 3833 de
1854 3778 2139 3834 amissione
2167 3779 2289 3834 filisa
2323 3796 2503 3832 sermo
2512 3777 2689 3833 .-—Sie

1650 3860 1702 3911 in
1723 3859 1975 3932 Epitaph.
2001 3858 2223 3922 Luceii‚
2254 3858 2372 3930 huj.
2400 3877 2491 3930 op.
2521 3871 2559 3912 t.
2590 3859 2651 3912 11
2670 3899 2687 3924 ,

1650 3958 1702 4012 p.
1730 3941 1861 3993 263:
1884 3965 1911 3985 α
1929 3938 2019 3993 Me
2038 3938 2371 4005 desolatum,
2394 3955 2481 3992 me
2509 3937 2691 3992 deser·

1648 4029 1763 4072 tum
1780 4037 1842 4072 ac
1869 4017 2155 4092 spoliatum
2177 4018 2537 4072 Clamarem».
2560 4017 2690 4072 vid.

1648 4117 1770 4170 quae
1789 4099 2089 4154 notavimus
2108 4095 2181 4152 ad
2208 4099 2355 4152 hun‘c
2378 4097 2481 4152 loc.
2501 4139 2516 4165 ,
2540 4107 2594 4152 et
2616 4096 2689 4150 ad

1652 4176 1882 4230 Petronii
1912 4177 2121 4233 Bellum
2150 4176 2324 4243 civile,
2340 4197 2419 4230 vs.
2444 4179 2561 4230 286.
2580 4177 2685 4230 En.
