2975 4684
518 387 605 460 ὄπ
674 407 693 437 s
818 387 1309 457 PETRONII
1362 387 1834 456 CARMINA
1884 388 2312 459 MINORA.

512 521 699 600 bant,
730 520 797 582 in
832 517 1213 582 collectione
1240 539 1382 580 mea
1404 515 1775 606 repetenda.
1807 517 1970 600 Quae
1992 518 2304 604 quoniam
2331 517 2640 604 pleraque

516 623 1013 712 descriptionem
1032 621 1134 685 vel
1154 621 1411 685 laudem
1430 621 1698 701 alicujus
1719 622 1814 685 rei
1835 637 1945 684 aut
1962 643 2254 709 personae
2272 622 2638 704 continent,

510 747 577 794 et
589 731 963 794 hexametro
978 749 1170 791 versu
1187 728 1419 816 scripta
1438 742 1594 791 sunt
1608 777 1624 803 ‚
1645 726 1988 791 commode
2005 750 2078 792 ea
2096 729 2163 790 in
2183 727 2354 790 hanc
2371 728 2638 791 classem

510 837 870 901 carminum
895 834 1310 899 heroicorum
1337 834 1653 897 transtuli.
1681 833 1904 897 Solum
1927 832 2089 897 illud
2107 849 2172 896 et
2203 835 2600 922 praecipuum
2621 883 2639 914 ,

510 940 691 1031 quod
724 940 805 1004 de
841 940 1052 1029 Trojoe
1082 937 1292 1002 halosi
1310 939 1440 1028 agit
1461 987 1478 1019 ,
1513 940 1664 1026 quia
1700 938 1989 1002 iambicis
2016 939 2310 1002 versibus
2347 955 2602 1003 constat
2621 988 2641 1020 ,

510 1067 769 1110 necesse
812 1043 1009 1107 habui
1042 1043 1441 1131 reliquorum
1480 1043 1646 1107 serie
1687 1043 2100 1107 heroicorum
2157 1041 2502 1107 excludere
2521 1091 2540 1125 ‚
2575 1059 2644 1107 et

508 1167 777 1240 propter
823 1165 1281 1238 argumentum
1326 1149 1642 1236 Epitomae
1688 1147 1925 1214 Iliados
1965 1149 2272 1231 Homeri,
2307 1165 2641 1236 tamquam

510 1255 933 1346 appendicem
953 1303 971 1337 ‚
991 1255 1316 1334 subjunxi.
1342 1255 1506 1336 Quae
1529 1271 1835 1342 praeterea
1866 1255 1934 1317 in
1959 1253 2228 1318 Satirico
2243 1254 2642 1318 Petroniano

511 1379 868 1428 occurrunt
886 1411 903 1444 ‚
936 1362 1317 1426 collectione
1356 1384 1499 1424 mea
1541 1363 1804 1450 penitus
1838 1360 2112 1426 excludo
2132 1411 2149 1443 ,
2194 1362 2504 1450 quoniam
2543 1364 2643 1426 vel

514 1469 732 1534 brevia
761 1466 1117 1532 admodum
1148 1468 1619 1556 ‘epigrammata
1651 1483 1806 1530 sunt
1842 1467 2062 1555 paucis
2095 1468 2424 1552 versiculis
2452 1468 2642 1532 abso-

510 1579 643 1640 luta
660 1623 679 1658 ,
702 1576 803 1638 vel
820 1596 1027 1662 prosae
1048 1573 1325 1637 orationi
1343 1573 1430 1636 ita
1448 1574 1720 1652 inserta,
1735 1587 1811 1637 ut
1827 1575 2209 1637 sententiam
2232 1575 2641 1657 continuent,

510 1705 629 1746 nec
658 1681 979 1770 singulare
1004 1696 1459 1769 argumentum
1495 1693 1790 1760 teneant,
1832 1679 1934 1742 vel
1959 1679 2244 1767 denique
2281 1681 2643 1768 fragmenta

508 1789 699 1877 plane
738 1809 961 1850 manca
1002 1801 1158 1848 sunt
1188 1801 1253 1848 et
1293 1785 1617 1872 particulae
1645 1785 2004 1850 carminum
2029 1835 2047 1868 ,
2085 1805 2230 1873 quae
2269 1784 2336 1848 in
2384 1786 2642 1874 Sylloge

512 1911 733 1958 nostra
777 1894 997 1957 locum
1044 1892 1275 1955 mereri
1318 1892 1569 1954 nullum
1608 1906 1905 1978 possunt.
1952 1892 2030 1955 In
2081 1889 2472 1978 explicandis
2521 1891 2596 1954 iis
2623 1943 2642 1976 ‚

510 2023 653 2088 quae
680 1997 991 2087 proposui
1018 2046 1035 2081 ‚
1064 1998 1409 2085 saepissime
1444 1997 1510 2060 in
1551 1996 1914 2061 subsidium
1945 1995 2167 2060 vocavi
2193 1995 2642 2061 adnotationes

509 2109 1067 2184 Burmannorum‚
1098 2102 1212 2165 ubi
1246 2101 1510 2190 quidem
1531 2149 1550 2184 ,
1573 2123 1692 2165 cur
1728 2102 1931 2191 copiis
1967 2101 2050 2165 ab
2084 2102 2160 2165 iis
2205 2102 2645 2166 subministra-

514 2213 593 2276 tis
618 2233 753 2274 non
784 2225 1032 2290 uterer,
1068 2223 1218 2289 aut,
1258 2231 1404 2296 quae
1437 2209 1528 2272 illi
1564 2209 1732 2273 bene
1765 2207 2076 2272 dixissent
2100 2257 2118 2290 ‚
2171 2231 2292 2298 ego
2331 2210 2514 2273 aliter
2549 2208 2644 2273 di-

512 2339 761 2397 cerem,
794 2315 897 2378 vel
930 2315 1259 2377 reticerem
1280 2363 1299 2394 ,
1337 2337 1558 2378 caussa
1588 2314 1764 2378 nulla
1789 2330 1944 2378 erat.
1977 2315 2259 2380 Nomina
2288 2320 2644 2400 tamenjeo-

511 2445 660 2486 rum
703 2443 851 2484 raro
892 2418 1201 2506 adposui,
1239 2419 1419 2507 quod
1454 2420 1839 2507 plerumque
1882 2421 2132 2509 integra
2173 2443 2402 2484 eorum
2451 2422 2644 2486 verba

436 2548 442 2556 '
508 2527 831 2592 adducere
874 2525 1055 2589 locus
1104 2546 1235 2588 non
1280 2525 1682 2612 permitteret
1701 2573 1718 2606 ‚
1759 2539 1955 2612 atque
2001 2541 2256 2590 tantum
2303 2549 2644 2616 excerpere

505 2633 661 2697 inde
684 2631 995 2696 nonnulla
1013 2680 1031 2711 ,
1068 2631 1357 2718 meisque
1386 2630 1914 2695 adnotationibus
1940 2634 2356 2720 permiscere,
2385 2655 2644 2697 necesse

508 2755 713 2821 esset3
746 2754 889 2802 tum
920 2759 1074 2802 vero
1101 2736 1431 2800 neminem
1459 2737 1867 2801 eruditorum
1897 2740 2066 2802 forte
2095 2739 2420 2803 crederem
2441 2788 2458 2821 ,
2481 2740 2642 2828 quin

505 2867 623 2935 per
645 2867 715 2910 se
736 2844 927 2908 sciret
944 2891 963 2926 ‚
994 2860 1313 2930 utrosque
1339 2845 1747 2908 Burmannos
1780 2844 1846 2906 in
1877 2866 1949 2908 ea
1979 2861 2278 2933 poemata
2303 2867 2643 2909 commen-

507 2967 671 3018 tatos
708 2973 866 3032 esse,
888 2972 1107 3039 neque
1137 2972 1241 3014 me
1271 2972 1500 3013 eorum
1529 2972 1793 3038 operam
1823 2951 2145 3040 ignorare,
2178 2967 2292 3016 aut
2322 2953 2646 3042 negligere

504 3057 811 3146 potuisse.
857 3055 1151 3120 Profiteri
1183 3071 1402 3119 autem
1444 3055 1565 3118 id
1547 3077 1764 3142 ipsum
1801 3056 1930 3120 hoc
1967 3057 2114 3120 loco
2150 3056 2388 3122 diserte
2425 3057 2600 3122 volui
2622 3105 2640 3134 ,

508 3183 592 3225 ne
633 3162 776 3249 quis
824 3183 928 3224 me
960 3177 1074 3224 aut
1112 3161 1339 3224 aliena
1350 3159 1511 3223 mihi
1533 3159 1930 3243 vindicasse,
1967 3179 2113 3239 aut,
2144 3185 2262 3251 per
2295 3185 2461 3250 quos
2505 3163 2646 3251 ipse

513 3265 963 3355 profecissem,
1002 3264 1342 3330 illaudatos
1369 3265 1702 3329 reticuisse
1729 3282 1936 3354 putet.

598 3375 712 3438 VI.
752 3374 946 3438 Sexto
971 3374 1118 3437 loco
1150 3373 1472 3437 adducere
1500 3369 1741 3461 placuit
1763 3397 1800 3438 e
1830 3375 2225 3439 carminibus
2253 3376 2644 3465 lapidaribus

516 3479 753 3544 Votum
796 3477 1095 3542 Fortunoe
1138 3477 1546 3542 Proenestinoe
1589 3501 1625 3542 a
1662 3481 1736 3542 T.
1777 3481 1980 3544 CAEsm
2012 3482 2312 3546 Tannum
2361 3483 2600 3545 factum
2624 3530 2642 3564 ,

510 3583 749 3672 quod
730 3607 799 3648 ιιι
838 3583 975 3647 aliis
1012 3583 1149 3664 ejus
1190 3583 1441 3672 generis
1483 3599 1552 3647 et
1586 3606 1861 3648 numero
1886 3608 2194 3650 versuum
2232 3603 2297 3650 et
2333 3587 2647 3676 elegantia

513 3689 800 3753 eminere
830 3687 1073 3769 visum,
1120 3704 1187 3753 et
1223 3711 1259 3752 e
1294 3689 1648 3752 Burmanni
1688 3690 1950 3755 Anthol.
1987 3693 2124 3758 Lat.
2157 3692 2270 3757 lib.
2309 3693 2381 3774 1,
2441 3695 2644 3782 epigr.

514 3816 632 3881 70,
684 3791 1083 3881 descriptum
1130 3810 1247 3858 est.
1297 3795 1397 3858 De
1441 3791 1578 3876 ejus
1623 3793 1983 3860 editoribus
2027 3814 2092 3861 et
2143 3791 2644 3886 interpretibus,

514 3899 822 3988 quoniam
858 3901 1041 3988 plura
1078 3917 1144 3963 et
1174 3900 1439 3964 meliora
1474 3901 1688 3966 dicere
1730 3925 1862 3966 non
1891 3903 2135 3985 habeo,
2170 3927 2367 3992 quam
2393 3903 2646 3977 dudum

506 4007 917 4070 Burmannus
958 4005 1286 4071 secundus
1323 4007 1469 4072 loco
1509 4008 1618 4073 cit.
1661 4009 1910 4092 attulit,
1948 4010 2158 4097 placet
2187 4010 2354 4092 jam,
2388 4033 2533 4100 quae
2561 4011 2646 4076 ad

506 4111 801 4176 notitiam
835 4112 972 4191 ejus
1018 4112 1381 4199 pertinent,
1426 4135 1505 4176 ex
1547 4114 1754 4202 prima
1793 4113 1876 4179 ad
1915 4115 2043 4180 hoc
2083 4137 2344 4180 carmen
2375 4115 2645 4182 adnota-
