2975 4684
629 413 1058 483 PINDARI
1122 413 1577 483 THERANI
1645 410 2219 481 INSCRIPTG.
2346 411 2491 508 469
2593 366 2597 373 ⁸

347 544 592 611 difficili
611 544 841 633 poesin
865 543 1001 607 fere
1027 543 1272 631 ubique
1291 543 1684 633 implicuerit
1699 590 1717 623 ,
1742 558 1820 606 ut
1837 542 2139 605 carminis
2162 558 2291 607 tam
2312 544 2487 633 plani

347 670 414 717 et
447 650 762 738 expediti,
799 650 989 738 quale
1014 649 1161 715 Ilias
1189 650 1417 715 Latina
1446 665 1577 733 est,
1615 665 1843 713 auctor
1874 649 2099 713 haberi
2124 650 2231 715 vix
2253 652 2479 738 possit.

434 758 534 821 De
569 756 844 821 Pindari
873 756 936 820 T
927 742 1164 821 behemi
1197 758 1498 839 nomine,
1533 758 1593 821 ei
1642 756 1912 821 carmini
1954 756 2113 821 falso
2150 757 2495 845 imposito,
2602 744 2611 755 ’

347 881 480 927 tam
517 862 778 928 difficile
820 878 886 928 et
923 863 1310 953 ambiguum
1350 862 1675 945 judicium
1712 879 1843 945 est,
1883 880 1989 945 ut,
2024 864 2137 950 qui
2170 864 2489 957 rationem

349 969 488 1049 ejus
522 970 829 1060 indagare
861 970 1054 1051 velit,
1085 970 1141 1033 is
1173 993 1386 1058 operae
1433 971 1717 1059 pretium
1748 970 2037 1035 facturus
2069 970 2183 1049 sit,
2222 992 2343 1035 nec
2374 992 2493 1053 ne,

357 1077 460 1139 vix
487 1075 762 1140 audeam
788 1074 1146 1141 adfirmare.
1167 1076 1390 1141 Potest
1414 1077 1591 1141 enim
1616 1076 1870 1140 barbari
1896 1093 1961 1146 et
1982 1076 2187 1164 inepti
2208 1076 2499 1163 bominis

350 1182 694 1247 inventum
731 1205 906 1265 esse,
941 1182 1120 1247 nulla
1149 1182 1385 1247 idonea
1417 1206 1675 1264 caussa,
1724 1204 1936 1269 neque
1967 1182 2151 1247 aliter
2182 1204 2377 1270 quam
2411 1182 2495 1248 ri-

348 1287 643 1352 dendum
667 1304 920 1377 :potest
943 1288 1135 1353 etiam
1162 1288 1481 1353 eruditior
1508 1289 1772 1353 subesse
1802 1289 2001 1369 ratic,
2028 1305 2092 1352 et
2115 1289 2195 1353 ab
2220 1288 2491 1355 homine

352 1417 492 1457 non
529 1393 828 1475 indocto,
862 1396 1014 1461 licet
1045 1416 1164 1483 per
1201 1412 1522 1475 errorem,
1568 1395 1878 1483 profecta.
1928 1396 2146 1477 Quam
2178 1416 2319 1462 rem
2348 1396 2493 1459 feli-

353 1501 492 1565 cius
517 1500 870 1583 dijudicare
895 1524 1232 1591 possemus
1249 1550 1268 1584 ,
1301 1502 1356 1565 si
1376 1502 1652 1565 omnino
1676 1501 1759 1567 de
1786 1518 2053 1567 auctore
2080 1519 2145 1567 et
2171 1517 2489 1591 tempore,

352 1630 486 1695 quo
519 1606 807 1695 primum
851 1606 921 1669 id
962 1628 1204 1671 nomen
1251 1616 1638 1695 usurpatum
1659 1655 1679 1687 ,
1712 1622 1826 1671 aut
1872 1605 1955 1670 de
2006 1605 2379 1689 codicibus,
2418 1609 2491 1673 in

353 1712 592 1799 quibus
618 1729 948 1799 repertum
968 1728 1065 1777 est
1081 1760 1100 1793 ,
1133 1712 1284 1777 satis
1305 1729 1652 1777 constaret.
1676 1713 1945 1777 Vossius
1966 1712 2164 1777 tradit
2180 1713 2251 1775 in
2269 1712 2495 1779 codice

351 1839 530 1881 anno
581 1816 752 1903 1390
805 1817 1046 1905 scripto
1072 1867 1091 1900 ,
1154 1818 1269 1905 qui
1322 1818 1563 1881 Patavii
1634 1833 1729 1881 est
1754 1866 1773 1899 ,
1835 1816 2190 1883 Pindarum
2236 1818 2493 1883 Theba-

355 1946 516 1987 num
565 1923 867 2006 inscribi3
915 1922 1029 1987 sed
1079 1923 1312 1987 saeculo
1361 1925 1523 1988 XIII
1577 1922 1993 1990 Eberhardus
2040 1924 2498 1991 Bethuniensis

354 2028 620 2093 Pindari
654 2051 896 2094 nomen
947 2031 1235 2119 ignorat,
1275 2028 1488 2093 solum
1544 2030 1909 2093 Homerum
1946 2030 2277 2111 nominat,
2324 2030 2495 2097 sicut

354 2136 459 2199 alii
487 2134 741 2200 codices
768 2136 1191 2223 antiquiores.
1219 2136 1424 2224 Igitur
1451 2136 1687 2199 saeculo
1712 2134 1981 2199 demum
2003 2137 2160 2199 XIV
2178 2135 2248 2201 id
2274 2137 2499 2201 inven-

355 2259 499 2308 tum
535 2258 600 2307 et
640 2242 973 2307 codicibus
1005 2242 1404 2331 adscriptum
1437 2240 1715 2309 videtur.
1752 2242 1899 2325 Qua
1934 2264 2087 2306 sane
2118 2258 2334 2326 aetate,
2368 2266 2493 2332 pro

357 2372 608 2413 summa
633 2348 978 2413 hominum
1003 2350 1252 2413 inscitia
1276 2364 1343 2413 et
1363 2349 1691 2431 barbarie,
1722 2348 1900 2413 haud
1926 2372 2074 2413 raro
2094 2352 2335 2414 factum
2361 2366 2457 2417 est
2473 2398 2491 2432 ,

355 2472 434 2517 ut
451 2454 661 2536 libris,
694 2478 979 2543 quorum
1001 2472 1228 2519 auctor
1245 2456 1511 2544 ignotus
1532 2472 1699 2520 esset
1715 2504 1733 2538 ,
1757 2456 2155 2521 celeberrimi
2179 2458 2499 2544 cujusque

356 2561 686 2650 scriptoris
714 2584 983 2643 nomen,
1014 2584 1220 2648 quum
1254 2562 1473 2625 minus
1500 2561 1783 2625 celebres
1808 2562 2293 2650 ignor-arentur,
2319 2564 2497 2627 nulla

357 2667 564 2755 gentis
597 2684 662 2731 et
697 2667 896 2731 aetatis
937 2667 1191 2731 ratione
1234 2668 1489 2749 habita,
1530 2668 2015 2754 imponeretur3
2051 2691 2264 2757 neque
2291 2668 2455 2734 adeo
2474 2718 2495 2749 ,

357 2772 409 2836 si
442 2774 711 2837 carmini
751 2774 952 2838 latino
988 2774 1280 2855 Pindari,
1314 2773 1520 2838 Graeci
1557 2790 1793 2861 poetae,
1839 2796 2081 2839 nomen
2115 2776 2493 2863 impositum

356 2895 488 2961 est,
515 2881 644 2944 hoc
685 2882 886 2969 magis
919 2879 1158 2943 mirum
1186 2879 1390 2945 videri
1422 2879 1649 2963 debet,
1680 2903 1877 2967 quam
1910 2880 2087 2967 quod
2116 2882 2497 2969 Hippocrati

357 2986 626 3073 epistola
669 2984 865 3049 latina
913 2985 1222 3049 attributa
1263 3002 1360 3049 est
1391 2985 1473 3049 ad
1506 2986 1923 3051 Maecenatem
1958 2987 2195 3073 scripta
2228 2985 2340 3074 (1).
2370 2987 2496 3051 Sed

360 3090 494 3156 fieri
524 3092 774 3179 potuit,
801 3108 878 3154 ut
909 3113 1150 3157 nomen
1182 3090 1444 3155 Pindari
1473 3092 1555 3179 ab
1588 3092 1854 3155 homine
1878 3114 2013 3155 non
2038 3089 2305 3155 indocto
2324 3142 2342 3173 ,
2374 3116 2495 3155 nec

359 3201 498 3265 sine
528 3200 738 3289 aliqua
771 3200 1049 3280 ratione,
1079 3199 1535 3280 induceretur,
1577 3200 1631 3265 si
1660 3199 1833 3263 forte
1861 3198 2300 3280 existimabat,
2347 3200 2494 3265 Ilia-

433 3475 508 3541 (1)
542 3474 746 3523 Pindari
769 3484 945 3524 tamen
969 3490 1163 3524 nomen
1191 3472 1328 3525 inter
1358 3472 1628 3524 Romanos
1662 3490 1772 3525 non
1798 3472 1955 3544 plane
1986 3472 2224 3544 ignotum
2253 3486 2305 3526 et
2330 3476 2495 3528 inusi-

360 3574 528 3613 tatum
578 3561 692 3613 fuit.
733 3559 996 3617 Pindarus
1029 3562 1172 3615 enim
1209 3562 1497 3615 vocabatur
1535 3560 1756 3613 libertus
1784 3560 1985 3626 Cassii,
2024 3566 2177 3635 cujus
2214 3582 2373 3615 manu
2410 3562 2497 3616 hie

359 3648 786 3704 interficiendum
818 3668 874 3703 se
897 3663 1017 3722 post
1045 3651 1214 3705 aciem
1241 3648 1635 3722 Philippensem
1658 3652 1873 3724 curabat
1892 3688 1907 3715 ,
1946 3664 2003 3704 ut
2030 3663 2285 3704 memorat
2305 3652 2499 3724 Appia-

361 3757 479 3793 nus.
509 3740 576 3793 Et
600 3738 866 3793 Pindarus
901 3738 1035 3793 alius
1063 3739 1118 3791 in
1144 3738 1389 3791 Romanis
1418 3737 1847 3809 inscriptionibus
1878 3739 2127 3793 occurrit.
2150 3770 2212 3780 -—
2235 3740 2496 3793 Caeterum

361 3828 604 3899 epistola,
629 3826 696 3880 de
718 3846 825 3899 qua
843 3828 933 3881 hic
959 3827 1158 3879 mentio
1179 3826 1266 3893 fit,
1288 3826 1552 3899 reperitur
1566 3828 1803 3881 Marcelli
1831 3828 1966 3881 libro
1988 3827 2500 3881 medicamentorum

360 3916 624 3987 praemissa
644 3957 660 3982 ‚
687 3916 741 3968 in
769 3914 999 3969 editione
1026 3916 1147 3967 Jani
1174 3914 1448 3977 Cornarii,
1485 3914 1645 3967 Basil.
1674 3915 1806 3969 1536
1827 3954 1842 3978 ,
1886 3914 1981 3968 sol.
2015 3916 2190 3967 Etiam
2220 3917 2496 3989 subjuncta

361 4017 440 4058 est
460 4002 712 4059 Cornelio
735 4004 890 4058 Celso
916 4015 968 4057 et
991 4004 1266 4057 Scribonio
1295 4004 1468 4074 Largo
1489 4042 1504 4067 ,
1530 4015 1648 4075 post
1670 4002 1977 4057 vindiciani
2001 4022 2215 4056 carmen
2237 4046 2251 4071 ,
2280 4004 2331 4056 in
2358 4002 2466 4058 fine
2485 4048 2499 4071 ‚

361 4094 578 4147 Parisiis
595 4136 610 4159 ‚
645 4092 778 4149 1528
795 4132 810 4157 ,
853 4095 986 4159 ἔτι-4.
1033 4092 1135 4147 Sed
1161 4094 1355 4146 rectius
1382 4112 1444 4146 ea
1470 4093 1683 4165 epistola
1709 4093 1849 4146 edita
1878 4104 1955 4146 est
1982 4093 2081 4146 sub
2108 4094 2321 4147 nomine
2339 4098 2503 4149 Anto-

362 4186 436 4241 nii
462 4185 630 4241 Muta
649 4224 666 4251 ,
701 4184 942 4239 Norimb.
979 4184 1128 4255 1587.
1165 4184 1266 4237 En.
