2975 4684
478 306 614 403 394

1131 315 1939 404 EPITHALAMIUM

571 436 850 507 Solliciti
891 438 1092 534 longa
1132 441 1216 510 de
1251 445 1639 535 posteritate
1680 455 2018 534 parentes:

570 547 746 614 Hinc
783 571 950 640 puer
985 547 1166 618 elusa
1195 551 1360 646 juga
1393 551 1801 644 Calliopeius
1844 549 1971 621 illis

572 658 917 726 Nexuerat
951 658 1223 728 domina
1243 713 1262 746 ,
1301 659 1649 754 laetamque
1686 658 1936 728 ferebat
1978 660 2059 729 ad
2098 659 2321 730 aulam

571 769 931 838 Luctantes
971 772 1234 864 rapiens
1263 773 1573 864 juveneS,
1614 771 1903 840 immane
1938 785 2289 864 tropaeum.

567 878 921 972 Indignata
963 895 1186 952 tamen
1225 883 1372 951 risit
1403 884 1586 967 Dea,
1620 905 1743 950 nec
1781 881 1903 949 tibi
1949 893 2215 950 tantum
2556 902 2609 942 *ο

569 991 756 1082 Saepe
795 988 989 1058 licere
1033 991 1221 1079 velis,
1261 993 1546 1063 nimium
1582 991 1872 1062 studiose
1917 989 2227 1085 pudoriS‚

569 1103 907 1170 Maternos
945 1105 1256 1188 nimium,
1294 1129 1486 1200 puer,
1522 1101 1895 1199 amplexate
1930 1104 2206 1199 rigores·

569 1213 882 1280 Protinus
923 1215 1296 1284 instaurant
1337 1239 1601 1310 pompae
1636 1211 1915 1309 genialis
1950 1213 2273 1282 honorem
2292 1263 2311 1298 ,

571 1321 1086 1416 Deflectuntque
1117 1326 1292 1394 viam
1315 1381 1333 1414 ,
1376 1325 1745 1420 pelagoque
1783 1324 2125 1393 advertere
2162 1338 2435 1393 certant.

571 1429 724 1498 Ales
757 1445 826 1500 at
859 1457 896 1500 e
936 1432 1156 1504 medio
1195 1423 1495 1505 revolans
1531 1433 1909 1504 Concordia
1949 1447 2124 1503 coetu
2557 1413 2611 1487 ⁸⁰⁵

545 1693 629 1745 77.
667 1683 804 1744 luga
819 1681 1128 1753 Calliopeius
1167 1681 1296 1732 iuis.
1283 1698 1296 1710 ·
1354 1680 1489 1733 forte

473 1755 880 1826 castigandum,
947 1757 1130 1811 «Hinc
1171 1778 1306 1831 puer
1349 1761 1488 1814 elusa

465 1839 594 1905 iuga
625 1839 731 1909 jam
759 1837 1068 1910 Cythereius
1099 1839 1202 1893 iuis
1227 1839 1490 1895 Nexuerat

472 1912 727 1968 domina»
731 1917 945 1972 ..Bmuu
981 1949 1052 1960 —-
1087 1920 1156 1970 At
1181 1931 1386 1972 rectum
1412 1930 1490 1972 est

475 1997 705 2064 &lliopes'
701 2015 786 2058 us,
809 2016 982 2068 neque
1003 1997 1212 2070 Cupido
1231 1997 1320 2051 hic
1343 1997 1494 2070 ugni-

471 2073 680 2137 flcatur,
699 2075 794 2130 sed
812 2076 1130 2149 Hymenaeus
1149 2115 1164 2141 ,
1184 2078 1278 2149 qui
1294 2076 1495 2130 Callio-

474 2171 565 2222 pea
591 2154 734 2207 filius
765 2155 1084 2226 perhibetur.
1107 2163 1254 2210 Musa
1273 2160 1495 2225 genitum

474 2230 605 2285 dicit
622 2234 810 2286 Claud.
826 2236 1006 2308 Epith.
1029 2235 1160 2290 Pau.
1183 2237 1272 2302 31,
1294 2248 1344 2290 et
1363 2237 1497 2288 Mar-

469 2311 642 2366 tianus
689 2314 901 2386 Capella
951 2317 1009 2368 in
1059 2315 1244 2387 primo.
1301 2316 1488 2368 Bacchi

469 2391 640 2444 filium
679 2392 878 2446 Seneca
921 2397 976 2448 in
1013 2394 1230 2460 Medea,
1273 2416 1322 2448 v.
1367 2413 1487 2456 ιιο,

469 2470 676 2522 Uranioe
703 2472 942 2528 Catullus
979 2473 1035 2526 in
1071 2473 1300 2545 Epithal.
1323 2473 1490 2526 Manl.

469 2567 520 2601 v.
547 2569 576 2601 a
592 2587 606 2612 ,
625 2549 988 2622 Terpsichorae
1008 2551 1227 2605 Proclue
1247 2554 1301 2604 in
1327 2551 1490 2606 Chre-

471 2643 626 2680 stom.
647 2649 765 2700 pag.
796 2648 859 2684 10
883 2632 1086 2685 Schott.
1135 2633 1282 2686 Clius
1317 2630 1490 2684 {ilium

471 2708 592 2760 alii:
628 2708 890 2782 Calliopes
929 2722 982 2762 et
1021 2711 1276 2782 Apollinis
1317 2709 1488 2764 filium

471 2787 539 2839 ab
559 2787 866 2859 Asclepiade
884 2788 1116 2854 dictum,
1155 2789 1332 2843 nescio
1363 2790 1493 2856 ubi,

467 2865 716 2920 Schottus
739 2868 808 2920 ad
829 2870 1074 2922 Proclum
1095 2881 1290 2922 monet.
1327 2869 1493 2940 Cujus

467 2948 736 3000 sententie
761 2961 941 3002 noster
965 2961 1118 3020 poeta
1134 2961 1229 3002 est.
1262 2979 1332 2988 —-
1357 2955 1495 3018 Iuga

432 3055 438 3061 -
469 3041 726 3088 nexuerat,
741 3029 1065 3082 connubium
1080 3031 1344 3100 junxerat.
1355 3029 1490 3080 Item

470 3101 538 3156 de
581 3103 867 3176 Hymenoeo
906 3107 1227 3162 Claudianus
1249 3147 1263 3170 ,
1316 3107 1489 3160 Laud.

469 3183 578 3236 Ser.
612 3203 632 3237 1
649 3203 708 3252 ¹9
731 3203 747 3238 :
775 3211 802 3232 α
817 3187 1070 3258 Expertes
1089 3187 1340 3252 thalami,
1361 3205 1493 3257 qua·

465 3279 588 3314 rum
626 3262 905 3335 Cythereia
941 3267 1168 3320 necdum
1217 3267 1330 3320 Sub
1361 3268 1493 3337 juga

469 3341 698 3394 cervices
721 3343 900 3396 niveas
917 3345 1235 3414 Hymenaeua
1253 3345 1428 3415 adegit
1448 3371 1488 3398 n.

544 3437 626 3488 79.
661 3427 888 3475 Immune
921 3439 1180 3492 cropoeum,
1225 3425 1492 3496 ingentem

470 3499 772 3562 victoriam,
793 3512 844 3554 et
859 3503 1026 3573 spolia
1047 3503 1242 3574 ampla.
1262 3503 1492 3575 Sumpsit

466 3577 570 3630 hoc
613 3597 644 3631 a
686 3579 1006 3644 Claudiano,
1057 3581 1161 3634 uisi
1202 3581 1304 3634 hoc
1349 3582 1487 3634 auti-

468 3657 622 3728 quior
657 3671 764 3722 est,
802 3659 947 3732 apud
983 3679 1142 3732 quem
1169 3661 1222 3712 in
1255 3660 1485 3731 Epithal.

469 3735 605 3790 Hon.
637 3751 688 3791 et
717 3739 856 3794 Mar.
878 3758 932 3792 v.
963 3758 1082 3811 117,
1109 3741 1274 3792 Amor
1291 3737 1359 3791 ad
1378 3740 1486 3793 Ve-

466 3834 678 3870 nerem:
713 3844 735 3864 «
761 3821 961 3872 Laetare
980 3861 995 3886 ,
1017 3836 1234 3891 parcan
1259 3819 1488 3872 immane

467 3905 722 3967 tropaeutu
737 3898 1053 3954 Rettulimus
1075 3918 1088 3952 ε
1117 3913 1354 3953 nostrum
1373 3900 1487 3970 jam

466 3976 622 4027 sentit
651 3976 918 4032 Honorius
949 3999 1130 4034 arcum
1153 4007 1194 4040 ι,
1241 3980 1396 4032 Forte
1436 3993 1488 4032 et

465 4051 652 4106 adlusit
680 4055 748 4108 ad
775 4056 886 4112 liaec
910 4059 1120 4130 Virgilii
1147 4057 1351 4112 AEneid.
1383 4059 1486 4124 lv,

1740 1677 2069 1750 «Egregiam
2113 1695 2239 1730 vero
2288 1675 2502 1730 laudem
2556 1691 2613 1728 et

1579 1682 1741 1830 spolia
1774 1757 1951 1830 ampla
1971 1755 2197 1820 refertis,
2210 1755 2423 1828 Tuque,
2442 1775 2612 1872 puer·

1578 1857 1683 1910 que
1708 1849 1861 1899 tuus,
1892 1849 2035 1889 etc.»

1650 1920 1738 1971 81.
1772 1919 1938 1969 Licere
1966 1919 2130 1968 velis:
2163 1914 2235 1968 ita
2269 1914 2459 1985 scripsi
2502 1933 2613 1986 pro

1580 2001 1729 2058 velit,
1751 1995 1946 2068 quod'
1930 2014 1986 2047 m
2016 1994 2169 2048 editis
2200 2005 2308 2058 est,
2334 1991 2615 2064 quomodo

1581 2092 1633 2130 et
1652 2077 1988 2128 Burmannus
2009 2074 2272 2146 corrigere
2289 2073 2461 2144 jubet.

1652 2157 1741 2208 82.
1791 2158 2087 2224 Amplexaee
2133 2154 2318 2222 rigores
2331 2190 2347 2212 ,
2394 2169 2616 2204 severos

1584 2247 1859 2306 castosque
1878 2251 2050 2286 mores
2064 2269 2080 2295 ‚
2118 2250 2151 2284 a
2169 2230 2373 2284 luxuria
2388 2268 2405 2292 ,
2434 2229 2617 2283 molli·

1578 2315 1649 2368 tie
1668 2352 1685 2378 ‚
1711 2311 1919 2368 lascivia
1955 2312 2185 2373 alienon
2228 2323 2287 2363 ut
2316 2308 2613 2363 Claudiani

1578 2395 1739 2448 Cone.
1757 2393 1918 2446 Prob.
1936 2399 2000 2456 '41
2020 2409 2035 2444 :
2056 2389 2183 2444 «sed
2206 2409 2357 2443 mens
2378 2390 2612 2443 circum-

1578 2472 1685 2526 flua
1728 2472 1858 2526 luxu
1897 2471 2128 2524 Noverat
2172 2470 2433 2522 intactum
2474 2467 2614 2522 vitio

1580 2569 1791 2604 servare
1827 2551 2122 2622 rigoremn.
2160 2548 2282 2601 Tali
2319 2565 2466 2600 more
2492 2565 2615 2600 cre-

1579 2631 1801 2686 debatur
1824 2650 1935 2684 ease
1956 2630 2226 2701 Calliope,
2245 2647 2363 2701 quoe
2380 2627 2615 2680 heroum

1577 2730 1870 2784 regumque
1895 2721 2041 2781 gesta
2058 2722 2111 2764 et
2126 2709 2283 2761 fortia
2303 2703 2445 2762 facta
2466 2706 2615 2760 dice-

1582 2793 1735 2844 batur
1760 2807 1971 2854 canere,
2000 2809 2111 2842 non
2136 2806 2341 2841 amores
2360 2799 2411 2842 ct
2437 2785 2612 2840 lusus.

1652 2873 2041 2938 84.Pe1agoque
2061 2873 2325 2921 advenere.
2339 2866 2477 2918 Puto
2497 2885 2615 2920 ma·-

1580 2970 1639 3004 re
1670 2949 2031 3002 Hadriaticum
2062 2947 2301 3020 intelligi.
2336 2947 2471 2998 Nam
2497 2947 2615 3000 Ve-

1580 3047 1761 3084 nerem
1808 3041 1929 3080 ante
1973 3026 2131 3100 dixitx
2148 3037 2329 3078 auctor
2368 3043 2398 3076 e
2435 3024 2615 3098 Lydia

1584 3109 1876 3162 venientem
1927 3107 1983 3160 iu
2010 3104 2340 3192 1Thessaliam
2384 3117 2612 3158 conten-

1540 3184 1737 3241 ,ὤθει
1781 3187 1939 3238 Nunc
1983 3204 2150 3257 quum
2199 3182 2427 3236 deflectit
2472 3182 2613 3252 iter,

1579 3267 1795 3318 Romam
1826 3266 2083 3336 petitura,
2111 3261 2497 3316 transeundum
2530 3275 2616 3314 est

1580 3364 1727 3400 mare
1744 3383 1761 3408 ,
1806 3343 1951 3416 quod
1990 3345 2258 3416 interjacet
2278 3381 2294 3406 ,
2340 3341 2611 3395 Hadriati-

1584 3443 1722 3478 cum.

1652 3503 1741 3557 85.
1781 3507 1899 3554 Ales
1936 3517 1993 3553 at
2024 3521 2051 3552 e
2090 3503 2267 3553 medio.
2307 3497 2611 3554 Concordia

1580 3584 1683 3635 hoc
1723 3582 1841 3635 loco
1876 3585 1980 3633 ales
2020 3591 2261 3642 vocatur,
2306 3577 2451 3651 quod
2492 3582 2611 3651 ejus

1580 3661 1879 3734 symbolum
1900 3671 2013 3713 erat
2029 3658 2255 3722 ciconia,
2272 3677 2393 3728 quoe
2404 3659 2460 3710 in
2482 3673 2613 3712 tem·

1576 3743 1669 3814 plo
1711 3739 2020 3795 Concordiae
2063 3737 2508 3809 conspiciebatur,
2544 3751 2603 3791 ut

1578 3821 1833 3892 significat
1870 3816 2175 3881 Juvenalis,
2211 3817 2317 3872 Sat.
2355 3818 2415 3882 1,
2468 3823 2605 3872 116:

1584 3927 1607 3948 ι
1623 3901 1861 3970 Quoque
1882 3899 2109 3952 salutato
2130 3897 2350 3969 crepitat
2370 3896 2605 3950 Concor·

1576 3977 1659 4031 dia
1682 3978 1810 4032 nido
1834 4004 1881 4030 ιι.
1905 3977 2027 4030 vid.
2044 3979 2170 4030 Exc.
2194 3974 2262 4028 ad
2280 3976 2482 4047 Sulpic-
2500 3987 2597 4030 sat.

1577 4059 1737 4129 hujus
1762 4077 1849 4130 op.
1870 4069 1910 4110 t.
1930 4058 2021 4122 11,
2058 4059 2177 4110 151.
2210 4057 2315 4110 En.
