2975 4684
747 366 1202 435 EPITOME
1259 366 1681 438 ILIADOS
1740 366 2166 436 HOMERI.

2383 363 2523 437 585·

485 487 850 583 Praeliaque
883 487 1200 557 horrendi
1237 488 1360 557 sub
1397 486 1689 580 imagine
1726 500 1947 555 versat
1977 482 2301 557 Achillis.'

580 603 803 689 Quem
840 613 1192 692 postquam
1231 598 1442 666 socias
1482 596 1868 665 miscentem
1908 594 2089 665 caede
2126 609 2448 682 catervas,

481 708 1024 802 Turbantemque
1059 708 1234 776 acies
1268 706 1616 801 conspexit
1647 703 1938 775 fervidus
1978 710 2249 790 Hector,

483 815 686 889 Tollit
727 832 920 886 atrox
961 818 1259 902 animm,
1303 817 1637 910 vastisque
1684 816 1991 885 immanis
2029 818 2098 886 in
2140 818 2341 885 armis

484 928 800 998 Occurrit
838 941 1104 1014 contra,
1141 950 1518 1021 magnoque
1556 918 1739 997 hunc
1776 927 2078 1021 increpat
2117 952 2231 995 ore
2261 953 2276 995 z
2442 950 2518 986 ατο

481 1042 680 1107 «Huc
697 1089 718 1123 ‚
740 1060 897 1129 age,
925 1061 1108 1105 nunc
1145 1046 1455 1107 converte
1483 1035 1795 1129 gradum,
1822 1034 2179 1106 fortissime
2200 1035 2520 1124 Achilles,

479 1150 624 1215 Jam
668 1171 934 1233 nosce3‚
964 1146 1169 1215 ultrix
1209 1145 1375 1241 quid
1409 1147 1649 1215 Troica
1687 1146 1954 1215 dextera
1989 1149 2225 1242 possit,

481 1260 565 1325 Et
601 1271 928 1352 quantum
965 1255 1144 1326 bello
1184 1256 1400 1326 valeat
1435 1256 1835 1326 fortissimus
1864 1260 2133 1328 Hector.

477 1367 651 1435 Nam
700 1364 853 1433 licet
893 1368 1033 1459 ipse
1069 1368 1206 1435 suis
1239 1369 1511 1435 Mavors
1548 1382 1615 1435 te
1646 1381 1953 1460 protegat
1986 1369 2219 1453 armiS,

481 1476 700 1544 Invito
739 1490 960 1545 tamen
997 1476 1136 1545 haec
1173 1477 1452 1571 perimet
1489 1492 1554 1545 te
1585 1476 1851 1545 dextera
1888 1479 2107 1547 Marte
2129 1508 2181 1545 n.
2443 1504 2519 1543 ω

575 1583 696 1657 Ille
733 1584 916 1671 silet,
959 1588 1342 1680 spernitque
1373 1588 1589 1655 minas
1630 1588 2059 1681 animosaque
2102 1588 2314 1674 dicta,

475 1698 604 1779 Ut,
636 1720 832 1790 quem
877 1696 1220 1783 mentitur,
1259 1722 1450 1766 verus
1487 1696 1797 1766 credatur
1832 1695 2143 1767 Achilles,

479 1808 672 1873 Tunc
709 1808 894 1899 prior
930 1807 1273 1900 intorquet
1307 1805 1599 1876 collectis
1633 1806 1886 1877 viribus
1920 1807 2177 1877 hastam

476 1914 924 2000 DardanideS‚
953 1942 1154 2009 quam
1187 1916 1567 2009 prolapsam
1610 1915 1804 1985 celeri
1836 1917 2081 2009 excipit
2112 1918 2249 1986 ictu

479 2022 850 2109 Pat1·ocluS‚
882 2022 1226 2119 redditque
1269 2026 1442 2094 vices
1481 2040 1545 2094 et
1586 2039 1817 2094 mutua
1862 2024 2062 2095 dona.
2438 2052 2519 2092 ω.

449 2220 568 2272 816.
591 2224 820 2271 Hor-renti
842 2218 907 2272 G.
935 2238 980 2271 ι.
1017 2224 1254 2288 Bellaque
1279 2224 1394 2272 leor-

378 2302 536 2347 tenda
557 2296 624 2350 G.
651 2316 699 2349 2.

450 2376 569 2427 818.
591 2378 1078 2444 compes-&fervidus
1101 2373 1224 2428 dedi
1242 2395 1302 2429 ex
1327 2376 1392 2429 Η.

379 2453 622 2524 vulgatas
647 2457 879 2521 respexit.

450 2533 569 2600 819.
595 2538 856 2601 Vastisque
867 2538 1136 2585 horrendus
1153 2535 1218 2587 H.
1233 2538 1395 2587 ὑηιηα-

377 2614 454 2663 nis
487 2612 568 2664 vel
588 2606 836 2664 a‘tee'mosns
855 2613 919 2665 G.
945 2633 972 2665 2
991 2653 1008 2679 ,
1047 2613 1139 2683 qui
1169 2626 1220 2665 et
1249 2612 1396 2666 h'unc

375 2708 588 2743 versum
611 2708 736 2745 cum
761 2704 1010 2763 sequente
1037 2692 1340 2763 transponit.

447 2770 566 2822 820.
591 2778 840 2839 Vastoque
856 2775 985 2823 lame
1003 2774 1224 2839 increpat
1240 2772 1398 2825 hahet

375 2850 440 2901 H.
483 2848 576 2902 sed
605 2850 798 2903 retinui
829 2870 1140 2919 magnoque,
1173 2850 1318 2921 quod
1339 2851 1394 2903 in

374 2929 435 2981 A.
468 2941 522 2981 et
556 2928 784 2999 vulgatis
820 2941 926 2995 est,
960 2928 1083 2999 quia
1124 2930 1396 3000 superiore

374 3024 524 3059 versu
536 3010 650 3079 jam
677 3005 848 3061 adfuit
866 3013 1040 3060 vastis.

447 3086 567 3140 821.
596 3092 702 3137 Huc
731 3104 827 3150 age
851 3090 944 3139 Ιιιισ
979 3087 1044 3138 G.
1073 3103 1131 3137 ιε
1174 3100 1396 3139 converte

369 3170 584 3231 gradum
601 3165 667 3218 Η.
698 3176 750 3217 et
769 3164 838 3217 G.
863 3184 884 3218 1
909 3184 922 3217 :
963 3164 1052 3217 ulii
1077 3169 1287 3233 gradus.

444 3247 568 3297 822.
607 3246 741 3311 Quid
765 3247 936 3295 Tme'ea
963 3248 1174 3295 dextera
1203 3244 1268 3297 G.
1293 3263 1315 3297 1
1343 3256 1396 3297 et

373 3322 436 3374 L.
459 3323 546 3375 cui
575 3322 781 3376 accedit
797 3322 868 3375 H.
886 3324 980 3395 qui
1011 3328 1138 3373 Tma
1169 3328 1392 3377 dea-tera.

371 3399 514 3453 Illud
543 3400 720 3472 itaque
755 3401 958 3473 praetuli
990 3402 1207 3473 vulgato
1237 3398 1396 3471 Tiojae

372 3483 598 3533 dextera.

441 3554 559 3612 823.
599 3564 664 3610 Ee
693 3574 932 3627 quantum
969 3564 1093 3613 bello
1123 3565 1301 3613 valeat
1325 3562 1392 3615 Η.

373 3642 426 3689 in
457 3642 581 3690 bello
625 3642 800 3691 valeat
835 3639 906 3692 G.
949 3659 994 3692 2.
1031 3641 1148 3693 Hoc
1192 3642 1394 3703 malui,

367 3734 527 3788 quam
551 3716 698 3789 quod
720 3718 777 3769 in
805 3720 1006 3772 excusis
1031 3730 1134 3786 est,
1153 3734 1392 3787 quantum

368 3798 418 3846 in
447 3798 571 3848 bello
584 3800 756 3863 possit.

440 3875 473 3927 8
479 3883 559 3939 24.
579 3880 711 3927 Nam
727 3878 842 3929 licet
856 3880 972 3945 ipse.
999 3876 1388 3932 Pulcherrimos

367 3954 467 4007 hos
489 3974 672 4009 versus
696 3954 946 4027 predicat
962 3957 1232 4023 Barthius,
1253 3956 1383 4012 Adv.

366 4034 491 4089 le
511 4070 527 4097 ‚
571 4034 650 4097 15,
675 4054 728 4107 p.
752 4038 902 4089 2808.
937 4038 1005 4089 At
1027 4054 1152 4089 vero
1179 4056 1270 4090 eos
1294 4056 1386 4090 au-

365 4123 480 4169 ctor
508 4132 618 4167 non
657 4134 782 4183 suo,
819 4116 912 4169 sed
953 4115 1134 4171 Ovidii
1171 4117 1386 4189 ingenio

1483 2219 1671 2286 debet,
1701 2239 1861 2292 quem
1891 2238 2039 2292 poene
2072 2220 2139 2274 ad
2172 2222 2393 2275 verbum
2428 2240 2514 2275 ex-

1483 2300 1717 2371 scripsit,
1742 2300 1954 2353 Metam.
1975 2300 2136 2366 VIII,
2174 2300 2309 2367 394:
2346 2326 2370 2347 u
2389 2302 2513 2374 Ipsa

1484 2379 1592 2430 suis
1617 2378 1740 2431 licet
1758 2379 1901 2433 hunc
1920 2380 2143 2433 Latonia
2170 2392 2409 2452 protegat
2426 2400 2513 2433 ar·

1485 2458 1612 2525 mis,
1656 2457 1813 2512 Hunc
1860 2472 2033 2511 tamen
2084 2459 2247 2511 invita
2296 2460 2515 2529 perimet

1485 2556 1599 2591 mea
1629 2536 1810 2590 dextra
1833 2537 2001 2590 Diana
2026 2564 2068 2589 ι.

1556 2618 1679 2671 825.
1732 2620 1889 2671 Invito
1928 2622 2135 2687 perimet
2195 2633 2360 2670 tamen
2406 2622 2511 2671 laeaec

1485 2708 1685 2749 mutato
1714 2699 1999 2751 verborum
2023 2696 2207 2751 ordine
2234 2698 2298 2749 G.
2327 2716 2369 2750 ι.

1558 2776 1679 2846 827.
1704 2782 1765 2827 Ut
1782 2780 1871 2845 qui
1890 2780 2123 2829 mentitur
2139 2778 2201 2828 A.
2230 2788 2284 2829 et
2308 2778 2369 2829 L.

1556 2856 1681 2909 828.
1716 2861 1853 2907 Tunc
1865 2858 2001 2923 prius
2016 2855 2081 2907 G.
2107 2873 2129 2906 1
2145 2895 2157 2907 .

1556 2934 1673 3000 829.
1696 2938 2013 2987 Dardanides
2034 2934 2158 2987 dedi
2180 2952 2210 2987 e
2228 2934 2297 2988 G.
2325 2953 2346 2986 1
2374 2924 2440 2987 et'
2457 2956 2506 2988 2.

1485 3017 1757 3066 Priamides
1775 3014 1933 3066 habet
1952 3015 2013 3073 ᾼ.
2032 3031 2155 3066 oum
2177 3012 2399 3066 excusis.

1559 3092 1679 3145 830.
1706 3098 1947 3144 Eernutua
1964 3098 2115 3144 dona.
2145 3090 2229 3144 Ad
2252 3093 2365 3145 haec
2389 3112 2503 3145 ver-

1484 3172 1553 3224 ba
1592 3172 1863 3238 Barthius,
1891 3171 2111 3225 Advers.
2152 3172 2367 3237 Lv111,
2417 3179 2511 3239 14,

1483 3268 1534 3321 p.
1558 3250 1690 3321 2752
1711 3292 1726 3317 ,
1746 3262 1895 3304 notat
1925 3251 2249 3304 idiotismum
2278 3252 2506 3304 auctoris

1485 3347 1621 3390 esse,
1650 3330 1796 3401 'quod
1821 3330 1985 3384 ictum
2025 3342 2176 3383 vocet
2202 3336 2407 3385 donum.
2440 3332 2508 3383 At

1482 3428 1609 3462 vero
1650 3410 1725 3463 sic
1766 3409 2021 3482 Virgilius
2062 3412 2217 3464 etiam
2254 3410 2507 3482 loquutus

1486 3499 1597 3555 est,
1616 3492 1743 3543 AEn.
1770 3490 1850 3556 X,
1871 3510 1920 3543 v.
1943 3490 2075 3544 881:
2103 3514 2125 3536 ι
2151 3489 2370 3555 Desine,
2394 3490 2506 3561 jam

1487 3568 1642 3621 venio
1672 3568 1957 3623 moriturus
1980 3610 1995 3635 ‚
2020 3580 2074 3621 et
2094 3568 2205 3621 hoec
2230 3568 2326 3620 tibi
2350 3580 2504 3638 porto

1485 3650 1637 3700 Dona
1672 3648 1821 3719 prius
1840 3675 1881 3699 ιι.
1920 3678 1991 3689 --
2030 3649 2115 3701 sic
2158 3646 2399 3701 Catullus
2448 3648 2503 3700 in

1482 3724 1731 3797 epigr-:ad
1751 3725 1971 3779 Calvum
1994 3744 2008 3778 ε
2047 3750 2069 3773 «ι
2092 3729 2168 3779 Ac
2192 3738 2243 3777 te
2266 3724 2349 3777 his
2380 3744 2504 3797 sup-

1477 3804 1651 3876 pliciis
1671 3804 2050 3859 remunerabor
2065 3822 2117 3868 »3
2138 3816 2190 3857 et
2216 3806 2331 3858 Val.
2362 3806 2509 3858 Flac·

1474 3900 1587 3948 cus,
1603 3884 1671 3945 V,
1691 3884 1793 3937 550
1813 3900 1827 3936 :
1858 3912 1882 3930 α
1904 3884 2012 3950 Qui
2032 3884 2277 3955 gemitus,
2295 3884 2505 3955 irasque

1473 3981 1625 4033 pares
1640 4002 1655 4028 ‚
1702 3974 1755 4014 et
1802 3974 1982 4015 mutua
2026 3960 2199 4015 Graiis
2246 3960 2387 4015 dona
2430 3962 2506 4016 fe-

1473 4054 1601 4093 runt
1618 4068 1659 4091 ιι.
1698 4042 1815 4094 Jam
1842 4042 1948 4094 hoe
1972 4041 2179 4095 monuit
2202 4042 2283 4094 Jo.
2314 4042 2503 4095 Schra-

1475 4117 1637 4173 derus
1654 4159 1669 4186 ,
1706 4121 1931 4177 Observ.
1954 4121 1981 4173 1
1997 4160 2014 4186 ‚
2051 4140 2167 4192 cap.
2191 4122 2222 4175 3
2239 4160 2255 4186 ,
2272 4138 2393 4193 pag.
2416 4121 2501 4179 35.

2540 4612 2545 4621 v
