2975 4684
940 353 1450 430 EPITOMES
1508 359 1937 430 HOMERI.
2369 365 2495 448 461

378 503 444 550 et
455 483 706 575 prolem
741 487 1006 567 Avieni,
1060 485 1126 550 id
1163 503 1260 552 est
1279 535 1297 569 ,
1343 487 1551 552 filium
1580 489 1779 554 fuisse
1807 489 1979 554 dieat
2004 489 2215 556 Rufus
2253 491 2479 558 Festus
2496 543 2513 568 ‚

285 641 298 650 .
380 607 524 655 tum
556 591 878 655 Avienum
909 591 1093 654 illum
1126 591 1236 657 hic
1263 591 1535 657 indicari
1568 609 1785 682 putat,
1826 592 2011 675 cujus
2039 597 2477 664 Phaenomena
2498 649 2515 682 ‚
2622 587 2633 598 ’

381 696 638 762 Fabulae
660 746 681 780 ,
709 697 959 785 aliaque
989 695 1185 762 hodie
1219 715 1571 787 supersunt
1596 697 1727 788 (1),
1770 700 1919 766 licet
1946 701 2030 766 ab
2066 723 2147 766 eo
2184 702 2518 770 dissentiat

381 803 582 868 Henr.
609 803 984 892 Cannegiet.
1005 805 1072 868 in
1105 804 1375 870 Dissert.
1391 805 1619 870 Aviani
1648 805 1883 871 fabulis
1916 807 2201 890 subjecta
2222 857 2243 891 ,
2268 831 2405 899 cap.
2440 833 2517 874 2:

383 930 532 974 nam
565 930 756 972 voces
788 908 925 972 illas
957 909 1338 990 conjunctas
1373 908 1611 976 soboles
1630 911 1963 1000 prolesque
1995 912 2171 978 idem
2201 915 2482 980 Avienus
2500 965 2517 996 ,

380 1013 686 1079 distincta
743 1027 956 1078 tamen
1015 1015 1482 1106 significatione
1498 1065 1516 1099 ,
1570 1033 1903 1106 tamquam
1955 1020 2343 1114 peculiarem
2396 1021 2517 1086 sibi
2596 1073 2603 1078 .

382 1120 812 1210 locutionem,
854 1137 1125 1210 usurpat
1160 1123 1227 1185 in
1261 1123 1506 1188 Arateis
1541 1123 1876 1190 Phaenom.
1909 1147 1969 1188 v.
1999 1123 2165 1211 370:

667 1335 680 1349 .
703 1337 714 1349 .
738 1335 750 1348 .
774 1335 800 1380 .,
810 1335 1530 1352 .....................
1542 1300 1715 1373 Ipsius
1742 1310 1917 1352 autem

660 1384 936 1458 Subiectos
965 1386 1122 1459 capiti
1151 1387 1394 1459 geminos
1421 1387 1515 1440 tibi
1538 1405 1755 1440 cernere
1778 1387 1858 1440 fas
1884 1397 1995 1471 est,

661 1473 972 1544 Spartanam
999 1476 1244 1548 geminos
1269 1475 1508 1532 sobolem
1526 1513 1543 1542 ,
1566 1477 1879 1549 prolemque
1895 1477 2167 1530 Tonantis.

381 1632 584 1722 Quod
629 1639 684 1702 si
717 1661 872 1703 vero
906 1661 1078 1705 unus
1111 1642 1400 1707 Avienus
1439 1641 1680 1706 diserte
1716 1639 1955 1706 dicitur
1984 1640 2187 1705 multa
2218 1643 2519 1733 variaque

378 1748 670 1810 carmina
687 1749 1017 1836 scripsisse
1033 1796 1052 1830 ,
1090 1749 1515 1838 probabiliter
1539 1772 1672 1813 non
1698 1771 2047 1838 possumus
2070 1749 2351 1833 diversa,
2376 1775 2521 1841 quae

381 1851 579 1917 hodie
611 1853 735 1918 sub
760 1855 988 1918 Avieni
1018 1855 1286 1920 nomine
1305 1871 1595 1936 exstant,
1630 1855 1917 1919 carmina
1942 1854 2209 1920 diversis
2229 1859 2487 1922 Avienis
2502 1908 2518 1939 ,

380 1975 494 2025 aut
543 1959 682 2023 aliis
732 1959 940 2024 simile
989 1983 1230 2046 nomen
1283 1961 1708 2044 habentibus,
1756 1961 2079 2046 tribuere,
2115 1964 2263 2028 licet
2296 1963 2516 2052 plures

381 2065 667 2130 Avienos
695 2067 1059 2154 antiquitus
1091 2068 1436 2132 memorari
1459 2090 1591 2132 non
1621 2089 1877 2157 negem.
1910 2069 2099 2132 Certe
2127 2072 2513 2134 Arateorum

381 2171 663 2260 scriptor
695 2170 976 2236 Avienus
1019 2171 1194 2237 idem
1228 2172 1312 2237 de
1347 2195 1416 2237 se
1433 2221 1454 2254 ‚
1489 2172 1680 2260 quod
1713 2174 1923 2238 Rufus
1956 2173 2185 2239 Festus
2224 2177 2290 2238 in
2324 2177 2515 2240 allato

383 2267 853 2362 monumentO,
911 2277 1252 2366 praedicat,
1309 2277 1799 2343 multitudinem
1850 2279 2093 2358 jactans
2150 2281 2513 2346 carminum

383 2404 690 2460 suorum,
727 2404 892 2448 vers.
925 2407 1002 2470 71
1037 2406 1052 2448 ε

627 2539 678 2592 0
697 2538 834 2592 mihi
857 2549 981 2594 uota
1007 2539 1154 2614 adyti
1173 2541 1284 2613 jam
1311 2541 1532 2594 numina
1556 2542 1851 2608 Parnassei,

631 2627 709 2695 0,
733 2647 834 2700 per
859 2627 1024 2682 multa
1048 2647 1270 2702 operum
1299 2645 1419 2684 mea
1445 2647 1654 2702 semper
1678 2647 1836 2698 cura,
1855 2625 2098 2684 Camenae
2116 2631 2210 2699 (a).

381 2787 518 2858 Jam
553 2793 1038 2864 consideremus
1075 2797 1248 2864 varia
1278 2813 1343 2863 et
1375 2819 1725 2863 numerosa
1756 2798 1987 2863 Avieni
2014 2800 2299 2863 carmina
2319 2847 2337 2880 ‚
2374 2822 2517 2887 quae

454 3069 532 3136 (t)
565 3067 722 3121 Certe
745 3068 1060 3123 Arateorum
1085 3067 1427 3122 Pii-nomen.
1455 3079 1723 3122 auctorem
1756 3065 2003 3120 eumdem
2028 3083 2141 3120 esse
2165 3083 2287 3120 cum
2308 3085 2403 3131 eo,
2430 3070 2517 3120 cui

384 3165 784 3210 mouumentum
813 3175 976 3230 supra
1002 3155 1326 3228 descriptum
1351 3155 1587 3229 positum
1610 3168 1723 3219 est,
1756 3153 1901 3208 haud
1933 3171 2069 3208 vana
2108 3157 2413 3227 conjectura
2454 3175 2517 3210 ex

384 3246 502 3317 ipso
527 3256 876 3298 monumento
902 3257 1076 3319 potest
1099 3243 1294 3316 colligi.
1330 3242 1619 3318 Subjicitur
1638 3243 1685 3296 ei
1704 3252 2051 3296 monumento
2076 3240 2187 3295 hoc
2209 3242 2523 3298 acclamatio

383 3330 480 3384 filii
501 3329 738 3385 Placidi.
773 3332 967 3386 -Ibia‘
953 3352 1008 3385 m
1029 3343 1234 3406 optatas
1255 3331 1440 3400 sedes,
1469 3348 1597 3385 nam
1616 3329 1821 3402 Jupiter
1844 3329 2065 3383 ethi-am
2086 3329 2310 3397 pandit,
2333 3332 2512 3392 Peste,

382 3419 508 3486 tibi,
537 3417 796 3494 candidus
819 3433 878 3473 ut
901 3419 1122 3476 venias·
1132 3421 1256 3475 ‚Iis
1287 3438 1412 3474 vero
1441 3418 1614 3472 verbis
1638 3416 1779 3472 filius
1804 3416 2047 3471 Placidus
2078 3419 2204 3472 satis
2236 3433 2419 3492 aperte
2450 3421 2517 3474 ad

379 3505 586 3560 initium
617 3507 934 3562 Asateorum
971 3461 1210 3562 adludit:
1261 3505 1563 3562 ·Carmiuis
1589 3506 1831 3578 inceptor
1856 3503 1987 3558 mihi
2012 3505 2251 3576 Jupiter.
2297 3508 2516 3580 auspice

380 3605 545 3648 terras
572 3595 784 3668 Linquo
808 3596 971 3661 Jove,
995 3595 1256 3651 excelsam
1277 3608 1474 3652 reserat
1493 3593 1603 3648 dux
1630 3593 1837 3666 Jupiter
1857 3593 2077 3648 ethi-am
2100 3618 2145 3648 ι.
2182 3593 2357 3648 Debeo
2380 3595 2517 3648 hauc

379 3685 738 3748 conjecturam
757 3685 841 3739 Jo.
862 3684 982 3739 Nic.
1003 3683 1235 3738 Funccio
1249 3722 1266 3749 ,
1301 3684 1599 3738 Commeat.
1617 3680 1687 3735 de
1709 3693 1887 3755 vegeta
1913 3681 2065 3753 Liug.
2089 3681 2202 3734 Lat.
2222 3693 2486 3736 senectute
2501 3721 2519 3746 ,

378 3787 493 3842 cap.
513 3769 544 3824 3
564 3807 581 3833 ,
603 3773 636 3839 S
660 3773 754 3838 53,
785 3791 843 3845 p.
869 3793 986 3827 aar.

448 3859 530 3929 (a)
565 3857 726 3932 Hugo
749 3861 967 3915 Grotius
989 3860 1056 3916 ad
1079 3861 1224 3916 hunc
1245 3879 1380 3916 vers.
1411 3886 1438 3908 ιι
1466 3860 1635 3914 Multa
1653 3877 1872 3932 operum
1907 3885 1931 3904 n
1953 3898 1968 3924 ,
1991 3856 2049 3910 h.
2070 3875 2116 3910 e.
2136 3858 2299 3910 multa
2322 3875 2479 3928 opera
2501 3895 2518 3922 ,

377 3953 502 4005 πολὺ
530 3961 626 4008 τῶν
655 3956 806 4028 (nov
822 3995 839 4021 ‚
863 3966 922 4009 ut
947 3973 1102 4027 supra
1126 3956 1555 4025 nmfluicanda
1573 3970 1672 4025 pro
1693 3953 2037 4022 resflue'tantes
2052 3971 2072 4010 ,·
2088 3960 2139 4002 et
2158 3948 2284 4002 alibi
2306 3949 2516 4012 centies,

377 4031 588 4088 Iudicat
621 4055 752 4091 vero
785 4038 1014 4092 Avienus
1050 4056 1162 4094 sese
1192 4049 1313 4092 ante
1336 4039 1585 4091 Arateam
1613 4035 1965 4110 paraphrasin
1990 4033 2093 4088 alia
2127 4045 2373 4105 poemata
2401 4033 2517 4088 edi·

380 4121 549 4180 diue:
586 4139 716 4200 puta
736 4165 755 4194 ,
773 4133 1059 4204 περιήγησιν
1078 4129 1315 4202 Dionysii
1329 4167 1346 4196 ,
1362 4129 1529 4184 Oram
1551 4127 1873 4184 maritimam
1886 4164 1905 4193 ,
1917 4126 2163 4183 Fabula.
