2975 4684
449 361 492 444 4
509 354 592 426 16
920 411 926 418 .
1261 353 1535 422 PRAEF
1534 354 1653 422 AT
1664 355 1774 424 10

444 509 660 577 poem.
689 502 816 552 vet.
845 483 1282 575 praeponitur,
1315 505 1577 548 carmen
1609 483 1881 548 Licentii
1914 481 2007 548 sic
2030 479 2419 550 describitur
2439 509 2458 552 t
2475 487 2589 551 Li-

439 594 645 660 centii
672 591 770 657 ad
799 592 1238 680 Augustinum
1267 592 1334 654 in
1371 589 1561 654 libros
1585 591 1683 655 M.
1714 589 1789 654 V
1777 592 2028 655 arronis
2052 590 2135 654 de
2154 589 2407 657 Musica
2440 615 2588 657 car·-

433 723 613 765 men,
647 700 726 763 In
761 719 896 786 quo
927 696 1164 786 triplex
1185 717 1370 769 error
1393 696 1865 762 committitur:
1890 717 2042 762 nam
2066 696 2234 761 liber
2245 697 2589 782 Varronis,

453 805 640 886 cujus
693 804 786 870 ibi
831 800 1221 900 mentio-fit,
1265 825 1400 866 non
1447 801 1653 867 Marci
1674 802 2014 884 Varronis,
2045 802 2161 867 sed
2189 803 2407 868 Publii
2423 804 2586 868 Var-

435 913 634 978 -ronis
661 911 914 976 Atacini
947 926 1078 992 est3
1115 931 1329 997 neque
1346 909 1657 974 Varronis
1689 909 1853 974 liber
1878 907 1961 974 de
1981 909 2231 974 Musica
2245 959 2265 992 ,
2295 909 2413 974 sed
2430 911 2590 974 Var-

453 1018 632 1084 ronis
661 1019 793 1082 Iter
823 1016 956 1081 sive
995 1015 1521 1105 Chorographia3
1556 1014 1841 1103 denique
1873 1015 2199 1105 expetitur
2219 1039 2258 1080 a
2292 1017 2589 1098 Licentia

453 1125 619 1190 liber
665 1122 750 1189 de
799 1122 1087 1204 Musica,
1127 1143 1262 1186 non
1281 1120 1621 1204 Varronis,
1672 1120 1788 1186 sed
1832 1121 2219 1212 Augustini,
2256 1145 2471 1211 neque
2506 1121 2591 1187 de

459 1253 540 1296 eo
573 1230 742 1294 libro
771 1228 860 1294 ita
888 1227 1106 1317 agitur
1137 1228 1207 1291 in
1244 1227 1533 1292 carmine
1546 1275 1565 1310 ,
1602 1243 1680 1291 ut
1710 1226 1840 1292 dici
1871 1227 2105 1316 possit,
2138 1249 2399 1292 carmen
2426 1226 2592 1292 illud

435 1337 525 1401 -in
557 1335 760 1400 libros
793 1331 876 1398 de
921 1332 1175 1398 Musica
1215 1332 1530 1422 scriptum
1563 1354 1723 1397 esse.
1757 1329 2088 1397 Fabricius
2138 1333 2207 1396 in
2251 1332 2415 1399 Bibl.
2448 1335 2588 1398 Lat.

450 1442 566 1507 lib.
617 1442 728 1524 IV,
761 1459 902 1528 cap.
953 1461 980 1503 1
1001 1485 1022 1520 ,
1075 1444 1112 1520 s
1144 1460 1220 1526 7,
1251 1437 1372 1502 ubi
1403 1437 1771 1502 Licentium
1806 1437 2003 1520 dicit,
2040 1439 2478 1524 Augustinum
2500 1439 2601 1504 ad

449 1548 725 1612 edendos
757 1545 838 1610 de
869 1545 1123 1611 Musica
1163 1543 1359 1608 libros
1391 1544 1671 1626 hortari,
1714 1543 1911 1609 finem
1950 1545 2164 1609 solum
2203 1544 2341 1626 ejus
2372 1546 2597 1609 carmi·

451 1657 590 1738 nis,
625 1677 762 1719 non
795 1675 1118 1718 summam
1136 1701 1155 1734 ‚
1189 1650 1452 1716 indicat.
1484 1651 1623 1717 Nec
1654 1651 1981 1716 Licentius
2014 1673 2125 1717 eos
2156 1652 2361 1718 libros
2391 1651 2597 1716 eden-

449 1759 608 1843 dos,
647 1758 763 1826 sed
790 1747 1012 1824 sec‘um
1047 1755 1661 1841 communioendoS,
1686 1736 1874 1845 petit.
1908 1757 2143 1822 Editor
2172 1756 2595 1822 collectionis

447 1865 852 1933 Pisaurensis
905 1864 1206 1929 omnium
1253 1879 1633 1952 poematum
1688 1864 1893 1929 Latin.
1942 1865 2057 1952 qui
2120 1879 2218 1929 est
2270 1863 2596 1929 Paschalis

457 1976 763 2052 Amatus,
797 1968 1132 2057 quondam
1155 1968 1545 2057 eloquentia
1572 1967 1908 2032 Professor
1925 1969 1995 2032 in
2020 1969 2359 2058 gymnasio
2384 1969 2601 2034 Pisau-

457 2077 630 2144 rensi
647 2125 668 2159 ,
705 2075 978 2140 carmini
1001 2073 1276 2138 Licentii
1299 2074 1430 2138 hoc
1453 2089 1913 2163 argumentum
1936 2075 2291 2164 praeponit:
2315 2103 2339 2129 α
2353 2071 2459 2139 Ad
2476 2075 2603 2138 Au·

461 2184 794 2275 gustinum
813 2227 832 2262 ,
852 2179 1180 2246 declarans
1203 2178 1723 2244 benevolentiam
1742 2201 1896 2271 erga
1919 2195 2384 2269 praeceptorem
2400 2180 2601 2245 nullis
2626 2207 2644 2225 ·

331 2331 336 2334 -
459 2291 718 2357 casibus
743 2289 1302 2353 intermorituram
1320 2317 1370 2352 n.
1401 2286 1503 2352 Ita
1526 2309 1685 2352 vero
1714 2287 1935 2352 medio
1962 2311 1999 2350 e
2026 2289 2312 2353 carmine
2335 2309 2599 2352 versum

469 2419 592 2463 102
613 2411 875 2483 captans
891 2443 910 2476 ,
928 2393 1036 2457 vix
1073 2403 1340 2457 tenuem
1373 2393 1511 2474 ejus
1542 2394 1923 2482 particulam
1956 2395 2429 2483 complectitur.
2459 2395 2601 2461 Nos

461 2525 658 2592 supra
687 2515 1146 2590 argumentum
1177 2499 1479 2564 carminis
1500 2516 1898 2588 exponentes
1914 2547 1933 2582 ,
1960 2501 2299 2589 multiplex
2313 2501 2444 2567 hoc
2462 2523 2603 2566 esse

466 2626 534 2674 et
569 2606 760 2672 variis
795 2603 1170 2670 redundans
1203 2605 1503 2670 sensibus
1519 2654 1538 2687 ,
1576 2621 1642 2670 et
1673 2605 1963 2693 quodam
1995 2607 2179 2694 quasi
2206 2623 2368 2671 aestu
2399 2607 2603 2672 animi

463 2714 750 2779 effusum
801 2733 940 2776 esse
973 2709 1403 2775 ostendimus.
1438 2711 1758 2776 Primario
1789 2727 2003 2776 tamen
2034 2711 2161 2776 hoc
2186 2711 2603 2801 propositum

449 2819 738 2887 ,Licentii
781 2841 920 2882 esse
959 2815 1254 2899 videtur,
1318 2833 1396 2882 ut
1443 2817 1701 2883 laudata
1743 2819 2099 2908 Augustini
2144 2817 2485 2908 disciplina
2538 2835 2610 2884 et

464 2927 666 3014 veteri
689 2924 1126 2990 contubernio
1142 2971 1161 3006 ,
1193 2921 1522 3008 adfirmet,
1542 2947 1780 3012 cupere
1804 2947 1875 2990 se
1894 2924 1977 2989 ab
1994 2947 2074 2989 eo
2095 2922 2179 2989 de
2200 2925 2604 3015 gravioribus

459 3033 774 3100 doctrinis
802 3030 1144 3095 certiorem
1176 3027 1399 3113 reddi,
1429 3030 1973 3119 institutioneque
2002 3031 2289 3096 absentis
2315 3053 2437 3119 per
2456 3031 2605 3096 lite-

467 3161 568 3204 ras
621 3138 772 3201 frui.
827 3137 954 3200 Cui
999 3151 1386 3226 argumento
1439 3134 1763 3225 persimile
1802 3151 1901 3200 est
1948 3134 2127 3200 aliud
2142 3185 2161 3220 ,
2208 3135 2325 3201 sed
2369 3137 2602 3219 breve,

465 3265 728 3309 carmen
763 3241 1042 3308 Audacia
1085 3241 1459 3322 cujusdam,
1495 3265 1629 3330 quo
1660 3265 1730 3306 se
1760 3242 1921 3331 petit
1945 3242 2028 3307 ab
2056 3243 2430 3332 Augustino
2459 3245 2609 3312 lon-

467 3349 757 3442 gioribus
807 3349 1093 3436 epistolis
1133 3348 1389 3413 institui
1406 3399 1422 3425 ‚
1475 3347 1785 3437 quodque
1812 3350 2095 3439 epistolae
2126 3373 2320 3439 prosa
2352 3353 2609 3441 scriptas

465 3455 894 3536 subjunctum
927 3455 1101 3519 inter
1119 3455 1470 3545 Augustini
1508 3455 1691 3544 epist.
1714 3503 1732 3537 ,
1773 3455 2045 3545 vulgatae
2076 3455 2178 3520 ed.
2205 3480 2307 3547 ep.
2334 3479 2603 3542 cxxxrx,

467 3579 536 3628 et
572 3583 788 3642 novoe,
835 3582 990 3624 ccnx
1011 3609 1029 3642 ,
1075 3561 1335 3650 legitur.
1393 3559 1471 3625 Id
1524 3583 1784 3626 carmen
1830 3563 2143 3649 quoniam
2189 3565 2604 3629 Burmannus

464 3671 534 3733 in
571 3665 1036 3754 Anthologiam
1086 3666 1379 3730 Latinam
1425 3665 1665 3730 referre
1710 3666 2094 3749 intermisit,
2136 3685 2203 3732 et
2254 3670 2415 3733 mihi
2468 3693 2605 3735 non

469 3774 818 3839 molestum
870 3788 968 3836 est
1011 3773 1182 3835 inter
1216 3773 1468 3861 plures,
1503 3795 1671 3860 quos
1704 3771 1835 3837 hoc
1870 3796 2069 3862 opere
2106 3797 2253 3838 meo
2282 3773 2563 3864 produxi
2586 3827 2605 3860 ,

466 3893 690 3968 poetas
709 3925 726 3960 ,
761 3878 1124 3944 carminum
1147 3878 1478 3942 minorum
1497 3877 1771 3942 artifices
1789 3927 1810 3961 ,
1838 3901 2079 3944 nomen
2108 3880 2385 3946 Audacis
2409 3871 2607 3962 hujus

469 3986 679 4051 audiri
699 4033 718 4067 ,
750 3986 994 4073 placuit
1024 3986 1217 4069 illud,
1255 3987 1405 4052 licet
1431 3988 1733 4069 jejunum
1780 4004 1847 4052 et
1878 3988 2078 4070 rudo,
2110 3989 2237 4054 hoc
2270 3990 2417 4054 loco
2448 4013 2607 4078 pro-

469 4109 718 4177 ponere
748 4111 763 4151 ε
