2975 4684
406 408 436 425 κ
660 372 1100 441 PINDARI
1166 373 1611 443 THEBANI
1675 332 2245 442 mscmp‘ro.
2359 354 2497 466 47⁶¹

370 494 492 567 tari
509 552 528 584 ,
565 525 729 591 quos
761 501 1004 565 sciebat
1031 500 1210 565 libris
1238 504 1372 567 suis
1400 504 1542 567 noti
1568 502 1838 581 alicujus
1852 502 2116 581 Trojani
2142 504 2243 566 vel
2264 504 2501 584 Graeci,

374 611 488 699 qui
513 610 638 697 ipsi
663 608 832 671 bello
859 607 1245 671 interfuerat
1262 654 1280 689 ,
1315 600 1560 673 n‘omen
1586 626 1915 696 tamquam
1943 610 2255 687 auctoris,
2290 610 2510 673 inscri-

371 716 594 803 psisse.
619 712 776 778 Noti
815 728 972 776 sunt
1003 713 1150 776 libri
1182 712 1266 777 de
1303 714 1474 777 bello
1508 730 1573 777 et
1598 714 1850 778 excidio
1868 714 2079 793 Trojoe
2100 714 2225 779 sub
2239 716 2507 803 Dictyos

373 822 700 883 Cretensis
744 835 809 883 et
835 820 1086 883 Daretis
1131 820 1395 909 Phrygii
1440 822 1705 885 nomine
1746 822 1987 909 scripti.
2018 822 2115 886 Et'
2132 822 2235 885 alii
2268 822 2505 885 similes

373 926 753 1013 scriptores,
782 924 1050 987 nomine
1082 924 1346 1003 Trojani
1381 925 1653 1006 alicujus
1683 926 1897 989 herois
1921 925 2169 1013 praediti
2190 974 2206 1006 ,
2238 926 2393 989 olim
2424 925 2505 989 de

375 1030 550 1094 bello
580 1031 864 1111 Trojano
899 1030 1104 1118 egisse
1145 1048 1615 1113 memorantur,
1644 1048 1720 1095 ut
1752 1032 1989 1095 Nestor
2020 1048 2210 1119 poeta
2246 1032 2369 1095 sub
2406 1033 2509 1094 Se-

372 1160 532 1200 vero
547 1183 565 1218 ,
583 1159 781 1226 quem
805 1135 1002 1200 Iliada
1035 1136 1364 1224 scripsisse
1389 1154 1661 1202 testatur
1683 1138 1934 1219 SuidaS,
1957 1155 2021 1201 et
2037 1138 2507 1217 Thessandrus,

373 1242 550 1307 ide'm
575 1259 1036 1333 argumentum
1065 1245 1395 1331 amplexus
1413 1292 1430 1324 ‚
1452 1245 1566 1331 qui
1595 1246 1826 1308 citatur
1842 1268 1879 1307 a
1899 1245 2121 1309 Servio
2143 1244 2225 1309 ad
2242 1242 2368 1307 AEn
2382 1294 2395 1307 .
2419 1246 2507 1325 11,

377 1372 452 1411 21
471 1372 524 1411 1.
571 1348 1018 1413 Thessandrus
1067 1364 1286 1413 autem
1347 1352 1519 1413 inter
1562 1351 1824 1415 Graecos
1876 1374 1955 1413 ex
2005 1373 2177 1437 equo
2225 1351 2507 1429 Trojano

371 1455 837 1521 descendentes
859 1473 1261 1520 memoratur
1284 1480 1322 1520 a
1339 1458 1519 1546 Virg.
1546 1458 1700 1523 AEn.
1727 1459 1790 1522 II
1814 1512 1829 1537 ‚
1866 1459 1985 1522 261
2025 1458 2141 1547 (1).
2175 1460 2257 1521 Et
2287 1456 2506 1521 medio

369 1562 670 1650 inprimis
715 1586 850 1627 aevo
897 1562 1008 1626 hic
1041 1586 1200 1627 usus
1244 1563 1402 1644 fuit,
1439 1580 1517 1627 ut
1560 1564 1955 1628 carminibus
1990 1564 2233 1627 bellum
2280 1563 2507 1643 Troja-

371 1692 534 1732 num
573 1668 1048 1756 exponentibus
1080 1667 1267 1733 ducis
1299 1670 1565 1750 Trojani
1609 1691 1853 1734 nomen
1889 1668 2343 1760 praefigeretur.
2396 1672 2506 1734 Jo-

287 1784 300 1793 ‘
371 1774 558 1862 sephi
583 1774 791 1838 Iscani
823 1772 904 1837 de
933 1796 1012 1838 eo
1033 1792 1428 1863 argumento
1461 1775 1665 1839 libros
1700 1776 1918 1839 Dareti
1944 1774 2228 1863 Phrygio
2275 1776 2504 1839 inscri-

370 1881 558 1961 bere,
605 1901 954 1968 suppresso
987 1881 1268 1943 auctoris
1315 1882 1618 1961 nomine,
1665 1881 2052 1961 voluerunt,
2087 1896 2153 1945 et
2204 1881 2505 1946 Albertus

369 1986 698 2051 stadensis
751 1986 1034 2049 lustoriae
1071 1985 1224 2049 belli
1253 1986 1517 2064 Trojani
1567 1987 1835 2050 nomine
1886 1987 2167 2075 elegiaco
2219 1987 2469 2076 scriptae
2489 2038 2505 2069 ,

371 2110 568 2176 quam
597 2087 815 2174 adhuc-
845 2086 1157 2151 ineditam
1189 2110 1226 2150 e
1262 2087 1486 2151 codiee
1525 2088 1745 2175 Mspto
1788 2088 2197 2152 bibliothecae
2244 2090 2503 2153 Ducalis

371 2195 704 2260 Guelferb.
729 2195 874 2259 orbi
893 2194 1147 2259 erudito
1167 2210 1389 2259 notam
1411 2194 1563 2258 fecit
1584 2196 1617 2258 J
1622 2218 1716 2259 ae.
1742 2194 1915 2259 Frid.
1938 2195 2504 2285 Heusingerus(1),

371 2302 636 2367 titulum
669 2304 874 2367 Troili
905 2302 1089 2382 fecit,
1128 2302 1242 2389 qui
1275 2323 1446 2364 unus
1481 2300 1729 2365 ducum
1754 2300 2187 2381 Trojanorum
2212 2303 2355 2367 fuit.
2388 2304 2505 2367 His

372 2408 680 2497 exemplis
711 2407 1008 2473 adductis
1045 2406 1404 2471 admodum
1436 2408 1781 2471 verisimile
1828 2425 1957 2489 est,
1996 2409 2349 2473 obscurum
2389 2410 2505 2474 ali-

373 2536 568 2600 quem
593 2514 926 2578 hominem
943 2514 1260 2600 sequioris
1284 2514 1400 2577 aevi
1416 2562 1436 2595 ,
1469 2514 1585 2600 qui
1612 2514 1961 2601 Epitomen
1981 2513 2195 2579 Iliadis
2214 2516 2507 2579 Latinam

373 2618 554 2681 nullo
574 2622 854 2683 auctoris
880 2619 1180 2699 nomine,
1215 2634 1335 2683 nec
1361 2634 1538 2681 certo
1562 2620 1754 2681 titulo
1770 2669 1788 2700 ,
1827 2620 2196 2709 insignitam
2220 2620 2509 2701 haberet,

371 2724 670 2789 Pandari
704 2726 784 2789 de
823 2725 985 2789 bello
1024 2726 1304 2814 Trojano
1337 2726 1603 2788 titulum
1620 2772 1637 2803 ,
1674 2748 1751 2787 ex
1796 2727 1939 2812 ipso
1986 2728 2273 2791 carmine
2324 2750 2495 2791 sum-

367 2850 594 2921 ptum,
632 2830 1074 2921 adscripsisse,
1112 2832 1286 2919 quod
1323 2855 1565 2897 nomen
1600 2848 1849 2896 mature
1880 2856 2031 2897 cum
2068 2834 2321 2897 notiore
2353 2836 2507 2899 Pin-

369 2938 508 3002 dari
525 2961 560 3001 a
576 2938 846 3001 librariis
862 2954 1336 3001 commutatum
1357 2953 1477 3001 est.
1500 2938 1643 3001 Hoc
1654 2937 1871 3024 ipsum
1891 2960 1925 2999 a
1951 2938 2213 3003 librario
2235 2940 2501 3023 factum,

372 3045 488 3131 qui
523 3042 740 3109 Iliadis
779 3044 1018 3107 Latinae
1073 3041 1366 3111 codicem
1411 3042 1992 3136 Guelferbytanum
2043 3066 2169 3109 sec.
2210 3046 2463 3135 scripsit
2488 3097 2505 3131 ,

441 3320 518 3389 (ι)
537 3322 752 3391 Dictyos
769 3319 1054 3384 Cretensis,
1073 3319 1165 3391 qui
1184 3329 1366 3373 contra
1379 3317 1639 3390 Trojanos
1659 3317 1925 3381 militavit,
1944 3320 2160 3371 nomine
2175 3318 2301 3373 olim
2312 3326 2507 3395 Τρωϊκὰ

369 3408 562 3479 scripta
585 3400 838 3461 exstitisse
857 3449 873 3473 ‚
904 3407 1075 3460 versio
1101 3408 1214 3480 ejus
1242 3406 1367 3460 libri
1401 3406 1569 3459 latina
1601 3406 1887 3483 etiamnum
1915 3420 2122 3460 exstans
2152 3420 2388 3462 testatur.
2428 3412 2504 3463 lta

369 3512 422 3551 et
445 3499 608 3551 alium
641 3500 948 3572 scriptorem
973 3498 1243 3553 Idomenei
1269 3500 1482 3552 nomine
1510 3498 1771 3570 insignem
1791 3500 1987 3572 Τρωῖκὰ
2016 3500 2319 3573 reliquisse,
2347 3502 2504 3556 scho-

367 3588 546 3641 liastes
567 3588 836 3659 Apollonii
864 3587 932 3641 ad
962 3589 1055 3641 lib.
1077 3590 1104 3641 1
1123 3594 1323 3660 Argon.
1348 3588 1440 3659 qui
1463 3572 1647 3641 eoi-um
1669 3588 1863 3640 librum
1888 3589 2124 3661 primum
2144 3590 2268 3641 citat
2283 3628 2298 3651 ‚
2324 3602 2507 3643 auctor

369 3688 476 3741 est,
511 3688 564 3729 et
587 3678 796 3735 Jonsius
813 3674 898 3729 'de
922 3678 1113 3749 Script.
1145 3678 1278 3731 Hist.
1305 3676 1507 3731 Philos.
1529 3676 1623 3730 lib.
1654 3678 1709 3729 11
1727 3715 1743 3740 ‚
1772 3696 1887 3749 cap.
1916 3696 1966 3741 ι,
2006 3678 2039 3744 S
2064 3683 2127 3740 4,
2151 3696 2203 3748 p.
2228 3686 2348 3743 141,
2377 3698 2505 3737 con-

365 3764 484 3837 jicit
503 3806 518 3831 ‚
543 3765 690 3819 illum
724 3764 1074 3819 Idomeneum
1099 3786 1212 3819 esse
1229 3804 1248 3829 ‚
1286 3786 1446 3837 quem
1468 3766 1683 3839 Epicuri
1712 3766 2007 3821 auditorem
2022 3806 2039 3833 ,
2076 3767 2241 3837 patria
2266 3769 2511 3839 Lampsa-

366 3872 556 3906 cenum
579 3892 594 3917 ,
622 3854 1094 3919 Athenaeus‚VII‚
1137 3854 1189 3919 5,
1235 3866 1474 3918 testetur,
1514 3867 1564 3908 et
1604 3854 1672 3908 de
1714 3854 2008 3907 illustribus
2042 3854 2170 3910 viris
2208 3855 2507 3928 scripsisse,

364 3940 556 3994 Strabo
586 3942 724 3995 libro
739 3942 874 3994 XIII
905 3955 1177 3995 memoret.
1201 3942 1298 3995 En.

437 4033 514 4097 (2)
551 4028 632 4083 Ad
671 4030 959 4101 fragmenta
997 4030 1230 4084 Cornelii
1265 4032 1398 4103 Nep.
1447 4030 1523 4083 1⁴⁸1.
1568 4030 1753 4083 Mallio
1782 4028 2069 4083 Theodoro
2105 4030 2171 4085 de
2206 4026 2385 4091 Metris
2420 4033 2511 4091 ad'-

363 4120 576 4191 juncta,
607 4136 662 4191 p.
687 4136 706 4171 1
723 4118 782 4171 13
805 4137 954 4195 seqq.
