2975 4684
553 412 696 485 530

1411 416 1823 489 INCERTI

648 534 1024 608 Arcesilaus
1059 550 1250 607 atrox
1271 589 1290 623 ‚
1335 538 1929 634 Prothoenorque‚
1966 538 2383 639 Cloniusque

647 652 909 719 Boeotas
949 648 1168 719 decies
1207 650 1452 743 quinas
1490 649 1744 719 duxere
1780 652 2080 740 carinas,

645 762 732 831 Et
775 759 1067 829 tumidos
1105 758 1324 828 valido
1363 758 1722 854 pulsarunt
1766 764 2015 859 remige
2052 764 2313 835 fluctus.

741 870 908 942 Inde
935 870 1293 967 Mycenaeis
1331 876 1795 965 Agamemnon
1836 872 2082 945 finibus
2117 891 2333 963 ortus,
2626 910 2703 949 ¹7⁰

649 982 868 1071 Quem
921 982 1045 1051 sibi
1091 979 1338 1077 delegit
1373 980 1685 1053 bellatrix
1722 986 1983 1055 Graecia
2017 1011 2279 1083 regem,
2320 977 2326 983 ⁵

643 1094 936 1163 Centum
979 1093 1116 1186 egit
1159 1092 1390 1186 plenas
1435 1108 1697 1163 armato
1726 1094 1937 1165 milite
1978 1120 2281 1191 puppes:

643 1206 729 1273 Et
761 1204 866 1273 bis
903 1203 1174 1273 tricenis
1202 1202 1497 1272 Menelai
1538 1204 1821 1273 navibus
1857 1205 2061 1276 ardor

639 1314 1046 1407 Insequitur,
1085 1313 1501 1407 totidemque
1544 1312 1733 1384 ferox
1771 1317 2187 1411 Agapenoris
2228 1318 2348 1386 ira.

639 1426 832 1515 Quos
861 1426 1052 1520 juxta
1093 1424 1268 1493 fidus
1309 1422 1535 1493 solerti
1574 1440 1847 1519 pectore
1878 1428 2147 1512 Nestor,
2618 1441 2698 1494 17⁵

638 1536 1076 1631 Consilioque
1113 1549 1386 1631 potens,
1427 1536 1693 1629 gemina
1738 1562 1895 1607 cum
1932 1535 2119 1630 prole
2162 1561 2435 1607 suorum

639 1650 701 1718 It
748 1663 850 1717 ter
897 1647 1168 1717 tricenis
1205 1646 1511 1715 munitus
1554 1645 1623 1713 in
1660 1670 1851 1716 arma
1892 1648 2157 1717 c'arinis.

727 1762 824 1829 -At
858 1757 1182 1827 Schedius
1223 1756 1470 1825 virtute
1507 1770 1745 1849 potens
1778 1772 1846 1825 et
1879 1756 2329 1852 Epistrophus
2366 1758 2641 1857 ingens,

639 1868 872 1941 Gloria
909 1866 1454 1963 Myrmidonum,
1494 1867 1648 1935 saevi
1694 1866 1829 1937 duo
1867 1868 2109 1937 robora
2148 1866 2337 1955 belli,

635 1982 873 2076 Longa
909 1993 1148 2073 quater
1181 1977 1372 2046 denis
1409 1974 1766 2071 pulsarunt
1800 2002 2067 2073 aequora
2110 1980 2351 2073 proris.
2618 2008 2699 2045 ιε,

639 2094 730 2161 At
771 2090 876 2159 bis
917 2090 1182 2159 vicenas
1225 2086 1599 2185 Polypoetes
1640 2103 1843 2182 atque
1878 2092 2215 2160 Leonteus

616 2346 734 2411 167.
776 2342 1064 2393 Arcesilaus
1111 2353 1290 2399 att-ox,
1337 2349 1436 2391 eto.
1484 2336 1573 2391 sic

539 2419 820 2476 scribenda
863 2419 1087 2473 nomina
1129 2417 1423 2471 secundum
1467 2417 1575 2469 Ho-

537 2516 744 2554 merum
758 2538 773 2563 ,
803 2511 961 2572 atque
991 2517 1022 2551 e
1045 2498 1274 2567 vestigiis
1303 2508 1573 2569 corrupto

536 2580 782 2637 codicum
807 2580 1094 2650 scripturo.
1117 2577 1342 2648 vulgata
1369 2577 1572 2630 habent

537 2664 824 2719 Arcesilaus
847 2676 994 2711 atrox
1011 2698 1026 2719 ,
1059 2660 1252 2711 Clonuu
1273 2661 1406 2719 dux,
1421 2672 1573 2725 aeque

537 2750 786 2797 Procenor.
799 2736 974 2792 Guelf.
996 2756 1017 2790 1
1036 2756 1049 2789 :
1071 2740 1388 2789 Archesilaus
1401 2750 1569 2797 aer-ox,

536 2830 865 2887 memorque
877 2823 1072 2871 Clanius
1093 2832 1277 2885 atque‚·
1299 2828 1350 2869 et
1363 2818 1418 2870 in
1439 2834 1573 2871 mar-

537 2902 664 2975 gine
701 2906 939 2953 Pmcenor
973 2904 1156 2953 Colono
1191 2918 1365 2966 usquc.
1396 2896 1462 2949 G.
1498 2916 1527 2949 ι
1556 2915 1570 2947 :

539 2990 870 3049 Proteum-que
895 2982 1138 3032 Didonius
1161 2993 1325 3045 aeque.

621 3063 734 3115 168.
763 3066 936 3113 Bootes
975 3061 1134 3111 decies
1169 3057 1372 3115 habent
1411 3055 1571 3123 libri,

543 3142 634 3197 sed
663 3162 727 3197 ex
753 3142 1021 3206 Homero,
1049 3136 1205 3193 Iliad.
1225 3137 1282 3191 11
1302 3179 1316 3205 ,
1344 3139 1478 3203 510,
1502 3136 1575 3189 le-

541 3222 774 3295 gendum
811 3228 1004 3273 Boeoaeas
1045 3218 1132 3272 vel
1171 3224 1412 3269 Boeocum.
1460 3216 1569 3269 Pro

543 3301 761 3371 vulgato
801 3304 980 3367 quinas
1021 3304 1212 3353 duxere
1252 3295 1322 3349 G.
1373 3314 1396 3349 1
1437 3309 1490 3350 et
1540 3314 1567 3349 2

543 3369 702 3449 egere*
719 3380 932 3433 habent.

623 3478 740 3529 170.
763 3462 958 3511 Finibus
983 3456 1218 3509 ornes.G.
1247 3476 1276 3510 ι
1295 3496 1310 3523 ,
1336 3457 1400 3509 Α.
1429 3466 1482 3508 et
1506 3455 1573 3508 L.

546 3543 795 3592 moem‘bus.

622 3621 836 3688 173..Et
873 3619 942 3667 bis
974 3632 1049 3667 ter
1074 3618 1216 3667 denis
1236 3615 1300 3666 A.
1330 3626 1380 3667 et
1408 3614 1472 3665 L.
1502 3642 1573 3652 —

549 3700 772 3751 Menelai
799 3700 970 3757 ardor,
1008 3695 1066 3748 id
1093 3706 1202 3756 est,
1242 3692 1434 3747 ardens
1459 3693 1575 3745 Me·

547 3777 750 3831 nelans.

627 3860 741 3926 176.
791 3858 1000 3907 Gemina
1039 3873 1148 3905 eum
1177 3857 1322 3921 prole
1359 3870 1571 3902 suonam.

551 3936 711 4002 Quod
739 3937 1012 3988 Nestorem
1047 3952 1167 3987 cum
1205 3930 1414 3985 duobus
1449 3930 1572 3984 filiis

549 4014 822 4069 advenis-se
845 4014 1054 4077 scribit,
1071 4013 1128 4066 id
1153 4030 1257 4063 non
1285 4030 1344 4063 ex
1373 4012 1573 4063 Home-

549 4113 612 4145 ro
635 4094 797 4145 habet
816 4134 830 4157 ,
867 4090 956 4145 sed
985 4094 1120 4143 forte
1150 4110 1182 4145 a
1218 4092 1406 4163 Dictye
1427 4090 1571 4143 Cret.

551 4173 644 4243 qui
679 4172 772 4225 lib.
807 4174 862 4239 1,
895 4190 1015 4244 cap.
1045 4174 1144 4227 13:
1177 4197 1202 4221 ιι
1225 4172 1414 4225 Nestor
1449 4189 1574 4227 cum

1663 2338 1957 2392 Antilocho
1974 2350 2027 2393 et
2046 2338 2413 2413 Thrasymede
2426 2378 2443 2403 ,
2473 2359 2611 2412 quos
2630 2362 2699 2397 ex

1660 2419 1913 2471 Anaxibia
1943 2432 2263 2491 susceperat,
2296 2420 2663 2491 supervenit„

1736 2516 1854 2570 177.
1886 2507 1933 2551 Ic
1962 2520 2071 2551 cum
2104 2514 2179 2551 ter
2204 2504 2351 2551 denis
2378 2504 2593 2553 munitus
2614 2504 2697 2555 vi·

1660 2580 1793 2633 tiose
1811 2580 1937 2651 legit
1952 2584 2092 2633 Anu.
2114 2580 2230 2633 Bas.
2246 2592 2296 2632 et
2314 2580 2401 2652 Sp.
2420 2586 2510 2633 Est
2528 2596 2603 2634 ter
2615 2587 2703 2635 tn·-

1662 2663 1795 2712 eem's
1814 2661 1883 2713 G.
1910 2679 1953 2713 1.
1988 2665 2035 2710 Ic
2060 2670 2137 2711 ter
2156 2663 2352 2713 tricenis
2375 2660 2442 2713 G.
2471 2680 2527 2728 2,
2544 2663 2697 2733 quod

1661 2752 1865 2793 rectum
1898 2752 1978 2792 est
2005 2756 2019 2792 ε
2051 2757 2177 2791 nam
2212 2739 2476 2793 Homerus
2498 2778 2515 2803 ,
2540 2741 2695 2797 Iliad.

1660 2820 1739 2884 11,
1770 2822 1897 2883 602,
1918 2818 2211 2890 nonaginta
2234 2837 2397 2873 naves
2418 2819 2467 2872 ei
2492 2822 2693 2875 tn'bnit.

1738 2918 1759 2953 ι
1770 2902 1853 2968 78.
1867 2901 2114 2975 Arcadius
2130 2900 2313 2963 virture
2328 2900 2554 2970 vulgatu*
2568 2900 2695 2955 edd.

1662 2978 1881 3032 habent.
1916 2981 2180 3031 Ascedius.
2196 3016 2210 3031 .
2226 3016 2237 3027 .
2259 2982 2541 3047 Epistmpus
2566 2980 2637 3033 G.
2665 2998 2688 3032 1

1662 3072 1713 3113 et
1742 3061 1809 3111 Α.
1835 3060 2085 3109 Ascanius
2112 3056 2183 3109 G.
2223 3076 2250 3109 2
2271 3098 2288 3124 ,
2326 3070 2376 3110 et
2398 3061 2693 3129 Episgrofias

1662 3142 1840 3206 ingens
1868 3138 1930 3189 L.
1972 3137 2098 3190 Huc
2129 3136 2310 3189 omnia
2347 3137 2559 3191 vitiosa.
2590 3142 2697 3191 Le-

1657 3217 1890 3294 gendum
1932 3234 1993 3267 ex
2036 3216 2299 3281 Homero,
2323 3216 2377 3268 11
2398 3258 2413 3282 ,
2454 3218 2581 3287 517,
2624 3225 2696 3269 Ae

1657 3300 1889 3351 Schedia:
1907 3298 2085 3346 vir-nate
2093 3310 2269 3365 potem
2290 3311 2339 3348 et
2352 3298 2690 3365 Epistrophus.

1740 3379 1855 3429 180.
1885 3377 2111 3426 Grandia
2148 3388 2223 3425 ter
2260 3380 2402 3429 denis
2424 3382 2694 3445 pulsarum

1661 3458 1798 3509 Ann.
1840 3466 1891 3508 et
1926 3454 2065 3525 vulg.
2104 3454 2316 3507 habent.
2353 3456 2455 3508 Sed
2494 3463 2692 3526 Longa-

1662 3558 1757 3605 que
1776 3551 1850 3587 ter
1866 3539 2007 3585 denis
2020 3534 2091 3587 G.
2120 3552 2142 3585 1
2167 3553 2184 3598 ;
2208 3534 2353 3588 unde
2376 3536 2495 3605 lego
2514 3544 2692 3606 Longa

1663 3631 1840 3687 quater
1886 3618 2046 3665 denis.
2091 3614 2229 3666 Nam
2266 3614 2531 3668 Homerus
2567 3615 2605 3667 l.
2644 3634 2687 3669 c.

1661 3694 2003 3767 quadraginta
2046 3710 2211 3746 naves
2254 3694 2425 3763 ponit.
2467 3695 2551 3747 Ab
2588 3695 2690 3748 hoc

1663 3794 1815 3829 versu
1837 3772 2015 3826 deficit
2034 3772 2155 3826 cod.
2172 3773 2353 3827 Guelf.
2378 3792 2401 3825 1
2428 3794 2599 3847 usque
2621 3774 2689 3829 ad

1661 3873 1798 3909 vers.
1824 3855 1945 3907 628.

1738 3937 1857 3987 181.
1876 3933 2118 4003 Vulgata!
2140 3931 2321 4004 legunt
2348 3939 2419 3987 Ae
2445 3937 2516 3986 bis
2544 3938 2687 4002 vige·

1662 4035 1755 4067 nas
1776 4018 2021 4079 Polybetes
2050 4028 2199 4079 atque
2226 4020 2446 4066 Leonte-s.
2474 4014 2541 4065 G.
2570 4033 2597 4067 2
2618 4016 2687 4064 bis

1662 4097 1886 4145 micenas.
1906 4094 1969 4144 L.
1999 4108 2151 4159 atque
2180 4098 2403 4144 Levcues.
2438 4095 2501 4144 A.
2538 4100 2689 4145 Leno-

1662 4185 1755 4224 τις.
1808 4171 1912 4226 Sed
1952 4176 2218 4240 Poh‘poetes
2265 4188 2413 4240 acque
2448 4178 2683 4225 &eamus
