2975 4684
952 316 1372 387 CARMEN
1438 319 1573 387 AD
1633 318 2110 387 PISONEM.

2457 316 2584 389 251
2657 380 2662 383 .

554 444 836 510 Pectora
866 438 1055 509 ducis
1083 464 1254 533 opus
1270 495 1291 528 ‚
1322 464 1439 509 seu
1470 455 1538 510 te
1573 441 1880 537 graviora
1907 454 2232 508 vocarunt
2253 493 2270 524 ‚

560 552 693 618 Seu
730 548 974 618 leviora
1004 550 1283 642 juvant:
1317 576 1443 620 nec
1472 552 1653 620 enim
1694 549 2004 619 facundia
2041 574 2304 643 semper

559 660 865 731 Adducta
898 684 1053 730 cum
1088 660 1309 730 fronte
1344 661 1603 757 placet;
1633 685 1760 729 nec
1800 684 2060 754 semper
2095 661 2166 727 in
2198 662 2401 730 armis

557 771 801 843 Bellica
841 774 1042 843 turba
1082 787 1343 861 manet3
1382 798 1506 843 nec
1550 788 1688 843 tota
1727 770 2036 841 classicus
2071 770 2311 838 horror

554 888 768 957 Nocte
811 884 1053 980 dieque
1085 886 1325 978 gemit3
1364 910 1487 953 nec
1521 908 1780 978 semper
1817 881 2148 951 Gnossius
2187 904 2344 949 arcu
2439 940 2444 946 .
2521 905 2593 943 ιε..

555 997 895 1087 Destinat,
924 1010 1232 1091 exempto
1262 994 1379 1065 sed
1413 994 1591 1065 laxat
1624 1016 1878 1061 cornua
1907 1015 2153 1059 nervo:

550 1110 638 1175 Et
671 1106 857 1202 galea
886 1105 1077 1177 miles
1105 1120 1345 1200 caput,
1381 1120 1451 1174 et
1496 1104 1667 1173 latus
1711 1127 1868 1171 ense
1902 1098 2192 1169 resolvit.

454 1302 521 1355 tis
547 1302 727 1355 usibus
750 1303 1082 1357 servientem.
1107 1303 1262 1379 Apud
1288 1304 1476 1358 Claud.

452 1382 627 1455 Raptu
650 1383 799 1438 Pros.
838 1384 920 1437 111
938 1422 956 1450 ‚
984 1390 1119 1449 414,
1146 1410 1173 1431 α
1190 1402 1475 1439 numerosa

449 1480 677 1532 parens·
697 1503 714 1529 ‚
733 1480 851 1535 quoe
871 1462 1065 1516 multos
1084 1462 1277 1518 liberos
1294 1464 1473 1517 habet.

448 1570 520 1581 —
538 1547 607 1592 Tu
625 1563 811 1611 pmntes
836 1546 887 1595 in
916 1563 1061 1596 omne
1077 1564 1095 1594 .·
1132 1552 1192 1596 tu
1216 1544 1399 1597 solerti
1424 1554 1477 1596 et

449 1618 609 1673 docili
633 1622 849 1695 ingenio
876 1622 1149 1695 praeditus,
1179 1624 1337 1677 facile
1356 1622 1474 1678 ani-

448 1718 597 1753 mum
634 1701 703 1756 ad
743 1721 902 1756 omne
942 1704 1135 1757 artium
1166 1716 1217 1757 et
1251 1724 1472 1783 operum

446 1798 610 1851 genus
636 1783 888 1855 applicas.

522 1862 639 1915 128.
680 1866 913 1918 Adducta
962 1884 1069 1915 eum
1091 1866 1286 1932 fronte.
1332 1862 1468 1928 Alii,

444 1951 507 1991 ut
546 1940 747 1995 Bersm.
788 1942 901 1996 col.
932 1946 1183 2005 Abducta,
1220 1942 1373 1995 male.
1402 1930 1465 1997 C.

444 2024 679 2072 Adducta
716 2034 861 2075 recte
894 2022 1097 2094 Micyll.
1137 2020 1285 2094 quod
1326 2035 1375 2076 et
1412 2024 1465 2075 in

442 2100 683 2172 margine
715 2102 931 2174 praefert
966 2102 1165 2155 Bersm.
1194 2102 1330 2156 Eod.
1374 2124 1465 2155 nee

442 2198 629 2248 semper
660 2184 710 2233 in
738 2186 907 2235 armis.
943 2182 1045 2234 Alii
1065 2220 1081 2246 ,
1116 2202 1309 2254 nempe
1338 2183 1460 2237 Mic.

441 2258 638 2315 Bersm.
678 2261 796 2315 Col.
836 2282 935 2315 non
975 2283 1177 2331 semper.
1204 2263 1463 2317 C.--Ad-

440 2342 588 2391 dueta
619 2361 727 2393 eum
747 2344 954 2413 fronte,
983 2342 1089 2396 hoc
1116 2356 1221 2407 est,
1250 2356 1461 2397 contra-

439 2428 546 2482 cta,
565 2420 919 2475 Bersmannus
944 2421 1177 2477 adnotat.
1201 2428 1463 2478 Adducet-e

440 2498 666 2553 frontem
687 2540 702 2565 ,
720 2501 928 2554 vultum
943 2543 959 2567 ,
978 2504 1181 2556 Latinis
1202 2516 1277 2556 est
1299 2504 1368 2556 ad
1389 2524 1463 2559 se-

438 2580 714 2634 veritatem
738 2582 1050 2635 contrahere
1069 2624 1083 2649 ‚
1110 2593 1160 2636 et
1188 2587 1458 2649 adductus,

438 2660 608 2729 gravis
626 2698 642 2721 ,
670 2679 884 2715 severus
902 2699 917 2725 ‚
944 2663 1123 2715 tristis.
1158 2662 1275 2715 Hoc
1300 2682 1459 2717 sensu

436 2738 715 2792 Suetonius
746 2740 1025 2793 Tiberium
1070 2742 1253 2794 scribit
1293 2761 1345 2796 c.
1388 2746 1457 2797 68

436 2818 706 2873 incessisse
732 2847 757 2866 α
773 2822 921 2874 vulto
950 2818 1197 2880 adducto,
1222 2822 1456 2893 plerum-

434 2918 539 2971 que
570 2900 789 2953 tacitum
810 2926 854 2953 a».
890 2901 1131 2955 Pluribus
1173 2901 1229 2954 id
1262 2905 1456 2975 proba-

435 2978 509 3031 vit
542 2980 750 3052 Lipsius
782 2980 849 3033 ad
884 2982 1051 3033 Tacit.
1094 2980 1229 3033 Hist.
1260 2982 1374 3044 111,
1403 3000 1452 3053 7.

433 3058 733 3130 Propertius
758 3060 943 3113 eadem
970 3072 1145 3113 mente
1171 3065 1453 3115 subductum

434 3136 562 3190 dixit
599 3158 695 3210 pro
736 3140 913 3212 gravi,
932 3140 989 3191 11
1004 3178 1019 3202 ,
1046 3156 1109 3192 ιο
1130 3178 1145 3203 ,
1166 3158 1231 3209 9:
1255 3166 1281 3187 α
1298 3142 1453 3195 Nunc

426 3218 553 3270 volo
608 3218 869 3272 subducto
913 3220 1126 3291 gravior
1165 3219 1453 3292 procedere

431 3298 581 3349 vultu
602 3323 641 3349 ι.
661 3299 933 3352 Iuvenalis
959 3303 1216 3351 obductam
1228 3303 1452 3369 frontem

431 3374 497 3429 de
516 3390 698 3432 moesta
715 3379 889 3450 potius
910 3420 925 3445 ,
962 3396 1123 3451 quam
1144 3380 1327 3452 gravi,
1346 3382 1451 3435 Sat.

428 3456 533 3521 lx,
560 3476 586 3509 2
608 3476 621 3510 :
643 3458 931 3511 «Occurris
972 3458 1149 3512 fronte
1186 3458 1451 3528 obducta,

429 3554 525 3589 ceu
548 3536 759 3610 Marsya
786 3538 961 3591 victus
978 3564 1023 3592 n.
1039 3570 1101 3579 -·
1120 3538 1247 3593 scil.
1265 3540 1455 3592 moeni-

429 3614 511 3667 tiae
548 3617 761 3687 signum
802 3619 981 3670 vultus
1019 3618 1139 3671 velo
1174 3618 1451 3672 obductus.

426 3693 637 3747 Servius
667 3708 843 3749 autem
878 3698 948 3750 ad
982 3700 1107 3750 ΕΠ.
1130 3698 1181 3749 Χ
1203 3740 1217 3765 ,
1243 3702 1341 3763 64,
1362 3704 1450 3750 ob-

426 3777 619 3825 ductum
658 3780 873 3828 dolorem
929 3777 1143 3849 exponit
1200 3779 1445 3832 cicatrice

425 3851 675 3907 diuturna
698 3856 809 3929 jam
838 3868 1145 3928 coopertum
1162 3896 1178 3920 ,
1202 3857 1325 3929 quia
1350 3859 1443 3910 ob-

424 3930 550 3984 duci
585 3932 835 3988 dicuntur
859 3938 1114 4002 vulnera,
1144 3955 1262 4009 quae
1302 3938 1441 3991 cica-

424 4010 553 4065 trice
581 4013 923 4069 clauduntur.
952 4016 1052 4068 En.

400 4154 403 4158 ἵ
502 4108 619 4161 129.
652 4098 892 4148 dass-icus
922 4100 1108 4159 lton-or,
1138 4098 1173 4150 i.
1204 4115 1250 4149 e.
1284 4102 1443 4150 so'nus

1561 1305 1798 1368 classici,
1836 1304 1931 1376 qui
1964 1302 2242 1356 horrorem
2279 1302 2468 1355 incutit
2481 1342 2498 1367 ,
2529 1315 2588 1354 ut

1559 1386 1786 1458 explicat
1803 1384 2042 1457 Heynius
2062 1383 2132 1435 V.
2157 1384 2217 1435 C.
2239 1380 2512 1434 adTibull.
2533 1382 2586 1447 I,

1568 1482 1592 1517 1
1614 1502 1631 1528 ,
1656 1472 1709 1529 4.
1731 1465 1914 1517 Horat.
1940 1460 2112 1535 Epod.
2136 1480 2163 1514 π
2185 1499 2202 1524 ,
2223 1459 2254 1513 5
2279 1478 2294 1513 :
2317 1461 2466 1513 «Nec
2491 1480 2584 1513 ex·

1560 1548 1750 1600 citatus
1786 1546 2006 1599 classico
2041 1542 2194 1597 miles
2235 1544 2375 1595 truci
2391 1568 2431 1593 a.
2459 1542 2584 1595 Cal-

1559 1626 1814 1697 purnius,
1843 1628 1946 1689 IV,
1990 1626 2114 1686 131,
2137 1626 2352 1675 classica
2393 1625 2584 1674 tect-bida

1559 1717 1728 1759 vocat.
1767 1706 1966 1760 Seneca
1991 1705 2044 1757 in
2072 1703 2325 1776 Thyeste,
2353 1722 2406 1756 v.
2441 1703 2546 1772 574
2564 1739 2580 1764 ,

1559 1804 1846 1837 «murmur
1868 1804 2029 1856 grave
2051 1782 2392 1864 classicorum
2409 1806 2452 1833 ιι.
2475 1780 2581 1833 Sed

1557 1864 1874 1938 adjectivum
1891 1867 2128 1917 classicus
2146 1864 2248 1915 hoc
2265 1879 2422 1913 sensu
2441 1876 2580 1911 non·

1554 1943 1685 1997 dum
1719 1945 1786 1997 ab
1823 1946 1930 1999 alio
1961 1954 2273 2015 usurpatum
2297 1940 2420 1993 vidi.

1631 2027 1749 2079 130.
1773 2031 1878 2077 Nec
1927 2044 2116 2093 semper
2153 2024 2389 2073 Gnossius
2431 2038 2574 2070 areu.

1552 2105 1686 2157 Alii:
1710 2126 1837 2157 non.
1895 2122 2081 2156 ‚at-cus.
2108 2104 2170 2156 C.
2175 2104 2368 2152 —Non
2389 2116 2579 2166 semper

1555 2188 1766 2235 Gnosius
1813 2204 1992 2244 arcus,
2031 2182 2160 2235 Mic.
2206 2179 2323 2233 Col.
2371 2178 2571 2231 Bcrsm.

1551 2267 1570 2331 (
1581 2276 1770 2336 praeter
1800 2261 1947 2337 quod
1979 2264 2264 2329 Gnossius).
2293 2258 2575 2330 Optimum

1551 2346 1688 2399 forte
1733 2348 1945 2398 Gnosius
2003 2360 2128 2397 cum
2180 2337 2450 2392 Brunckio
2502 2334 2572 2388 ad

1547 2426 1798 2498 Apollon.
1827 2422 2002 2477 Rhod.
2046 2440 2173 2495 pag.
2203 2419 2320 2483 154.
2361 2419 2567 2470 Lacon.

1549 2536 1620 2547 -
1635 2511 1790 2557 Nocte
1817 2510 1994 2573 dieque
2018 2506 2189 2573 gemit.
2227 2501 2398 2555 Nemo
2436 2498 2572 2551 forte

1547 2583 1678 2638 dixit
1717 2586 1934 2638 classica
1967 2602 2181 2653 gemere.
2219 2579 2412 2632 Millies
2449 2596 2568 2649 per-

1547 2675 1818 2717 mutantur
1845 2666 1900 2716 in
1929 2663 2138 2735 scriptis
2157 2661 2380 2729 fremere
2405 2670 2458 2711 et
2479 2676 2568 2726 qe-

1545 2764 1694 2797 mere.
1740 2745 1808 2796 Et
1849 2744 1937 2795 hic
1981 2745 2116 2795 forte
2137 2741 2327 2809 frende.
2363 2738 2568 2790 Tamen

1543 2823 1708 2877 haret
1754 2825 1934 2877 animo
1956 2861 1970 2886 ,
2001 2819 2144 2893 quod
2189 2821 2326 2872 forte
2371 2816 2564 2871 alicubi

1543 2904 1739 2957 lectum
1783 2916 1863 2956 est
1890 2922 1903 2954 ε
1944 2928 1970 2948 α
1989 2900 2218 2955 Classica
2265 2916 2428 2950 rauca
2476 2914 2568 2966 ge-

1541 2996 1698 3035 munt
1713 3008 1757 3036 a.
1786 2985 2102 3035 Lacu—Nee
2119 2998 2309 3047 semper
2328 2978 2565 3029 (ὕπο-κήκ

1541 3082 1680 3114 areu.
1699 3062 1823 3115 Hor.
1839 3062 1918 3126 11,
1935 3060 2129 3113 od.1o:
2149 3054 2467 3123 «Quondam
2487 3056 2564 3107 ci-

1539 3142 1693 3195 thara
1710 3152 1968 3194 tacentem
1987 3138 2214 3192 suscitat
2233 3138 2467 3196 Musam,
2479 3150 2566 3186 ne·

1539 3240 1644 3295 que
1660 3240 1870 3293 semper
1888 3238 2071 3274 arcum
2085 3216 2284 3271 Tendit
2305 3213 2494 3286 Apollo
2511 3238 2557 3266 a.

1538 3300 1734 3354 Bnnsn.
1755 3302 1978 3354 Talibus
2000 3300 2159 3353 etiam
2187 3295 2438 3369 exemplis
2465 3314 2562 3365 pro

1539 3381 1650 3431 otio
1669 3378 2094 3433 commendando
2115 3378 2282 3431 utitur
2293 3377 2424 3429 Stat.
2439 3373 2564 3428 silv.

1539 3459 1643 3523 IV,
1673 3466 1704 3522 4
1724 3498 1740 3523 ,
1763 3461 1856 3513 30:
1882 3486 1908 3505 α
1926 3461 1992 3511 Et
2013 3470 2190 3513 sontes
2221 3455 2392 3528 operit
2423 3454 2561 3527 pha·

1540 3549 1706 3591 tetras
1727 3580 1742 3604 ,
1763 3556 2052 3611 arcumque
2067 3536 2294 3591 retendit
2309 3534 2532 3587 Parthus
2545 3572 2562 3593 ‚

1542 3630 1594 3669 et
1617 3617 1770 3671 Elaeis
1795 3620 1981 3689 auriga
2003 3617 2274 3669 laboribus
2299 3626 2444 3669 actos
2466 3612 2560 3665 Al·

1539 3697 1679 3767 pheo
1706 3700 2000 3770 permulcet
2027 3715 2192 3767 equos
2211 3722 2248 3745 n.

1610 3779 1730 3831 131.
1771 3778 1954 3830 Malim
1995 3782 2146 3829 laxat
2183 3780 2290 3827 sed.
2335 3774 2471 3825 Lao.
2489 3802 2558 3812 ·-

1534 3862 1777 3918 Destinat,
1811 3857 1878 3910 ad
1906 3856 2083 3909 locum
2113 3856 2468 3925 designatum,
2489 3850 2558 3903 ad

1532 3934 1771 4009 scopum,
1789 3937 2066 4008 jaculatur.
2088 3932 2526 3989 stat.Theh.v111
2544 3970 2560 3995 ,

1536 4018 1640 4079 438
1657 4031 1673 4067 τ’
1695 4042 1720 4061 ει
1734 4013 2043 4069 Phaedimon
2069 4014 2280 4068 Iasiden
2302 4032 2427 4068 arcu
2445 4014 2562 4069 Dir-

1539 4114 1675 4149 coeus
1701 4097 1960 4168 Amyntas
1982 4096 2268 4149 Destinat».
