2975 4684
801 288 1401 408 An'Lucan
1458 338 1672 411 JUN.
1724 338 2120 409 AETNAM.
2391 343 2522 442 189

398 456 797 521 narrationes
842 457 973 522 sive
1020 457 1269 523 fabulas
1292 506 1313 541 ,
1374 459 1612 547 quibus
1654 460 2034 523 memoriam
2073 460 2310 527 AEtnaei
2353 465 2523 555 ignis

398 557 707 647 insignire
741 574 989 623 veteres
1019 559 1363 647 scriptores
1392 576 1509 624 aut
1525 578 1734 650 poetae
1762 561 2112 627 voluerunt
2125 610 2142 645 ,
2171 580 2246 629 ut
2270 584 2520 657 raptam

394 682 430 721 a
457 660 737 723 Plutone
768 682 849 723 ex
884 660 1083 725 AEtna
1116 676 1498 749 erumpente
1527 662 1978 749 Proserpinam
1995 709 2014 743 ‚
2039 678 2233 751 atque
2259 666 2454 731 taedas
2479 691 2520 733 a

392 762 625 825 Cerere
660 760 743 825 ad
779 760 1285 851 investigandam
1312 759 1508 827 filiam
1529 762 1745 827 AEtnae
1771 760 2032 851 ignibus
2061 762 2518 851 inflammatas,

394 860 634 948 quibus
668 862 903 927 fabulis
949 860 1126 927 haud
1158 862 1359 927 dubie
1392 863 1718 928 memoria
1756 862 2016 943 majoris
2056 864 2424 931 calamitatis
2455 885 2524 934 et

392 962 800 1045 vastationis,
843 984 961 1051 per
1009 963 1419 1051 eruptionem
1458 963 1623 1054 ignis
1669 962 1910 1028 AEtnaei
1950 964 2018 1028 in
2059 965 2228 1053 agris
2289 966 2516 1033 Siculis

386 1064 569 1129 factae
586 1114 607 1147 ,
643 1064 891 1153 signata
916 1080 1043 1145 est,
1080 1086 1239 1152 quas
1263 1080 1479 1131 tamen
1499 1065 1812 1154 attingere
1829 1065 2112 1131 Lucilius
2136 1066 2204 1130 in
2231 1069 2518 1135 carmine

386 1186 509 1229 suo
542 1165 777 1230 noluit.
826 1166 1088 1229 Etenim
1127 1167 1239 1254 qui
1272 1182 1413 1231 toto
1453 1182 1750 1255 poemate
1780 1166 2245 1256 philosophum
2273 1170 2474 1260 magis
2494 1220 2515 1253 ,

385 1288 581 1353 quam
612 1282 871 1355 poetam
902 1266 1068 1356 egit,
1106 1268 1405 1331 consulto
1458 1268 1696 1358 opinor
1729 1268 2042 1333 abstinuit
2071 1270 2154 1337 ab
2195 1270 2519 1350 ejusmodi

384 1369 619 1433 fabulis
660 1370 763 1433 vel
807 1369 1267 1435 traditionibus
1302 1370 1671 1453 narrandis,
1717 1372 1958 1460 quibus
1991 1372 2117 1460 ipsi
2145 1373 2380 1440 AEtnae.
2394 1396 2514 1439 na-

384 1486 545 1535 turae
579 1470 976 1535 declarandae
1005 1471 1167 1537 nihil
1198 1472 1361 1537 lucis
1390 1472 1743 1539 accederet.
1777 1472 1951 1537 Illud
1986 1474 2190 1563 magis
2225 1475 2466 1539 mirum
2491 1523 2512 1558 ,

384 1594 590 1660 quum
608 1570 1331 1660 Democriti-aliquando
1349 1574 1750 1638 mentionem
1778 1574 2036 1659 fecerit,
2063 1596 2125 1639 v.
2163 1574 2311 1658 532,
2339 1600 2512 1641 nun·

384 1696 577 1761 quam
600 1674 684 1739 ab
704 1696 781 1738 eo
810 1674 1270 1764 Empedoclem
1283 1675 1750 1763 philosophum
1775 1675 2132 1757 laudatum,
2166 1677 2281 1764 qui
2303 1700 2510 1767 quum

381 1791 445 1839 et
498 1776 755 1841 Siculus
786 1792 955 1841 esset
974 1822 993 1857 ,
1026 1792 1092 1841 et
1134 1777 1499 1865 praecipuus
1553 1798 1773 1840 rerum
1825 1792 2072 1841 naturae
2119 1778 2506 1868 indagator,

379 1876 557 1941 baud
588 1877 791 1941 dubie
838 1876 919 1941 de
956 1877 1196 1943 AEtnaei
1232 1877 1401 1966 ignis
1436 1893 1670 1941 natura
1715 1876 2113 1964 exquirenda
2157 1878 2323 1943 bene
2367 1902 2513 1943 me·

378 1980 499 2043 reri
526 1979 768 2061 voluit,
800 1979 868 2042 in
900 1979 1169 2067 ipsaque
1201 1999 1276 2042 ea
1310 1978 1836 2068 investigatione,
1871 1976 2032 2041 dum
2071 1978 2392 2043 incautius
2425 1978 2510 2044 ad

376 2080 593 2170 ignem
615 2080 919 2147 accedere
944 2079 1283 2145 contendit
1298 2127 1315 2162 ,
1339 2080 1407 2143 in
1427 2080 1680 2144 foveam
1699 2080 1956 2167 igneam
1975 2078 2278 2144 decidens
2297 2080 2510 2167 periit.

378 2182 541 2264 Quae
572 2204 797 2246 mussa
828 2182 1053 2245 mortis
1086 2181 1221 2261 ejus
1250 2202 1403 2244 sane
1430 2180 1796 2244 credibilior
1815 2196 1943 2261 est,
1975 2202 2168 2267 quam
2197 2202 2342 2267 quae
2367 2182 2511 2246 vul·

376 2298 517 2371 gam
561 2284 733 2346 fama
775 2296 903 2363 est,
939 2302 1092 2347 eum
1126 2282 1291 2346 clam
1336 2280 1536 2345 domo
1588 2278 2028 2345 discedentem
2065 2298 2300 2369 sponte
2327 2304 2396 2347 se
2437 2285 2506 2347 in

374 2383 713 2448 ardentem
746 2384 963 2449 AEtnae
1000 2384 1327 2471 caminum
1364 2383 1704 2447 immisisse
1723 2398 1857 2465 ,ut
1889 2404 2009 2469 pro
2045 2384 2186 2447 Deo
2234 2383 2508 2449 habere-

375 2499 501 2550 tur.
539 2483 849 2549 Adseruit
882 2484 1057 2549 hanc
1082 2485 1320 2549 famam
1344 2484 1651 2551 Horatius
1680 2532 1699 2565 ,
1725 2486 1884 2548 Arte
1915 2482 2098 2549 Poet.
2127 2485 2256 2563 464
2276 2534 2296 2567 ,

667 2668 1355 2686 ....................
1366 2633 1506 2685 Deus
1529 2632 1839 2685 immortalis
1867 2631 2048 2686 haberi

656 2716 799 2851 Duxi
826 2718 971 2788 cupit
994 2716 1367 2789 Empedocles,
1389 2714 1666 2770 ardentem
1689 2714 1912 2788 frigidus
1935 2720 2150 2771 AEtnam

650 2798 759 2853 Ins'
780 2799 861 2852 uit
878 2816 895 2863 ς

370 2970 434 3019 et
462 2952 901 3037 Claudianus,
944 2954 1025 3019 de
1044 2904 1307 3021 Consul.
1340 2954 1513 3021 Man.
1541 2954 1788 3021 Theod.
1817 2978 1878 3021 v.
1910 2977 2028 3043 72:

650 3118 819 3183 Alter,
848 3119 905 3173 in
925 3122 1154 3174 AEtnoeas
1170 3136 1388 3173 casurus
1407 3131 1596 3193 sponte
1616 3119 1820 3173 favillas
1832 3156 1850 3184 ,

655 3202 921 3277 Dispergit
944 3214 1269 3276 revocatque
1293 3204 1466 3259 Deum
1490 3208 1586 3274 (1).

368 3358 493 3425 Sed
528 3360 701 3425 hanc
733 3360 937 3449 ipsam
972 3374 1137 3450 puto
1163 3382 1453 3425 caussam
1478 3357 1729 3423 Lucilio
1763 3356 1960 3421 fuisse
1977 3404 1996 3441 ,
2034 3372 2112 3421 ut
2141 3356 2224 3421 de
2257 3356 2500 3447 Empe-

366 3459 569 3527 doclis
604 3460 823 3527 studio
856 3476 1095 3526 taceret
1111 3508 1130 3545 ,
1164 3460 1345 3551 quod
1374 3484 1498 3549 pro
1525 3461 1755 3524 insano
1791 3458 2052 3524 habitus
2084 3458 2286 3524 videri
2322 3475 2502 3549 pote-

362 3580 463 3629 rat
508 3565 730 3629 minus
781 3563 1021 3653 dignus
1074 3579 1305 3629 auctor
1352 3579 1418 3628 et
1465 3562 1600 3627 dux
1651 3561 1721 3625 in
1767 3561 2006 3626 caussis
2050 3561 2286 3626 AEtnaei
2329 3562 2499 3649 ignis

360 3664 747 3755 indagandis
768 3664 888 3729 sibi
916 3665 1137 3731 fuisse.
1165 3664 1334 3730 Illud
1355 3680 1580 3729 contra
1609 3663 1883 3727 maxime
1906 3662 2177 3751 dignum
2199 3684 2496 3750 persona,

428 3928 511 3997 (ι)
545 3925 614 3979 Et
648 3924 981 3993 lactantius,
1021 3926 1195 3979 Instit.
1224 3926 1345 3977 Div.
1376 3925 1465 3978 lib.
1490 3926 1576 3977 111
1595 3962 1610 3987 ,
1647 3943 1768 3996 cap.
1797 3926 1894 3977 18:
1929 3946 1951 3969 ιι
1977 3918 2322 3993 Empedocles
2354 3938 2411 3975 se
2437 3922 2497 3973 in

356 4009 591 4063 ardentis
618 4011 789 4062 AEtnae
808 4028 1025 4081 specum
1050 4010 1357 4082 intempesta
1388 4020 1546 4063 nocte
1575 4006 1766 4080 dejecit
1783 4047 1799 4074 ,
1835 4018 1896 4059 ut
1917 4042 1933 4069 ,
1959 4024 2122 4077 quum
2149 3996 2362 4077 repente
2387 4021 2496 4059 non

358 4094 685 4166 apparuisset
707 4130 725 4159 ‚
754 4094 944 4149 abiisse
966 4094 1039 4147 ad
1064 4096 1205 4147 Deos
1226 4092 1531 4147 crederetur
1556 4118 1598 4145 ι».
1623 4091 1722 4143 En.
