2975 4684
816 403 1228 474 PRAEFAT.
1277 405 1413 473 AD
1471 404 1929 474 EPITHAL.
2294 401 2432 474 385

303 547 452 590 rum
499 523 582 588 ad
623 545 912 589 amorem
953 539 1019 588 et
1062 523 1450 588 hilaritatem
1468 571 1487 606 ,
1535 525 1905 589 intermixta
1942 547 2173 590 eorum
2199 525 2391 591 laude
2415 576 2434 611 ,

303 647 592 712 constat3
622 646 689 695 et
709 629 1039 695 Allocutio
1062 623 1369 720 sponsalis·
1397 631 1611 695 vocari
1632 630 1794 695 solet
1809 679 1827 712 ‚
1863 633 2083 720 quales
2099 631 2429 697 breviores

303 740 542 827 Imper.
565 737 875 818 Gallieni,
909 737 1080 802 Aviti
1101 787 1120 820 ‚
1149 753 1214 801 et
1245 736 1408 802 alius
1433 737 1640 827 ignoti
1665 753 1872 826 poetae
1896 738 2245 822 habemus,
2272 761 2431 827 quas

304 861 647 934 propterea
671 859 751 908 ut
773 841 998 908 affines
1029 844 1188 908 huic
1215 844 1647 932 Epithalamio
1681 867 1803 933 pro
1832 843 2187 936 appendice
2234 844 2433 924 subji-

305 951 572 1016 ciemus.
607 950 842 1014 Omnia
891 950 1180 1030 subjecta
1211 948 1632 1042 adun-tatione
1649 998 1669 1031 ,
1716 967 2037 1039 quantum
2082 951 2236 1015 satis
2267 951 2390 1014 erit
2414 1000 2433 1033 ‚

299 1057 805 1137 illusa-abimus,
855 1055 1206 1136 interjectis
1255 1057 1652 1138 Burmanni,
1716 1079 1863 1144 quae
1917 1057 2195 1122 rariores
2240 1072 2395 1121 sunt
2414 1103 2433 1138 ,

306 1163 501 1228 notis.

390 1399 479 1410 -
504 1359 887 1426 Notandum
933 1361 1144 1426 obiter
1186 1361 1670 1427 adlocutionem
1706 1363 1879 1428 Aviti
1929 1383 2067 1426 esse
2105 1361 2189 1426 ad
2233 1382 2432 1449 spon-

303 1491 440 1533 sam
457 1515 476 1550 ,
506 1489 714 1556 quum
735 1467 1008 1532 Gallieni
1031 1468 1435 1557 imperatoris
1457 1470 1543 1534 sit
1565 1467 1649 1534 ad
1672 1491 1987 1557 sponsum
2012 1483 2079 1532 et
2108 1489 2431 1556 sponsam.

303 1573 654 1638 Scriverius
691 1588 910 1636 tamen
941 1571 1008 1634 in
1043 1572 1215 1637 notis
1240 1573 1695 1662 manuscriptis
1718 1573 1801 1638 ad
1824 1573 2079 1638 Senecae
2100 1571 2399 1637 Medeam
2416 1620 2436 1652 ,

302 1703 365 1744 v.
391 1680 515 1744 106
530 1728 549 1762 ‚
579 1679 846 1744 notabat
875 1678 1046 1742 hanc
1072 1701 1337 1767 quoque
1360 1677 1843 1744 adlocutionem
1876 1679 2239 1766 sponsalem
2264 1699 2401 1741 esse
2417 1724 2436 1758 ‚

307 1809 450 1872 quae
477 1783 562 1850 ad
595 1786 808 1850 solum
839 1806 1154 1874 sponsum
1190 1801 1547 1850 caneretur.
1572 1786 1690 1850 En.

551 4218 692 4286 III.
2066 4203 2153 4276 25
