2975 4684
489 377 631 464 544

1349 379 1454 449 ΙΝ
1468 379 1766 448 CERTI

583 505 740 596 Ipsa
785 501 1028 570 dehinc
1072 497 1394 570 Helenam
1433 503 1646 570 muris
1684 502 1957 571 arcessit
1992 503 2075 572 ab
2114 503 2297 593 altis,

582 611 1066 704 Dardanioque
1101 634 1257 680 suos
1293 610 1521 681 Paridi
1559 611 1831 681 deducit
1870 636 2155 684 amoreS.

680 724 908 812 Quam
947 719 1064 790 tali
1102 735 1454 816 postquam
1494 724 1842 817 conspexit
1875 748 2038 794 voce
2073 721 2355 820 loquuta
2390 741 2538 796 est:

571 832 919 920 «Venisti,
951 855 1101 900 mea
1141 829 1438 918 flamma,
1475 833 1665 901 Paris
1698 849 2049 928 superatus
2084 837 2171 906 ab
2208 839 2413 906 armis

2546 861 2627 900 3»

535 940 540 951 ’
577 943 902 1039 Conjugis
939 943 1200 1036 antiqui
1232 967 1249 1010 ε
1283 942 1452 1028 vidi,
1489 943 1869 1038 puduitque
1910 946 2179 1036 videre,

573 1060 940 1149 Arreptum
972 1077 1183 1147 quum
1221 1067 1286 1121 te
1313 1053 1607 1122 traheret
1638 1054 1969 1125 violentus
1998 1057 2302 1147 Atrides,

571 1161 913 1259 Iliacoque
952 1178 1105 1233 tuos
1138 1161 1416 1232 foedaret
1453 1159 1729 1257 pulvere
1760 1165 1979 1236 crines
2010 1193 2028 1237 ε

573 1281 950 1370 Nostraque
979 1274 1138 1370 (mc
1165 1269 1508 1343 miseram!
1540 1275 1569 1368 )
1595 1276 1791 1346 timui
1822 1303 1908 1346 ne
1943 1279 2235 1350 Doricus
2262 1281 2438 1350 ensis

573 1385 825 1460 Oscula
861 1385 1222 1456 discuteret
1255 1410 1270 1454 ε
1301 1398 1480 1458 totus
1520 1385 1682 1454 mihi
1718 1401 1945 1457 mente
1986 1387 2217 1460 relicta

2540 1416 2619 1453 215

570 1501 863 1594 Fugerat
894 1521 1012 1566 ore
1047 1493 1267 1582 color,
1309 1497 1712 1590 sanguisque
1748 1496 2108 1594 reliquerat
2134 1515 2342 1572 artus,

570 1611 744 1699 Quis
781 1623 848 1676 te
879 1631 1035 1676 cum
1073 1631 1247 1675 saevo
1287 1604 1693 1676 contendere
1720 1607 1920 1701 jussit
1954 1611 2234 1680 Atrida?

569 1725 677 1792 An
716 1717 1021 1788 nondum
1059 1741 1226 1812 vaga
1262 1716 1436 1786 fama
1468 1730 1618 1786 tuas
1653 1721 1961 1813 pervenit
1988 1720 2073 1789 ad
2112 1747 2304 1792 aures

568 1834 676 1901 De
718 1811 968 1898 virtute
1003 1827 1170 1898 viri?
1205 1852 1486 1914 monce,
1532 1852 1618 1897 ne
1654 1853 1883 1898 rursus
1924 1830 2173 1925 iniquae

567 1941 754 2012 Illius
791 1957 907 2011 tua
943 1938 1079 2008 fata
1119 1936 1278 2007 velis
1315 1937 1744 2006 committere
1770 1939 2017 2008 dextrae
2036 1970 2092 2007 n.
2537 1967 2617 2004 33·

667 2053 978 2137 Dixerat,
1018 2064 1086 2119 et
1126 2045 1326 2142 largis
1365 2046 1663 2142 perfudit
1698 2049 1967 2121 fletibus
1998 2075 2137 2119 ora.

565 2164 804 2235 Tristis
832 2158 1233 2249 Alexander,
1269 2162 1474 2232 «Non
1518 2184 1625 2228 me
1658 2162 1991 2255 superavit
2026 2162 2325 2249 Atrides,

463 2419 603 2462 taret
619 2445 636 2471 ‚
673 2405 895 2458 Clarum
929 2402 1249 2477 Troiugenis
1285 2403 1493 2456 factura

464 2506 528 2541 ac
547 2485 724 2539 nobile
742 2484 970 2536 fulcrum
991 2507 1036 2535 ι.
1051 2483 1241 2554 virgil.
1257 2481 1386 2536 dicit
1404 2503 1497 2534 va-

466 2565 805 2634 tiosyulchra
839 2565 1078 2614 tesmdine
1103 2576 1270 2630 postes
1295 2561 1490 2633 Georg-

464 2645 520 2696 Π
539 2681 554 2706 ,
585 2643 709 2709 4⁵3.
741 2671 814 2682 —
840 2642 1178 2692 Temula'nwm
1201 2645 1378 2692 lectum
1407 2641 1489 2695 vi-

464 2723 646 2779 dimus
674 2722 786 2795 huj.
815 2740 903 2793 op.
921 2731 1084 2774 -tomo
1107 2721 1190 2788 11,
1213 2739 1332 2792 pag.
1361 2725 1490 2786 460,

461 2805 549 2859 cui
583 2805 702 2857 loco
740 2800 864 2854 addi
894 2812 1067 2873 potest
1093 2800 1325 2854 Martini.
1355 2801 1490 2870 XII,

463 2889 534 2940 66
555 2903 570 2940 ε
593 2885 970 2939 «Gemmantes
990 2883 1164 2955 prima
1187 2882 1394 2954 fulgent
1414 2895 1488 2936 te-

465 2966 676 3022 studine
698 2965 818 3018 lecti
842 2990 886 3016 ι.
925 2963 1026 3016 En.

535 3049 653 3101 321.
675 3047 788 3095 Vidi
795 3045 1068 3114 puduitque
1087 3045 1280 3094 videre.
1299 3041 1364 3093 Et
1382 3041 1488 3096 hoc

463 3121 858 3180 hemistichium
889 3121 1247 3186 Bondamius‚
1277 3141 1327 3192 p.
1359 3123 1486 3189 154,

457 3220 638 3259 monet
658 3221 771 3257 esse
787 3201 998 3267 Ovidii,
1017 3201 1142 3256 Met.
1162 3201 1325 3268 xm,
1350 3203 1451 3255 223
1467 3243 1483 3270 ,

458 3283 550 3337 ubi
593 3283 810 3354 Ulysses
849 3278 920 3333 ad
962 3282 1178 3352 Ajacem
1205 3298 1221 3332 ε
1267 3306 1290 3328 ι
1320 3280 1449 3334 Vidi
1461 3319 1481 3343 ,

453 3362 752 3437 puduitque
776 3359 955 3412 videre
972 3397 988 3424 ,
1023 3360 1204 3424 Quum
1238 3371 1298 3412 tu
1335 3372 1483 3432 terga

458 3443 612 3496 dares
633 3467 678 3494 ι.
707 3441 778 3492 Et
797 3439 940 3492 hunc
959 3439 1154 3492 librum
1173 3477 1190 3502 ,
1231 3459 1340 3510 quo
1361 3460 1486 3494 eon-

457 3523 620 3577 tentio
659 3519 865 3592 Ulyssis
907 3531 959 3570 et
998 3519 1172 3590 Ajacis
1212 3517 1283 3572 de
1319 3523 1480 3574 armis

454 3601 703 3666 Achiuis,
727 3610 780 3652 et
801 3599 1076 3669 precipuo
1097 3615 1182 3649 res
1198 3597 1342 3652 bello
1350 3600 1480 3652 Tro-

452 3685 580 3756 jano
597 3692 774 3754 gesto,
795 3675 1100 3730 summatim
1119 3691 1478 3748 exponuntur,

454 3761 699 3833 inprimis
741 3757 1026 3829 respexisse
1061 3768 1330 3809 auctorem
1377 3777 1480 3810 no-

455 3855 623 3896 strum
658 3840 714 3892 in
747 3835 1024 3892 scribenda
1053 3835 1322 3907 Epitome,
1358 3837 1480 3910 plu-

455 3921 720 3991 rimasque
736 3915 860 3971 inde
877 3915 1159 3968 sententias
1184 3927 1480 3970 mutuatum

457 4017 570 4052 esse
587 4037 602 4062 ,
623 3997 772 4050 facile
796 3995 996 4049 videbit
1011 4035 1028 4061 ‚
1059 3996 1152 4066 qui
1175 3994 1479 4068 diligentius

454 4079 550 4129 ista
573 4077 798 4130 excutiet
824 4085 876 4127 et
900 4075 1244 4146 comparabit.

525 4153 644 4208 323.
673 4157 870 4206 Pulvere
899 4154 1238 4226 educavit-g.
1265 4153 1475 4208 AEneid.

1582 2403 1717 2468 XII,
1749 2421 1849 2472 993
1876 2404 2041 2458 Ovid.
2059 2405 2444 2470 Metamvlu,
2482 2407 2609 2476 ⁵²9·

1654 2483 1777 2537 325.
1806 2487 2101 2546 Diu-uteret,
2128 2485 2207 2538 uti
2230 2511 2256 2530 ι-
2274 2486 2498 2540 consilia
2514 2486 2613 2541 ho-

1580 2563 1741 2616 stium
1778 2562 2042 2618 discutere
2060 2589 2085 2611 n
2128 2565 2371 2619 Frontin.
2410 2566 2513 2632 lv,
2546 2586 2608 2638 7,

1582 2643 1643 2696 31
1669 2663 1685 2708 ;
1718 2653 1773 2695 et
1808 2668 1831 2690 ι
1854 2641 2117 2698 discutere
2142 2643 2295 2698 dolos
2319 2670 2343 2691 ο
2372 2645 2465 2700 Sil.
2486 2647 2611 2702 Ital.

1580 2721 1710 2788 vn,
1736 2722 1855 2787 153,
1876 2742 1905 2776 e
1923 2723 2249 2777 correctione
2265 2725 2615 2780 Drakenbor-

1579 2799 1712 2867 chii,
1739 2799 1883 2854 dixit.
1912 2833 1973 2844 -—
2014 2809 2181 2855 Mente
2200 2806 2383 2856 relicte
2404 2807 2611 2858 mavult

1579 2882 1774 2934 Anton.
1800 2886 1863 2933 de
1878 2887 2019 2946 Rooy
2031 2882 2067 2934 l.
2086 2902 2131 2936 c.
2150 2902 2267 2956 pag.
2280 2901 2374 2954 97,
2392 2885 2516 2956 quia
2532 2907 2609 2937 n—

1576 2963 1738 3029 Iinqui
1754 2977 1915 3016 mente
1936 2961 2186 3028 dicimur,
2216 2977 2279 3017 ut
2308 2968 2470 3033 linqui
2498 2969 2611 3018 ani·

1574 3061 1681 3100 mo,
1724 3046 1888 3095 deseri
1908 3045 2092 3096 vitibus
2106 3083 2123 3105 ,
2156 3047 2305 3115 dfici
2332 3048 2509 3106 annis,
2552 3057 2607 3098 et

1574 3119 1778 3176 similia.

1646 3201 1765 3266 324.
1801 3207 2016 3272 Fugerat
2054 3223 2140 3256 oro
2184 3208 2339 3259 color.
2385 3203 2457 3256 Et
2496 3203 2605 3258 hoc

1571 3269 1967 3334 hemistichium
1978 3281 2165 3336 Ovidii
2182 3325 2199 3350 ,
2221 3284 2349 3338 Her.
2368 3283 2481 3348 xl,
2512 3301 2602 3354 ²7·

1573 3365 1671 3412 Ore
1690 3366 1835 3412 calor
1848 3360 1976 3432 legit
1996 3362 2063 3416 G.
2090 3383 2117 3416 2
2137 3403 2153 3430 ,
2192 3376 2247 3418 et
2280 3362 2443 3416 Ovid.
2472 3363 2605 3418 Her.

1570 3440 1723 3503 XIV,
1744 3441 1839 3510 37:
1870 3467 1895 3488 α
1918 3443 2145 3514 Sanguis
2162 3443 2270 3496 abit
2288 3480 2307 3507 ,
2342 3454 2603 3496 mentem-

1568 3537 1672 3591 que
1688 3521 1831 3574 calor
1849 3539 2147 3594 corpusque
2170 3523 2479 3598 relinquit».

1641 3601 1760 3654 328.
1779 3606 1865 3652 An
1884 3607 2104 3656 nondum
2121 3604 2187 3658 G.
2212 3622 2261 3656 a.
2275 3609 2361 3655 An
2380 3623 2481 3656 non
2501 3623 2603 3656 va·

1564 3699 1639 3748 ga
1653 3681 1810 3748 sama
1828 3681 1891 3732 L.
1912 3713 1983 3722 —
2001 3685 2221 3735 Pervenit
2237 3687 2311 3734 ad
2324 3702 2491 3735 aur-es.
2510 3683 2601 3739 Sic

1568 3759 1819 3827 Ovidius,
1844 3759 1973 3812 Met.
1990 3761 2057 3826 V,
2085 3765 2217 3817 2⁵6:
2242 3761 2447 3816 «Fama
2468 3762 2603 3816 novi

1571 3838 1733 3892 fontis
1760 3851 1965 3892 nostras
1992 3842 2230 3911 pervenit
2256 3840 2327 3893 ad
2350 3859 2505 3896 aures
2530 3869 2557 3889 ιο
2576 3859 2599 3906 3

1568 3918 1781 3990 etVirg.
1798 3922 1923 3972 AEu.
1944 3919 2014 3980 11,
2036 3921 2122 3985 81,
2138 3919 2357 3974 «Fando
2374 3920 2599 3994 aliquid,

1568 3997 1613 4048 si
1632 3996 1766 4049 forte
1788 4011 1901 4050 tuas
1918 3999 2157 4069 pervenit
2180 3998 2247 4052 ad
2267 4018 2473 4054 auresn.
2492 4001 2593 4055 En.

1640 4077 1759 4130 331.
1776 4082 1947 4140 Dixit,
1980 4093 2081 4130 tum
2104 4083 2263 4148 largis
2281 4079 2349 4133 G.
2370 4101 2399 4134 2
2426 4093 2477 4134 et
2493 4081 2568 4134 A)

1638 4155 1756 4209 332.
1790 4159 1959 4208 Triste}
1996 4162 2298 4212 Alea-ander
2330 4160 2395 4212 L.
2442 4172 2495 4213 et
2522 4161 2589 4214 Τ.
