2975 4684
386 3146 397 3160 ,
511 3098 696 3150 ribus:

511 376 650 477 594

1360 380 1781 479 1NCERri

603 508 1118 599 Augustumque
1151 524 1360 594 genus
1397 498 1539 569 caeli
1578 499 2005 569 submitteret
2036 503 2265 589 astris,
2338 530 2351 539 ·

601 612 756 682 Non
792 610 986 682 clarae
1024 612 1241 704 gentis
1279 610 1474 678 nobis
1507 610 1853 679 mansisset
1890 612 2101 707 origo,

621 792 640 811 ¹
699 721 868 792 Inde
905 722 1044 815 agit
1081 718 1382 790 AEacides
1429 720 1667 789 infesta
1704 720 1980 815 cuspide
2012 724 2339 808 TeucroS‚

603 839 1088 927 lugentemque
1126 854 1402 901 manum
1441 829 1810 924 prosternit
1846 831 2025 900 caede
2062 834 2397 923 virorum,

603 946 964 1045 Sanguinis
1003 945 1317 1015 Hectorei
1362 946 1633 1014 sitiens.
1667 961 1737 1015 at
1770 946 2091 1015 Dardana
2132 950 2345 1042 pubes
2580 990 2663 1015 ο..

697 1068 879 1136 XXI.
933 1062 1254 1157 Confugit
1280 1062 1365 1131 ad
1397 1062 1658 1132 Xanthi
1685 1061 1958 1158 rapidos
1986 1067 2339 1158 perterrita
2372 1068 2661 1157 fluctus,

605 1175 1085 1268 Auxiliumque
1119 1174 1289 1267 petit
1332 1173 1540 1241 divini
1584 1173 1929 1243 fluminis:
1972 1174 2081 1243 ille

599 1292 855 1370 Instat,
893 1300 958 1353 et
995 1284 1066 1353 in
1103 1282 1338 1353 mediis
1376 1300 1720 1378 pugnatur
1756 1286 2041 1379 gurgitis
2083 1287 2315 1375 undis3

599 1401 708 1466 Ira
744 1396 947 1465 dabat
981 1395 1186 1480 vires,
1227 1394 1657 1489 stringuntur
1694 1398 2023 1491 sanguine
2068 1398 2264 1493 ripae,

1303 1542 1324 1565 Q

572 1584 691 1651 906.
727 1582 884 1631 claris
923 1580 1240 1629 committeret
1273 1580 1417 1629 aser-125
1459 1578 1528 1630 H.

500 1660 646 1734 quod
675 1658 906 1711 deterius
933 1669 1025 1711 est.
1053 1660 1350 1709 Subminme
1385 1661 1531 1709 aste-is

501 1739 746 1813 explicari
765 1750 933 1811 potest
955 1740 1069 1791 hinc
1083 1740 1284 1789 mittet-et
1298 1738 1349 1788 in
1371 1752 1528 1797 asem,

501 1824 588 1875 vel
625 1820 840 1873 inferret
871 1818 1024 1871 astris
1065 1818 1206 1869 fama
1244 1830 1294 1870 et
1330 1816 1531 1888 gloria3

501 1902 594 1957 sed
629 1914 808 1955 tamen
839 1899 1024 1953 malim
1059 1899 1136 1951 sie
1168 1897 1501 1969 interpretari
1519 1935 1534 1960 ,

405 1985 416 1999 ‘
501 1996 560 2036 ut
577 1980 840 2053 significet
856 2018 870 2045 ,
890 1994 1058 2049 genus
1079 1978 1380 2047 Augustum
1395 1976 1538 2028 face-

501 2073 581 2115 ret
599 2061 783 2114 venire
813 2057 869 2110 in
891 2058 1050 2109 vitam
1089 2066 1142 2107 et
1175 2055 1274 2107 sub
1307 2054 1497 2109 colum
1518 2091 1535 2115 ,

501 2136 955 2214 quemadmodum
973 2136 1232 2208 Virgilius
1252 2134 1322 2187 de
1341 2154 1538 2207 genere

507 2226 745 2292 Augusto
771 2216 1008 2289 loquitur
1035 2214 1246 2269 AEneid.
1262 2215 1343 2266 v1
1360 2233 1533 2285 ‚7902

502 2300 646 2375 «Hic
685 2300 858 2351 Caesar
899 2308 952 2349 et
985 2296 1162 2349 omnis
1197 2295 1304 2347 Iuli
1338 2295 1537 2367 Proge-

507 2381 660 2443 nies,
711 2394 965 2448 magnum
1011 2376 1124 2429 caeli
1169 2386 1389 2427 ventura
1437 2376 1539 2428 sub

505 2478 700 2513 axem»
707 2496 718 2507 .
767 2457 849 2509 Ad
891 2459 1044 2529 cujus
1084 2454 1353 2527 exemplar
1401 2456 1540 2521 loci,

511 2550 690 2592 nostro
734 2539 789 2590 in
825 2554 986 2589 versu
1028 2532 1312 2606 legendum
1359 2534 1540 2606 putavi

511 2622 625 2670 coelt'
655 2618 950 2669 submitteret
981 2616 1144 2667 astris.
1186 2614 1391 2685 Nempe
1425 2616 1541 2664 sub-

512 2702 695 2751 mittere
721 2694 986 2749 interdum
1014 2704 1094 2746 est
1126 2692 1318 2746 efferre
1343 2704 1396 2745 et
1423 2712 1541 2747 sur-

510 2798 628 2832 sum
646 2777 898 2831 emittere.
920 2773 1056 2827 Hinc
1081 2774 1330 2824 submissa.-
1351 2792 1541 2827 manus

510 2859 595 2912 vel
622 2856 832 2931 palmae,
861 2855 896 2908 i.
925 2872 971 2907 e.
1003 2854 1150 2907 elata
1180 2870 1317 2924 saepe
1345 2872 1539 2907 occur.

511 2950 638 2993 runt
649 2935 794 3009 apud
807 2946 1015 3007 poetas,
1028 2952 1073 2986 e.
1090 2952 1141 3005 g.
1157 2932 1248 2985 Sil.
1267 2933 1382 2985 Ital.
1403 2934 1511 2985 ΧΠ
1527 2974 1542 3000 ,

513 3023 632 3082 640.
658 3019 724 3071 Et
743 3014 1045 3086 Propertius
1067 3052 1081 3077 ,
1105 3014 1131 3065 1
1153 3053 1168 3079 ,
1193 3030 1220 3065 2
1243 3050 1258 3076 ,
1281 3032 1336 3081 9,
1361 3012 1428 3065 de
1451 3013 1543 3066 fio.

766 3121 787 3142 ι
818 3092 1048 3166 Adspice
1092 3104 1222 3165 quot
1271 3093 1542 3147 submittat

511 3176 708 3230 humus
732 3176 960 3228 formosa
986 3173 1190 3227 colores
1215 3198 1253 3225 ι.
1278 3174 1541 3226 Caeterum

515 3256 763 3309 Bar-thius
786 3256 819 3306 1.
845 3272 893 3306 c.
919 3272 978 3305 ex
1005 3252 1110 3305 hoc
1139 3271 1296 3305 versu
1323 3270 1432 3305 non
1463 3265 1542 3305 te-

513 3353 660 3389 mere
691 3331 914 3403 colligit,
946 3350 1140 3403 poema
1175 3331 1315 3383 istud
1344 3331 1412 3384 ab
1439 3334 1544 3384 Ro·

515 3432 677 3468 mano
696 3412 944 3477 homine,
970 3422 1022 3463 et
1047 3412 1210 3463 Roma
1240 3408 1417 3465 adhuc
1445 3414 1544 3465 sub

517 3492 764 3566 Augustis
777 3490 1158 3563 imperantibus
1169 3488 1410 3556 florente,
1425 3493 1549 3547 scri-

515 3588 667 3648 ptum
689 3590 816 3625 esse.
839 3602 909 3610 —
927 3570 1076 3623 Hanc
1097 3571 1398 3641 opinionem
1418 3572 1545 3624 Bar-

514 3654 613 3710 thii
627 3652 684 3705 in
705 3650 960 3723 prooemio
978 3649 1046 3702 de
1061 3649 1310 3721 Epitome
1329 3650 1545 3713 Iliados,

519 3734 632 3787 init.
657 3728 920 3785 Wernsd.
939 3728 1136 3782 retulit.
1159 3730 1262 3781 En.

583 3828 704 3882 907.
733 3816 840 3862 Nec
866 3814 1020 3861 clara·
1049 3808 1114 3861 G.
1148 3828 1174 3860 2
1191 3850 1204 3873 ,
1229 3828 1543 3880 perperam:

510 3907 562 3947 et
589 3892 663 3945 ibi
687 3889 964 3965 subjicitur
983 3889 1070 3941 hic
1089 3908 1271 3942 versus
1299 3890 1538 3960 ineptus:

516 3973 630 4026 -Ni
674 3990 730 4023 se
775 3970 1070 4041 proriperet
1119 3988 1278 4022 curru
1326 3988 1539 4041 quoque

513 4054 711 4104 invisus
749 4049 970 4101 abiret·
1011 4066 1024 4099 ε
1089 4048 1236 4120 quod
1281 4050 1537 4120 glossema

499 4141 700 4210 'contra
727 4126 1020 4179 Homerum
1042 4138 1132 4181 est.
1161 4128 1465 4181 Barthiusl.
1490 4148 1536 4182 c.

1618 1578 1760 1633 illud
1805 1584 1959 1632 claroe
2001 1599 2112 1633 non
2152 1582 2371 1653 probat,
2417 1596 2469 1635 et
2508 1585 2659 1638 aliud

1622 1658 1897 1729 quidpiam
1928 1661 1986 1711 iu
2012 1678 2077 1713 eo
2112 1660 2278 1714 latere
2311 1672 2463 1733 putat
2482 1702 2497 1725 ‚
2539 1670 2655 1716 Νοη

1620 1742 1796 1799 Latia,
1820 1738 1907 1792 vel
1924 1744 2039 1792 Non
2060 1744 2188 1791 1011ae
2206 1741 2391 1812 gentis.
2422 1742 2530 1796 Sed
2548 1762 2661 1797 non

1622 1836 1758 1891 opus
1777 1829 1891 1873 erat
1906 1830 2115 1890 gentem
2132 1820 2163 1871 J
2166 1820 2328 1872 uliam
2346 1820 2479 1885 alic,
2498 1842 2665 1895 quam

1623 1897 1941 1970 appellativo
1970 1899 2190 1951 nomine
2216 1904 2374 1953 οἱον-ω
2410 1901 2665 1974 designa·

1624 1997 1711 2040 re,
1739 1996 1907 2056 quum
1936 1998 1999 2032 ea
2020 1984 2133 2055 jam
2170 1980 2297 2034 satis
2334 1982 2560 2055 intelligi
2596 2003 2661 2037 ex

1627 2057 1957 2129 praecedente
1982 2070 2351 2129 Augustumque
2360 2080 2525 2129 genus
2542 2082 2665 2135 poo-

1628 2138 1714 2191 sit.
1744 2142 1893 2191 clara
1912 2150 2093 2192 autem
2120 2151 2235 2195 κατ’
2260 2144 2429 2211 ἐξοχὴν
2448 2140 2665 2195 diceba-

1627 2228 1715 2270 tur
1738 2237 1869 2287 gens
1886 2221 2021 2270 Iulia
2036 2258 2053 2279 ,
2084 2218 2231 2291 quod
2262 2234 2555 2291 apparente
2572 2222 2665 2274 Ju-

1628 2296 1701 2347 lio
1721 2296 1895 2350 sidere
1911 2337 1927 2363 ,
1950 2298 2036 2351 vel
2062 2298 2287 2352 Dionaeo
2306 2310 2447 2353 nstro
2462 2342 2481 2367 ‚
2514 2300 2663 2373 quod

1628 2375 1879 2429 Horatius
1914 2390 1965 2429 et
1992 2376 2252 2449 Virgilius
2282 2375 2492 2446 dicunt,
2526 2400 2663 2453 pra·

1630 2456 1785 2527 cipue
1814 2456 2083 2509 declarata
2106 2458 2483 2528 putabatur.—-
2500 2465 2665 2529 Origi-

1631 2552 1741 2587 nem
1761 2536 1892 2590 Iulo
1921 2536 2095 2607 gentis
2114 2539 2306 2591 Noster
2324 2543 2548 2593 AEueam
2576 2540 2663 2593 di-

1631 2615 1707 2667 cit
1730 2614 1799 2668 ad
1826 2614 2048 2669 modum
2067 2616 2280 2688 Virgilii
2298 2657 2313 2683 ,
2337 2619 2431 2692 qui
2451 2619 2662 2674 AEueid.

1632 2694 1741 2746 XII
1760 2732 1775 2759 ,
1814 2714 1892 2748 vs.
1921 2700 2019 2749 166
2041 2714 2055 2749 ε
2084 2722 2111 2741 α
2130 2696 2267 2751 Hinc
2293 2710 2445 2769 pater
2464 2702 2667 2753 AEueas

1630 2778 1879 2830 Romano
1910 2777 2086 2850 stirpis
2118 2778 2302 2851 origo·
2320 2798 2339 2843 ξ
2370 2796 2426 2833 et
2452 2785 2575 2833 AEn.
2608 2783 2667 2847 1,

1635 2858 1735 2911 286
1760 2876 1775 2909 τ
1810 2882 1833 2904 ι
1854 2858 2113 2913 Nascetur
2148 2860 2370 2931 pulchra
2396 2860 2667 2925 Troianus

1630 2938 1838 3010 origine
1864 2940 2040 2992 Coesar
2065 2940 2266 3001 Julius;
2295 2959 2326 2993 a
2358 2960 2551 3015 mag-uo
2574 2940 2667 2995 de>

1632 3019 1849 3071 missum
1874 3037 2069 3071 nomen
2100 3019 2220 3073 Iulo
2238 3045 2279 3073 ».

1704 3114 1823 3165 909·
1855 3104 2212 3167 lugentemque
2245 3104 2441 3152 modum
2478 3101 2669 3175 legunt

1631 3196 1817 3231 omnes
1841 3178 1947 3231 mei
1966 3179 2151 3251 scripti
2171 3220 2185 3245 ,
2210 3180 2357 3251 quod
2380 3199 2490 3233 non
2517 3202 2668 3253 spet-

1631 3256 1869 3309 nendum
1910 3270 2044 3329 puto
2064 3297 2078 3322 ,
2118 3270 2171 3310 et
2216 3265 2389 3313 madm-
2436 3262 2669 3316 subinde

1632 3336 1829 3389 dicitur
1848 3356 1949 3410 pro
1968 3340 2157 3410 quavis
2185 3342 2556 3413 magnitudine
2580 3345 2667 3397 vel

1632 3434 1909 3483 mensura,
1944 3429 2003 3469 ut
2038 3418 2107 3471 ab
2144 3418 2394 3488 Horatio,
2426 3424 2541 3477 Sat.
2573 3426 2665 3491 11,

1636 3515 1663 3547 2
1682 3536 1698 3563 ‚
1718 3498 1785 3549 36
1806 3515 1820 3550 :
1868 3521 1889 3543 ι
1916 3494 2127 3551 Scilicet
2150 3499 2253 3552 inis
2280 3500 2537 3575 Majorem
2562 3524 2667 3559 na-

1632 3588 1750 3628 tura
1774 3576 1992 3629 modum
2024 3575 2170 3631 dedit
2192 3597 2249 3642 »ς
2274 3592 2323 3632 et
2352 3582 2407 3632 11
2424 3621 2440 3643 ,
2480 3588 2547 3649 6,
2590 3602 2617 3637 ι
2649 3605 2665 3639 :

1638 3682 1659 3700 ‹-
1688 3654 1878 3710 modus
1898 3658 2010 3728 agri
2034 3676 2145 3709 non
2170 3659 2239 3711 ita
2266 3678 2492 3732 magnus
2506 3690 2548 3716 ι».

1704 3736 1824 3804 913.
1847 3740 1909 3787 In
1938 3740 2109 3788 mediis
2136 3742 2347 3791 bellatur
2360 3740 2427 3793 Η.

1705 3820 1828 3882 914'.
1864 3818 2179 3885 Str-ineuntur
2208 3824 2457 3889 sunguine
2500 3822 2571 3875 Η.
2610 3812 2667 3877 et

1634 3894 1708 3947 sic
1730 3894 1785 3945 in
1806 3894 2015 3949 duobus
2032 3897 2275 3952 biblioth.
2297 3900 2445 3955 Leid.
2468 3904 2668 3957 codici·

1630 3974 1727 4026 bus
1751 3973 1857 4045 legi
1883 3987 2101 4030 testatur
2120 3978 2453 4034 Burmannus
2472 4002 2573 4036 sec.
2588 3984 2665 4037 ad

1628 4052 1841 4104 Anthol.
1878 4064 1912 4106 t.
1947 4056 2001 4117 1,
2041 4076 2090 4127 p.
2133 4058 2218 4125 73.
2258 4062 2347 4110 Tin
2314 4077 2539 4129 aguntur
2565 4062 2661 4117 alii

1628 4130 1829 4183 habent
1844 4134 2027 4205 ,quod
2059 4134 2288 4191 deserui.
2394 4156 2399 4159 ·
