<?xml version="1.0" encoding="UTF-8"?>
<!DOCTYPE html PUBLIC "-//W3C//DTD XHTML 1.0 Transitional//EN"
    "http://www.w3.org/TR/xhtml1/DTD/xhtml1-transitional.dtd">
<html xmlns="http://www.w3.org/1999/xhtml" xml:lang="en" lang="en">
 <head>
  <title>
</title>
<meta http-equiv="Content-Type" content="text/html;charset=utf-8" />
  <meta name='ocr-system' content='tesseract 3.04.00' />
  <meta name='ocr-capabilities' content='ocr_page ocr_carea ocr_par ocr_line ocrx_word'/>
</head>
<body>
  <div class='ocr_page' id='page_1' title='image "./poetaelatinimin00unkngoog_0214.png"; bbox 0 0 2975 4684; ppageno 0'>
   <div class='ocr_carea' id='block_1_1' title="bbox 734 302 2444 404">
    <p class='ocr_par' dir='ltr' id='par_1_1' title="bbox 734 302 2444 404">
     <span class='ocr_line' id='line_1_1' title="bbox 734 302 2444 404; baseline 0.004 -32"><span class='ocrx_word' id='word_1_1' title='bbox 734 302 867 372; x_wconf 83' lang='lat' dir='ltr'><strong>AD</strong></span> <span class='ocrx_word' id='word_1_2' title='bbox 924 304 1329 374; x_wconf 77' lang='lat' dir='ltr'><strong>LuclLu</strong></span> <span class='ocrx_word' id='word_1_3' title='bbox 1384 305 1600 404; x_wconf 68' lang='lat' dir='ltr'><strong>um.</strong></span> <span class='ocrx_word' id='word_1_4' title='bbox 1655 303 2049 377; x_wconf 85' lang='lat' dir='ltr'><strong>AETNAM.</strong></span> <span class='ocrx_word' id='word_1_5' title='bbox 2307 306 2444 379; x_wconf 80' lang='lat'><strong>205</strong></span> 
     </span>
    </p>
   </div>
   <div class='ocr_carea' id='block_1_2' title="bbox 787 441 1960 914">
    <p class='ocr_par' dir='ltr' id='par_1_2' title="bbox 866 441 1944 582">
     <span class='ocr_line' id='line_1_2' title="bbox 866 441 1944 496; baseline 0.003 -3"><span class='ocrx_word' id='word_1_6' title='bbox 866 441 1079 496; x_wconf 80' lang='lat' dir='ltr'><strong>DIDIA.</strong></span> <span class='ocrx_word' id='word_1_7' title='bbox 1112 442 1181 496; x_wconf 85' lang='grc' dir='ltr'><strong>Τ.</strong></span> <span class='ocrx_word' id='word_1_8' title='bbox 1219 443 1283 496; x_wconf 87' lang='lat' dir='ltr'><strong>L.</strong></span> <span class='ocrx_word' id='word_1_9' title='bbox 1327 442 1596 496; x_wconf 76' lang='lat' dir='ltr'><strong>SALVIA.</strong></span> <span class='ocrx_word' id='word_1_10' title='bbox 1634 441 1894 496; x_wconf 80' lang='lat' dir='ltr'><strong>MATER.</strong></span> <span class='ocrx_word' id='word_1_11' title='bbox 1937 451 1944 458; x_wconf 83' lang='grc'><em>“</em></span> 
     </span>
     <span class='ocr_line' id='line_1_3' title="bbox 1042 525 1714 582; baseline 0 -4"><span class='ocrx_word' id='word_1_12' title='bbox 1042 525 1140 578; x_wconf 88' lang='grc' dir='ltr'><strong>ΙΝ.</strong></span> <span class='ocrx_word' id='word_1_13' title='bbox 1192 525 1364 579; x_wconf 86' lang='grc' dir='ltr'><strong>ΜΕΟ.</strong></span> <span class='ocrx_word' id='word_1_14' title='bbox 1414 526 1714 582; x_wconf 86' lang='lat' dir='ltr'><strong>DOLORE.</strong></span> 
     </span>
    </p>

    <p class='ocr_par' dir='ltr' id='par_1_3' title="bbox 787 609 1960 914">
     <span class='ocr_line' id='line_1_4' title="bbox 988 609 1776 665; baseline -0.001 -2"><span class='ocrx_word' id='word_1_15' title='bbox 988 609 1083 664; x_wconf 87' lang='lat' dir='ltr'><strong>IN.</strong></span> <span class='ocrx_word' id='word_1_16' title='bbox 1138 609 1299 664; x_wconf 80' lang='lat' dir='ltr'><strong>Hoc.</strong></span> <span class='ocrx_word' id='word_1_17' title='bbox 1352 609 1776 665; x_wconf 83' lang='lat' dir='ltr'><strong>SEPVLCHRO.</strong></span> 
     </span>
     <span class='ocr_line' id='line_1_5' title="bbox 787 691 1960 746; baseline 0.003 -4"><span class='ocrx_word' id='word_1_18' title='bbox 787 692 987 745; x_wconf 74' lang='lat' dir='ltr'><strong>VIVA.</strong></span> <span class='ocrx_word' id='word_1_19' title='bbox 1027 693 1299 746; x_wconf 80' lang='lat' dir='ltr'><strong>NOMEN.</strong></span> <span class='ocrx_word' id='word_1_20' title='bbox 1338 692 1687 746; x_wconf 86' lang='lat' dir='ltr'><strong>INSCRIPSI.</strong></span> <span class='ocrx_word' id='word_1_21' title='bbox 1723 691 1960 746; x_wconf 76' lang='lat' dir='ltr'><strong>MEVM.</strong></span> 
     </span>
     <span class='ocr_line' id='line_1_6' title="bbox 922 775 1838 830; baseline 0.001 -3"><span class='ocrx_word' id='word_1_22' title='bbox 922 775 1123 830; x_wconf 77' lang='lat' dir='ltr'><strong>HAEC.</strong></span> <span class='ocrx_word' id='word_1_23' title='bbox 1169 777 1313 829; x_wconf 89' lang='lat' dir='ltr'><strong>EST.</strong></span> <span class='ocrx_word' id='word_1_24' title='bbox 1364 776 1623 830; x_wconf 86' lang='lat' dir='ltr'><strong>DOMvs.</strong></span> <span class='ocrx_word' id='word_1_25' title='bbox 1672 775 1838 828; x_wconf 77' lang='lat' dir='ltr'><strong>MEA.</strong></span> 
     </span>
     <span class='ocr_line' id='line_1_7' title="bbox 1180 859 1584 914; baseline 0 -2"><span class='ocrx_word' id='word_1_26' title='bbox 1180 859 1357 914; x_wconf 79' lang='lat' dir='ltr'><strong>CVM.</strong></span> <span class='ocrx_word' id='word_1_27' title='bbox 1400 859 1584 912; x_wconf 82' lang='lat' dir='ltr'><strong>MEIS.</strong></span> 
     </span>
    </p>
   </div>
   <div class='ocr_carea' id='block_1_3' title="bbox 311 985 2436 1589">
    <p class='ocr_par' dir='ltr' id='par_1_4' title="bbox 311 985 2436 1180">
     <span class='ocr_line' id='line_1_8' title="bbox 312 985 2436 1078; baseline 0.001 -24"><span class='ocrx_word' id='word_1_28' title='bbox 312 991 391 1054; x_wconf 88' lang='lat' dir='ltr'><strong>Et</strong></span> <span class='ocrx_word' id='word_1_29' title='bbox 415 991 483 1052; x_wconf 85' lang='lat' dir='ltr'><strong>in</strong></span> <span class='ocrx_word' id='word_1_30' title='bbox 512 987 925 1053; x_wconf 81' lang='lat' dir='ltr'>Narbonensi</span> <span class='ocrx_word' id='word_1_31' title='bbox 953 988 1255 1077; x_wconf 85' lang='lat' dir='ltr'><strong>Inscript.</strong></span> <span class='ocrx_word' id='word_1_32' title='bbox 1282 987 1455 1078; x_wconf 86' lang='lat' dir='ltr'><strong>apud</strong></span> <span class='ocrx_word' id='word_1_33' title='bbox 1478 986 1813 1052; x_wconf 80' lang='lat' dir='ltr'><strong>Maffeium</strong></span> <span class='ocrx_word' id='word_1_34' title='bbox 1831 1033 1852 1068; x_wconf 89' lang='lat'>‚</span> <span class='ocrx_word' id='word_1_35' title='bbox 1885 986 1956 1048; x_wconf 89' lang='lat' dir='ltr'><strong>in</strong></span> <span class='ocrx_word' id='word_1_36' title='bbox 1981 985 2204 1051; x_wconf 73' lang='lat' dir='ltr'><strong>Galliae</strong></span> <span class='ocrx_word' id='word_1_37' title='bbox 2217 992 2436 1078; x_wconf 83' lang='lat' dir='ltr'><strong>Antiq.</strong></span> 
     </span>
     <span class='ocr_line' id='line_1_9' title="bbox 311 1091 1009 1180; baseline -0.001 -27"><span class='ocrx_word' id='word_1_38' title='bbox 311 1091 511 1180; x_wconf 85' lang='lat' dir='ltr'><strong>Epist.</strong></span> <span class='ocrx_word' id='word_1_39' title='bbox 536 1091 681 1175; x_wconf 82' lang='lat' dir='ltr'><strong>XV,</strong></span> <span class='ocrx_word' id='word_1_40' title='bbox 717 1113 863 1179; x_wconf 84' lang='lat' dir='ltr'><strong>pag.</strong></span> <span class='ocrx_word' id='word_1_41' title='bbox 887 1111 965 1178; x_wconf 85' lang='lat'><strong>71</strong></span> <span class='ocrx_word' id='word_1_42' title='bbox 994 1111 1009 1152; x_wconf 77' lang='lat' dir='ltr'><strong><em>z</em></strong></span> 
     </span>
    </p>

    <p class='ocr_par' dir='ltr' id='par_1_5' title="bbox 312 1225 1825 1464">
     <span class='ocr_line' id='line_1_10' title="bbox 594 1225 1825 1302; baseline -0.003 -20"><span class='ocrx_word' id='word_1_43' title='bbox 594 1229 746 1282; x_wconf 83' lang='lat' dir='ltr'><strong>Hanc</strong></span> <span class='ocrx_word' id='word_1_44' title='bbox 767 1226 1027 1302; x_wconf 74' lang='lat' dir='ltr'><strong>siquidem</strong></span> <span class='ocrx_word' id='word_1_45' title='bbox 1050 1227 1205 1282; x_wconf 80' lang='lat' dir='ltr'><strong>nobis</strong></span> <span class='ocrx_word' id='word_1_46' title='bbox 1232 1227 1342 1282; x_wconf 81' lang='lat' dir='ltr'><strong>fata</strong></span> <span class='ocrx_word' id='word_1_47' title='bbox 1367 1225 1564 1282; x_wconf 85' lang='lat' dir='ltr'><strong>dedere</strong></span> <span class='ocrx_word' id='word_1_48' title='bbox 1589 1227 1825 1284; x_wconf 87' lang='lat' dir='ltr'><strong>domum.</strong></span> 
     </span>
     <span class='ocr_line' id='line_1_11' title="bbox 312 1371 1741 1464; baseline 0.002 -26"><span class='ocrx_word' id='word_1_49' title='bbox 312 1376 386 1438; x_wconf 88' lang='lat' dir='ltr'><strong>ln</strong></span> <span class='ocrx_word' id='word_1_50' title='bbox 420 1372 773 1463; x_wconf 87' lang='lat' dir='ltr'><strong>Epitaphio</strong></span> <span class='ocrx_word' id='word_1_51' title='bbox 804 1371 1049 1437; x_wconf 81' lang='lat' dir='ltr'><strong>Lesbiae</strong></span> <span class='ocrx_word' id='word_1_52' title='bbox 1081 1373 1255 1461; x_wconf 86' lang='lat' dir='ltr'><strong>apud</strong></span> <span class='ocrx_word' id='word_1_53' title='bbox 1294 1373 1463 1438; x_wconf 87' lang='lat' dir='ltr'><strong>Pith.</strong></span> <span class='ocrx_word' id='word_1_54' title='bbox 1503 1397 1569 1464; x_wconf 89' lang='lat' dir='ltr'><strong>p.</strong></span> <span class='ocrx_word' id='word_1_55' title='bbox 1609 1375 1694 1462; x_wconf 80' lang='lat'><strong>95</strong></span> <span class='ocrx_word' id='word_1_56' title='bbox 1723 1400 1741 1440; x_wconf 76' lang='lat' dir='ltr'>t</span> 
     </span>
    </p>

    <p class='ocr_par' dir='ltr' id='par_1_6' title="bbox 593 1515 1808 1589">
     <span class='ocr_line' id='line_1_12' title="bbox 593 1515 1808 1589; baseline 0.003 -20"><span class='ocrx_word' id='word_1_57' title='bbox 593 1517 747 1571; x_wconf 79' lang='lat' dir='ltr'><strong>Hanc</strong></span> <span class='ocrx_word' id='word_1_58' title='bbox 777 1517 877 1569; x_wconf 75' lang='lat' dir='ltr'><strong>sihi</strong></span> <span class='ocrx_word' id='word_1_59' title='bbox 908 1517 1019 1570; x_wconf 75' lang='lat' dir='ltr'><strong>sola</strong></span> <span class='ocrx_word' id='word_1_60' title='bbox 1048 1515 1269 1570; x_wconf 85' lang='lat' dir='ltr'><strong>domum</strong></span> <span class='ocrx_word' id='word_1_61' title='bbox 1295 1519 1534 1589; x_wconf 79' lang='lat' dir='ltr'><strong>corporis</strong></span> <span class='ocrx_word' id='word_1_62' title='bbox 1561 1519 1808 1573; x_wconf 79' lang='lat' dir='ltr'><strong>instituit.</strong></span> 
     </span>
    </p>
   </div>
   <div class='ocr_carea' id='block_1_4' title="bbox 308 1656 2444 2618">
    <p class='ocr_par' dir='ltr' id='par_1_7' title="bbox 308 1656 2442 1950">
     <span class='ocr_line' id='line_1_13' title="bbox 311 1656 2442 1748; baseline 0.001 -26"><span class='ocrx_word' id='word_1_63' title='bbox 311 1659 391 1722; x_wconf 89' lang='lat' dir='ltr'><strong>Et</strong></span> <span class='ocrx_word' id='word_1_64' title='bbox 429 1657 586 1722; x_wconf 85' lang='lat' dir='ltr'><strong>alibi</strong></span> <span class='ocrx_word' id='word_1_65' title='bbox 634 1679 835 1746; x_wconf 67' lang='lat' dir='ltr'><strong>saepe,</strong></span> <span class='ocrx_word' id='word_1_66' title='bbox 896 1678 981 1720; x_wconf 88' lang='lat' dir='ltr'><strong>ne</strong></span> <span class='ocrx_word' id='word_1_67' title='bbox 1020 1656 1221 1721; x_wconf 87' lang='lat' dir='ltr'><strong>nimia</strong></span> <span class='ocrx_word' id='word_1_68' title='bbox 1264 1657 1552 1722; x_wconf 83' lang='lat' dir='ltr'><strong>afferam.</strong></span> <span class='ocrx_word' id='word_1_69' title='bbox 1577 1657 1725 1724; x_wconf 86' lang='lat' dir='ltr'><strong>vid.</strong></span> <span class='ocrx_word' id='word_1_70' title='bbox 1760 1659 2048 1724; x_wconf 85' lang='lat' dir='ltr'><strong>Bonifac.</strong></span> <span class='ocrx_word' id='word_1_71' title='bbox 2097 1660 2178 1724; x_wconf 84' lang='lat' dir='ltr'><strong>de</strong></span> <span class='ocrx_word' id='word_1_72' title='bbox 2225 1682 2442 1748; x_wconf 89' lang='lat' dir='ltr'><strong>comp.</strong></span> 
     </span>
     <span class='ocr_line' id='line_1_14' title="bbox 308 1758 2438 1850; baseline 0 -24"><span class='ocrx_word' id='word_1_73' title='bbox 308 1760 609 1850; x_wconf 78' lang='lat' dir='ltr'><strong>Epitaph.</strong></span> <span class='ocrx_word' id='word_1_74' title='bbox 633 1782 770 1847; x_wconf 90' lang='lat' dir='ltr'><strong>cap.</strong></span> <span class='ocrx_word' id='word_1_75' title='bbox 798 1781 866 1842; x_wconf 86' lang='lat'><strong>2,</strong></span> <span class='ocrx_word' id='word_1_76' title='bbox 890 1773 957 1822; x_wconf 86' lang='lat' dir='ltr'><strong>et</strong></span> <span class='ocrx_word' id='word_1_77' title='bbox 982 1758 1341 1823; x_wconf 80' lang='lat' dir='ltr'><strong>Oliverium</strong></span> <span class='ocrx_word' id='word_1_78' title='bbox 1358 1807 1376 1840; x_wconf 89' lang='lat'>‚</span> <span class='ocrx_word' id='word_1_79' title='bbox 1396 1759 1480 1823; x_wconf 87' lang='lat' dir='ltr'><strong>ad</strong></span> <span class='ocrx_word' id='word_1_80' title='bbox 1508 1760 1736 1824; x_wconf 79' lang='lat' dir='ltr'><strong>Manu.</strong></span> <span class='ocrx_word' id='word_1_81' title='bbox 1765 1761 2012 1824; x_wconf 87' lang='lat' dir='ltr'><strong>Pisaur.</strong></span> <span class='ocrx_word' id='word_1_82' title='bbox 2037 1784 2101 1849; x_wconf 90' lang='lat' dir='ltr'><strong>p.</strong></span> <span class='ocrx_word' id='word_1_83' title='bbox 2137 1759 2280 1825; x_wconf 84' lang='lat'><strong>168.</strong></span> <span class='ocrx_word' id='word_1_84' title='bbox 2319 1761 2438 1826; x_wconf 84' lang='lat' dir='ltr'><strong>En.</strong></span> 
     </span>
     <span class='ocr_line' id='line_1_15' title="bbox 394 1851 2438 1950; baseline -0.001 -24"><span class='ocrx_word' id='word_1_85' title='bbox 394 1861 697 1950; x_wconf 90' lang='lat' dir='ltr'><strong>Denique</strong></span> <span class='ocrx_word' id='word_1_86' title='bbox 724 1860 791 1924; x_wconf 90' lang='lat' dir='ltr'><strong>in</strong></span> <span class='ocrx_word' id='word_1_87' title='bbox 815 1858 945 1924; x_wconf 87' lang='lat' dir='ltr'><strong>fine</strong></span> <span class='ocrx_word' id='word_1_88' title='bbox 966 1883 1188 1924; x_wconf 80' lang='lat' dir='ltr'><strong>versus</strong></span> <span class='ocrx_word' id='word_1_89' title='bbox 1219 1859 1568 1950; x_wconf 85' lang='lat' dir='ltr'><strong>legendum</strong></span> <span class='ocrx_word' id='word_1_90' title='bbox 1596 1851 1733 1926; x_wconf 78' lang='lat' dir='ltr'><strong>esse</strong></span> <span class='ocrx_word' id='word_1_91' title='bbox 1761 1885 1912 1926; x_wconf 83' lang='lat' dir='ltr'><strong>rura</strong></span> <span class='ocrx_word' id='word_1_92' title='bbox 1935 1863 2193 1931; x_wconf 83' lang='lat' dir='ltr'><strong>Piorum</strong></span> <span class='ocrx_word' id='word_1_93' title='bbox 2210 1909 2231 1942; x_wconf 93' lang='lat'>‚</span> <span class='ocrx_word' id='word_1_94' title='bbox 2271 1884 2401 1925; x_wconf 89' lang='lat' dir='ltr'><strong>non</strong></span> <span class='ocrx_word' id='word_1_95' title='bbox 2420 1910 2438 1942; x_wconf 86' lang='lat'>,</span> 
     </span>
    </p>

    <p class='ocr_par' dir='ltr' id='par_1_8' title="bbox 308 1961 2444 2358">
     <span class='ocr_line' id='line_1_16' title="bbox 308 1961 2444 2052; baseline -0.001 -24"><span class='ocrx_word' id='word_1_96' title='bbox 308 1981 643 2028; x_wconf 76' lang='lat' dir='ltr'><strong>ut.omnes</strong></span> <span class='ocrx_word' id='word_1_97' title='bbox 675 1961 991 2026; x_wconf 81' lang='lat' dir='ltr'><strong>editiones</strong></span> <span class='ocrx_word' id='word_1_98' title='bbox 1015 1962 1387 2050; x_wconf 75' lang='lat' dir='ltr'><strong>praeferunt,</strong></span> <span class='ocrx_word' id='word_1_99' title='bbox 1392 1963 1560 2050; x_wconf 79' lang='lat' dir='ltr'><strong>jura</strong></span> <span class='ocrx_word' id='word_1_100' title='bbox 1572 2009 1592 2042; x_wconf 89' lang='lat'><strong><em>,</em></strong></span> <span class='ocrx_word' id='word_1_101' title='bbox 1617 1961 1846 2028; x_wconf 81' lang='lat' dir='ltr'><strong>eadem</strong></span> <span class='ocrx_word' id='word_1_102' title='bbox 1869 1961 2100 2028; x_wconf 81' lang='lat' dir='ltr'><strong>suadet</strong></span> <span class='ocrx_word' id='word_1_103' title='bbox 2117 1985 2444 2052; x_wconf 86' lang='lat' dir='ltr'><strong>compara-</strong></span> 
     </span>
     <span class='ocr_line' id='line_1_17' title="bbox 308 2062 2442 2154; baseline -0.001 -26"><span class='ocrx_word' id='word_1_104' title='bbox 308 2065 396 2129; x_wconf 84' lang='lat' dir='ltr'><strong>tio</strong></span> <span class='ocrx_word' id='word_1_105' title='bbox 421 2088 463 2128; x_wconf 89' lang='lat' dir='ltr'><strong>a</strong></span> <span class='ocrx_word' id='word_1_106' title='bbox 488 2079 679 2154; x_wconf 83' lang='lat' dir='ltr'><strong>poeta</strong></span> <span class='ocrx_word' id='word_1_107' title='bbox 714 2063 1005 2126; x_wconf 86' lang='lat' dir='ltr'><strong>instituta</strong></span> <span class='ocrx_word' id='word_1_108' title='bbox 1024 2109 1043 2143; x_wconf 90' lang='lat'>,</span> <span class='ocrx_word' id='word_1_109' title='bbox 1084 2062 1307 2152; x_wconf 83' lang='lat' dir='ltr'><strong>Campi</strong></span> <span class='ocrx_word' id='word_1_110' title='bbox 1334 2063 1596 2126; x_wconf 88' lang='lat' dir='ltr'><strong>Piorum</strong></span> <span class='ocrx_word' id='word_1_111' title='bbox 1619 2111 1638 2146; x_wconf 91' lang='lat'>,</span> <span class='ocrx_word' id='word_1_112' title='bbox 1663 2064 1730 2127; x_wconf 87' lang='lat' dir='ltr'><strong>in</strong></span> <span class='ocrx_word' id='word_1_113' title='bbox 1761 2085 1896 2152; x_wconf 88' lang='lat' dir='ltr'><strong>quo</strong></span> <span class='ocrx_word' id='word_1_114' title='bbox 1935 2079 2442 2128; x_wconf 86' lang='lat' dir='ltr'><strong>monumentum</strong></span> 
     </span>
     <span class='ocr_line' id='line_1_18' title="bbox 308 2165 2442 2256; baseline -0.001 -25"><span class='ocrx_word' id='word_1_115' title='bbox 308 2183 372 2231; x_wconf 82' lang='lat' dir='ltr'><strong>et</strong></span> <span class='ocrx_word' id='word_1_116' title='bbox 400 2184 631 2232; x_wconf 86' lang='lat' dir='ltr'><strong>statuae</strong></span> <span class='ocrx_word' id='word_1_117' title='bbox 665 2181 848 2230; x_wconf 83' lang='lat' dir='ltr'><strong>erant</strong></span> <span class='ocrx_word' id='word_1_118' title='bbox 885 2165 1158 2228; x_wconf 85' lang='lat' dir='ltr'>fratrum</span> <span class='ocrx_word' id='word_1_119' title='bbox 1202 2165 1661 2229; x_wconf 86' lang='lat' dir='ltr'><strong>Catanensium</strong></span> <span class='ocrx_word' id='word_1_120' title='bbox 1681 2213 1700 2247; x_wconf 90' lang='lat'>,</span> <span class='ocrx_word' id='word_1_121' title='bbox 1730 2187 1880 2229; x_wconf 86' lang='lat' dir='ltr'><strong>cum</strong></span> <span class='ocrx_word' id='word_1_122' title='bbox 1925 2187 2154 2254; x_wconf 84' lang='lat' dir='ltr'><strong>campo</strong></span> <span class='ocrx_word' id='word_1_123' title='bbox 2187 2165 2442 2256; x_wconf 80' lang='lat' dir='ltr'><strong>Elysio,</strong></span> 
     </span>
     <span class='ocr_line' id='line_1_19' title="bbox 310 2265 2235 2358; baseline -0.003 -24"><span class='ocrx_word' id='word_1_124' title='bbox 310 2270 417 2358; x_wconf 84' lang='lat' dir='ltr'><strong>qui</strong></span> <span class='ocrx_word' id='word_1_125' title='bbox 454 2285 523 2334; x_wconf 85' lang='lat' dir='ltr'><strong>et</strong></span> <span class='ocrx_word' id='word_1_126' title='bbox 554 2289 817 2356; x_wconf 83' lang='lat' dir='ltr'><strong>campus</strong></span> <span class='ocrx_word' id='word_1_127' title='bbox 839 2265 1103 2355; x_wconf 87' lang='lat' dir='ltr'><strong>piorum</strong></span> <span class='ocrx_word' id='word_1_128' title='bbox 1132 2265 1369 2332; x_wconf 86' lang='lat' dir='ltr'><strong>dicitur</strong></span> <span class='ocrx_word' id='word_1_129' title='bbox 1392 2289 1429 2330; x_wconf 91' lang='lat' dir='ltr'><strong>a</strong></span> <span class='ocrx_word' id='word_1_130' title='bbox 1450 2267 1714 2332; x_wconf 89' lang='lat' dir='ltr'><strong>Lucano</strong></span> <span class='ocrx_word' id='word_1_131' title='bbox 1735 2313 1753 2348; x_wconf 91' lang='lat'><strong>,</strong></span> <span class='ocrx_word' id='word_1_132' title='bbox 1794 2266 1906 2330; x_wconf 87' lang='lat' dir='ltr'><strong>lib.</strong></span> <span class='ocrx_word' id='word_1_133' title='bbox 1940 2268 2074 2349; x_wconf 86' lang='lat'>111,</span> <span class='ocrx_word' id='word_1_134' title='bbox 2113 2289 2190 2330; x_wconf 86' lang='lat'><strong>12</strong></span> <span class='ocrx_word' id='word_1_135' title='bbox 2220 2288 2235 2329; x_wconf 72' lang='grc' dir='ltr'><strong>ε</strong></span> 
     </span>
    </p>

    <p class='ocr_par' dir='ltr' id='par_1_9' title="bbox 590 2395 1844 2470">
     <span class='ocr_line' id='line_1_20' title="bbox 590 2395 1844 2470; baseline -0.001 -20"><span class='ocrx_word' id='word_1_136' title='bbox 590 2396 812 2450; x_wconf 79' lang='lat' dir='ltr'>Sedibus</span> <span class='ocrx_word' id='word_1_137' title='bbox 833 2395 1047 2470; x_wconf 77' lang='lat' dir='ltr'><strong>Elysiis,</strong></span> <span class='ocrx_word' id='word_1_138' title='bbox 1066 2413 1363 2469; x_wconf 81' lang='lat' dir='ltr'>campoque</span> <span class='ocrx_word' id='word_1_139' title='bbox 1390 2397 1606 2468; x_wconf 73' lang='lat' dir='ltr'><strong>expulsa</strong></span> <span class='ocrx_word' id='word_1_140' title='bbox 1631 2397 1844 2468; x_wconf 83' lang='lat' dir='ltr'><strong>piorum</strong></span> 
     </span>
    </p>

    <p class='ocr_par' dir='ltr' id='par_1_10' title="bbox 591 2477 2060 2554">
     <span class='ocr_line' id='line_1_21' title="bbox 591 2477 2060 2554; baseline 0.001 -23"><span class='ocrx_word' id='word_1_141' title='bbox 591 2477 673 2531; x_wconf 75' lang='lat' dir='ltr'><strong>Ad</strong></span> <span class='ocrx_word' id='word_1_142' title='bbox 694 2479 900 2552; x_wconf 77' lang='lat' dir='ltr'><strong>Stygias</strong></span> <span class='ocrx_word' id='word_1_143' title='bbox 915 2519 931 2543; x_wconf 85' lang='lat'><strong>,</strong></span> <span class='ocrx_word' id='word_1_144' title='bbox 962 2479 1137 2552; x_wconf 83' lang='lat' dir='ltr'><strong>inquit</strong></span> <span class='ocrx_word' id='word_1_145' title='bbox 1152 2517 1169 2543; x_wconf 87' lang='lat'><em>,</em></span> <span class='ocrx_word' id='word_1_146' title='bbox 1194 2480 1439 2534; x_wconf 75' lang='lat' dir='ltr'><strong>tenebras</strong></span> <span class='ocrx_word' id='word_1_147' title='bbox 1454 2518 1469 2544; x_wconf 92' lang='lat'>‚</span> <span class='ocrx_word' id='word_1_148' title='bbox 1499 2497 1783 2554; x_wconf 76' lang='lat' dir='ltr'><strong>manesque</strong></span> <span class='ocrx_word' id='word_1_149' title='bbox 1807 2493 2060 2534; x_wconf 70' lang='lat' dir='ltr'><strong>nocentes</strong></span> 
     </span>
    </p>

    <p class='ocr_par' dir='ltr' id='par_1_11' title="bbox 588 2563 1345 2618">
     <span class='ocr_line' id='line_1_22' title="bbox 588 2563 1345 2618; baseline 0 -2"><span class='ocrx_word' id='word_1_150' title='bbox 588 2563 710 2618; x_wconf 81' lang='lat' dir='ltr'><strong>Post</strong></span> <span class='ocrx_word' id='word_1_151' title='bbox 738 2563 938 2617; x_wconf 84' lang='lat' dir='ltr'><strong>bellum</strong></span> <span class='ocrx_word' id='word_1_152' title='bbox 966 2563 1119 2617; x_wconf 83' lang='lat' dir='ltr'><strong>civile</strong></span> <span class='ocrx_word' id='word_1_153' title='bbox 1144 2563 1345 2616; x_wconf 77' lang='lat' dir='ltr'><strong>trahor.</strong></span> 
     </span>
    </p>
   </div>
   <div class='ocr_carea' id='block_1_5' title="bbox 190 2687 2446 2776">
    <p class='ocr_par' dir='ltr' id='par_1_12' title="bbox 190 2687 2446 2776">
     <span class='ocr_line' id='line_1_23' title="bbox 190 2687 2446 2776; baseline -0.002 -23"><span class='ocrx_word' id='word_1_154' title='bbox 190 2722 197 2728; x_wconf 91' lang='lat'><strong>·</strong></span> <span class='ocrx_word' id='word_1_155' title='bbox 312 2689 389 2753; x_wconf 85' lang='lat' dir='ltr'><strong>Et</strong></span> <span class='ocrx_word' id='word_1_156' title='bbox 441 2711 527 2753; x_wconf 87' lang='lat' dir='ltr'><strong>ne</strong></span> <span class='ocrx_word' id='word_1_157' title='bbox 559 2711 715 2752; x_wconf 81' lang='lat' dir='ltr'><strong>rum</strong></span> <span class='ocrx_word' id='word_1_158' title='bbox 734 2689 991 2776; x_wconf 73' lang='lat' dir='ltr'><strong>piorum</strong></span> <span class='ocrx_word' id='word_1_159' title='bbox 1020 2687 1307 2751; x_wconf 86' lang='lat' dir='ltr'><strong>insolens</strong></span> <span class='ocrx_word' id='word_1_160' title='bbox 1343 2707 1481 2750; x_wconf 87' lang='lat' dir='ltr'><strong>esse</strong></span> <span class='ocrx_word' id='word_1_161' title='bbox 1519 2687 1844 2752; x_wconf 80' lang='lat' dir='ltr'><strong>existimes</strong></span> <span class='ocrx_word' id='word_1_162' title='bbox 1866 2733 1884 2768; x_wconf 91' lang='lat'>,</span> <span class='ocrx_word' id='word_1_163' title='bbox 1925 2707 2086 2752; x_wconf 75' lang='lat' dir='ltr'><strong>arva</strong></span> <span class='ocrx_word' id='word_1_164' title='bbox 2119 2701 2190 2749; x_wconf 84' lang='lat' dir='ltr'><strong>et</strong></span> <span class='ocrx_word' id='word_1_165' title='bbox 2207 2689 2446 2774; x_wconf 80' lang='lat' dir='ltr'><strong>jugera</strong></span> 
     </span>
    </p>
   </div>
   <div class='ocr_carea' id='block_1_6' title="bbox 302 2787 2444 2878">
    <p class='ocr_par' dir='ltr' id='par_1_13' title="bbox 302 2787 2444 2878">
     <span class='ocr_line' id='line_1_24' title="bbox 302 2787 2444 2878; baseline -0.002 -24"><span class='ocrx_word' id='word_1_166' title='bbox 302 2793 553 2878; x_wconf 83' lang='lat' dir='ltr'><strong>piorum</strong></span> <span class='ocrx_word' id='word_1_167' title='bbox 582 2790 701 2854; x_wconf 87' lang='lat' dir='ltr'><strong>tibi</strong></span> <span class='ocrx_word' id='word_1_168' title='bbox 736 2806 801 2854; x_wconf 87' lang='lat' dir='ltr'><strong>et</strong></span> <span class='ocrx_word' id='word_1_169' title='bbox 826 2789 932 2853; x_wconf 84' lang='lat' dir='ltr'><strong>alii</strong></span> <span class='ocrx_word' id='word_1_170' title='bbox 963 2805 1173 2878; x_wconf 80' lang='lat' dir='ltr'><strong>poetae</strong></span> <span class='ocrx_word' id='word_1_171' title='bbox 1205 2787 1480 2852; x_wconf 83' lang='lat' dir='ltr'><strong>dabunt.</strong></span> <span class='ocrx_word' id='word_1_172' title='bbox 1521 2787 1790 2853; x_wconf 87' lang='lat' dir='ltr'><strong>Ovidius</strong></span> <span class='ocrx_word' id='word_1_173' title='bbox 1811 2839 1828 2871; x_wconf 91' lang='lat'>,</span> <span class='ocrx_word' id='word_1_174' title='bbox 1859 2787 2127 2853; x_wconf 80' lang='lat' dir='ltr'><strong>Metam.</strong></span> <span class='ocrx_word' id='word_1_175' title='bbox 2159 2789 2287 2864; x_wconf 85' lang='lat' dir='ltr'><strong>XI,</strong></span> <span class='ocrx_word' id='word_1_176' title='bbox 2315 2789 2398 2853; x_wconf 80' lang='lat'><strong>62</strong></span> <span class='ocrx_word' id='word_1_177' title='bbox 2426 2809 2444 2850; x_wconf 74' lang='grc' dir='ltr'><strong><em>ε</em></strong></span> 
     </span>
    </p>
   </div>
   <div class='ocr_carea' id='block_1_7' title="bbox 586 2943 2058 3101">
    <p class='ocr_par' dir='ltr' id='par_1_14' title="bbox 586 2943 2058 3101">
     <span class='ocr_line' id='line_1_25' title="bbox 586 2943 2058 3016; baseline -0.002 -17"><span class='ocrx_word' id='word_1_178' title='bbox 586 2945 792 3000; x_wconf 83' lang='lat' dir='ltr'><strong>Cuncta</strong></span> <span class='ocrx_word' id='word_1_179' title='bbox 814 2943 1170 3016; x_wconf 73' lang='lat' dir='ltr'><strong>recognoscit3</strong></span> <span class='ocrx_word' id='word_1_180' title='bbox 1202 2961 1550 3016; x_wconf 66' lang='lat' dir='ltr'><strong>quai-enque</strong></span> <span class='ocrx_word' id='word_1_181' title='bbox 1575 2961 1668 3015; x_wconf 83' lang='lat' dir='ltr'><strong>per</strong></span> <span class='ocrx_word' id='word_1_182' title='bbox 1697 2961 1822 2998; x_wconf 74' lang='lat' dir='ltr'><strong>arva</strong></span> <span class='ocrx_word' id='word_1_183' title='bbox 1847 2943 2058 3015; x_wconf 83' lang='lat' dir='ltr'><strong>piorum</strong></span> 
     </span>
     <span class='ocr_line' id='line_1_26' title="bbox 588 3027 1143 3101; baseline -0.005 -19"><span class='ocrx_word' id='word_1_184' title='bbox 588 3029 801 3083; x_wconf 77' lang='lat' dir='ltr'><strong>Invenit</strong></span> <span class='ocrx_word' id='word_1_185' title='bbox 822 3027 1143 3101; x_wconf 79' lang='lat' dir='ltr'><strong>Eurydicen.</strong></span> 
     </span>
    </p>
   </div>
   <div class='ocr_carea' id='block_1_8' title="bbox 319 3163 1550 3274">
    <p class='ocr_par' dir='ltr' id='par_1_15' title="bbox 319 3163 1550 3274">
     <span class='ocr_line' id='line_1_27' title="bbox 319 3163 1550 3274; baseline -0.006 -40"><span class='ocrx_word' id='word_1_186' title='bbox 319 3173 553 3274; x_wconf 78' lang='lat' dir='ltr'><strong>Auctor</strong></span> <span class='ocrx_word' id='word_1_187' title='bbox 579 3169 815 3259; x_wconf 71' lang='lat' dir='ltr'><strong>Elegiae</strong></span> <span class='ocrx_word' id='word_1_188' title='bbox 850 3167 933 3233; x_wconf 86' lang='lat' dir='ltr'><strong>ad</strong></span> <span class='ocrx_word' id='word_1_189' title='bbox 964 3166 1209 3234; x_wconf 85' lang='lat' dir='ltr'><strong>Liviam</strong></span> <span class='ocrx_word' id='word_1_190' title='bbox 1232 3213 1253 3249; x_wconf 85' lang='lat'>‚</span> <span class='ocrx_word' id='word_1_191' title='bbox 1290 3187 1350 3232; x_wconf 81' lang='lat' dir='ltr'><strong>v.</strong></span> <span class='ocrx_word' id='word_1_192' title='bbox 1382 3163 1550 3251; x_wconf 60' lang='lat'><strong>329⁴</strong></span> 
     </span>
    </p>
   </div>
   <div class='ocr_carea' id='block_1_9' title="bbox 588 3315 1966 3475">
    <p class='ocr_par' dir='ltr' id='par_1_16' title="bbox 588 3315 1966 3475">
     <span class='ocr_line' id='line_1_28' title="bbox 588 3315 1966 3395; baseline -0.004 -21"><span class='ocrx_word' id='word_1_193' title='bbox 588 3323 685 3374; x_wconf 83' lang='lat' dir='ltr'><strong>Ille</strong></span> <span class='ocrx_word' id='word_1_194' title='bbox 706 3321 824 3395; x_wconf 82' lang='lat' dir='ltr'><strong>pio,</strong></span> <span class='ocrx_word' id='word_1_195' title='bbox 854 3321 899 3374; x_wconf 78' lang='lat' dir='ltr'><strong>si</strong></span> <span class='ocrx_word' id='word_1_196' title='bbox 921 3337 1029 3374; x_wconf 87' lang='lat' dir='ltr'><strong>non</strong></span> <span class='ocrx_word' id='word_1_197' title='bbox 1058 3331 1255 3374; x_wconf 80' lang='lat' dir='ltr'><strong>temere</strong></span> <span class='ocrx_word' id='word_1_198' title='bbox 1280 3317 1389 3371; x_wconf 78' lang='lat' dir='ltr'><strong>hoec</strong></span> <span class='ocrx_word' id='word_1_199' title='bbox 1415 3315 1725 3382; x_wconf 85' lang='lat' dir='ltr'><strong>creduntur,</strong></span> <span class='ocrx_word' id='word_1_200' title='bbox 1757 3317 1812 3368; x_wconf 89' lang='lat' dir='ltr'><strong>in</strong></span> <span class='ocrx_word' id='word_1_201' title='bbox 1842 3335 1966 3369; x_wconf 79' lang='lat' dir='ltr'><strong>arvo</strong></span> 
     </span>
     <span class='ocr_line' id='line_1_29' title="bbox 658 3403 1590 3475; baseline -0.008 -15"><span class='ocrx_word' id='word_1_202' title='bbox 658 3407 805 3460; x_wconf 83' lang='lat' dir='ltr'><strong>Inter</strong></span> <span class='ocrx_word' id='word_1_203' title='bbox 826 3405 1115 3458; x_wconf 78' lang='lat' dir='ltr'><strong>honoratos</strong></span> <span class='ocrx_word' id='word_1_204' title='bbox 1132 3403 1425 3475; x_wconf 79' lang='lat' dir='ltr'><strong>excipietur</strong></span> <span class='ocrx_word' id='word_1_205' title='bbox 1447 3419 1590 3454; x_wconf 74' lang='lat' dir='ltr'><strong>avos.</strong></span> 
     </span>
    </p>
   </div>
   <div class='ocr_carea' id='block_1_10' title="bbox 320 3549 1331 3635">
    <p class='ocr_par' dir='ltr' id='par_1_17' title="bbox 320 3549 1331 3635">
     <span class='ocr_line' id='line_1_30' title="bbox 320 3549 1331 3635; baseline -0.006 -13"><span class='ocrx_word' id='word_1_206' title='bbox 320 3558 707 3624; x_wconf 79' lang='lat' dir='ltr'><strong>Claudianus</strong></span> <span class='ocrx_word' id='word_1_207' title='bbox 740 3557 808 3620; x_wconf 88' lang='lat' dir='ltr'><strong>in</strong></span> <span class='ocrx_word' id='word_1_208' title='bbox 837 3555 1024 3620; x_wconf 84' lang='lat' dir='ltr'><strong>Eutr.</strong></span> <span class='ocrx_word' id='word_1_209' title='bbox 1058 3555 1129 3635; x_wconf 92' lang='lat'><strong>1,</strong></span> <span class='ocrx_word' id='word_1_210' title='bbox 1164 3549 1331 3630; x_wconf 76' lang='lat'><strong>453:</strong></span> 
     </span>
    </p>
   </div>
   <div class='ocr_carea' id='block_1_11' title="bbox 583 3690 1912 3852">
    <p class='ocr_par' dir='ltr' id='par_1_18' title="bbox 583 3690 1912 3852">
     <span class='ocr_line' id='line_1_31' title="bbox 595 3690 1836 3768; baseline -0.008 -18"><span class='ocrx_word' id='word_1_211' title='bbox 595 3735 611 3750; x_wconf 92' lang='lat'><strong>.</strong></span> <span class='ocrx_word' id='word_1_212' title='bbox 632 3737 645 3748; x_wconf 91' lang='lat'><strong>.</strong></span> <span class='ocrx_word' id='word_1_213' title='bbox 667 3735 681 3748; x_wconf 92' lang='lat'><strong>.</strong></span> <span class='ocrx_word' id='word_1_214' title='bbox 706 3733 719 3746; x_wconf 79' lang='grc'>,</span> <span class='ocrx_word' id='word_1_215' title='bbox 738 3737 751 3750; x_wconf 93' lang='grc'><strong>.</strong></span> <span class='ocrx_word' id='word_1_216' title='bbox 772 3732 785 3747; x_wconf 90' lang='grc'><strong>.</strong></span> <span class='ocrx_word' id='word_1_217' title='bbox 807 3734 823 3748; x_wconf 91' lang='grc'><strong>.</strong></span> <span class='ocrx_word' id='word_1_218' title='bbox 844 3735 858 3748; x_wconf 93' lang='grc'><strong>.</strong></span> <span class='ocrx_word' id='word_1_219' title='bbox 888 3708 1051 3768; x_wconf 85' lang='lat' dir='ltr'><strong>tuque</strong></span> <span class='ocrx_word' id='word_1_220' title='bbox 1079 3714 1131 3758; x_wconf 85' lang='grc' dir='ltr'><strong>ο,</strong></span> <span class='ocrx_word' id='word_1_221' title='bbox 1156 3694 1199 3746; x_wconf 81' lang='lat' dir='ltr'><strong>si</strong></span> <span class='ocrx_word' id='word_1_222' title='bbox 1224 3693 1362 3746; x_wconf 81' lang='lat' dir='ltr'><strong>forte</strong></span> <span class='ocrx_word' id='word_1_223' title='bbox 1388 3691 1598 3744; x_wconf 83' lang='lat' dir='ltr'><strong>inferna</strong></span> <span class='ocrx_word' id='word_1_224' title='bbox 1625 3690 1836 3762; x_wconf 84' lang='lat' dir='ltr'><strong>piorum</strong></span> 
     </span>
     <span class='ocr_line' id='line_1_32' title="bbox 583 3772 1912 3852; baseline -0.006 -18"><span class='ocrx_word' id='word_1_225' title='bbox 583 3783 777 3852; x_wconf 78' lang='lat' dir='ltr'><strong>Jugera</strong></span> <span class='ocrx_word' id='word_1_226' title='bbox 794 3817 812 3844; x_wconf 90' lang='lat'><strong>,</strong></span> <span class='ocrx_word' id='word_1_227' title='bbox 840 3791 893 3834; x_wconf 81' lang='lat' dir='ltr'><strong>et</strong></span> <span class='ocrx_word' id='word_1_228' title='bbox 918 3779 1126 3851; x_wconf 77' lang='lat' dir='ltr'><strong>Elysias</strong></span> <span class='ocrx_word' id='word_1_229' title='bbox 1154 3775 1350 3838; x_wconf 70' lang='lat' dir='ltr'><strong>scindit,</strong></span> <span class='ocrx_word' id='word_1_230' title='bbox 1366 3813 1383 3839; x_wconf 86' lang='lat'><em>,</em></span> <span class='ocrx_word' id='word_1_231' title='bbox 1410 3776 1657 3839; x_wconf 76' lang='lat' dir='ltr'><strong>Sei-rane,</strong></span> <span class='ocrx_word' id='word_1_232' title='bbox 1683 3772 1912 3826; x_wconf 78' lang='lat' dir='ltr'><strong>novales.</strong></span> 
     </span>
    </p>
   </div>
   <div class='ocr_carea' id='block_1_12' title="bbox 1285 3949 1458 3960">
    <p class='ocr_par' dir='ltr' id='par_1_19' title="bbox 1285 3949 1458 3960">
     <span class='ocr_line' id='line_1_33' title="bbox 1285 3949 1458 3960; baseline -0.006 -4"><span class='ocrx_word' id='word_1_233' title='bbox 1285 3953 1306 3960; x_wconf 61' lang='lat'><strong>»—</strong></span> <span class='ocrx_word' id='word_1_234' title='bbox 1325 3949 1458 3958; x_wconf 52' lang='lat'><strong>*0*</strong></span> 
     </span>
    </p>
   </div>
  </div>
 </body>
</html>
