2975 4684
684 383 1144 452 EPITOME
1205 383 1627 454 ILIADOS
1689 385 2109 456 HOMERI.

2342 383 2483 484 519

423 504 499 574 Si
537 519 768 598 gratus
813 505 936 574 tibi
977 531 1164 594 sum,
1201 507 1324 574 sim
1365 521 1430 576 te
1467 508 1592 578 sub
1622 506 1851 600 judice
1886 493 2108 595 tutuS‚

424 619 560 685 Aut
593 616 648 684 si
685 641 886 710 quam
933 631 1008 686 ut
1043 615 1296 686 luerem
1331 617 1458 686 sub
1494 617 1739 687 acerbo
1770 619 2053 687 crimine
2087 643 2353 713 poenam

425 726 682 796 Inscius
721 727 996 812 admisi,
1033 752 1159 797 cur
1199 751 1243 796 o
1285 742 1400 797 tua
1433 728 1705 799 dextera
1738 727 1993 798 cessat?

422 838 630 908 Posce
671 861 892 907 sacros
927 862 1167 925 arcus;
1204 838 1276 906 in
1313 862 1421 908 me
1459 853 1577 908 tua
1613 837 1827 934 dirige
1859 837 2027 908 tela:
2430 863 2483 904 40

425 949 684 1016 Auctor
717 949 954 1018 mortis
981 949 1112 1018 eris
1147 963 1328 1020 certe
1362 951 1549 1019 Deus
1579 975 1595 1017 :
1636 973 1791 1020 ecce
1820 965 2187 1020 merentem

427 1057 587 1152 Fige
620 1075 878 1154 patrem
911 1085 930 1130 τ
965 1085 1090 1151 qur
1121 1075 1278 1130 nata
1313 1058 1443 1129 luit
1473 1075 1747 1156 peccata
1784 1061 2109 1156 parentis,

427 1173 648 1263 Atque
684 1170 898 1242 hostis
938 1170 1092 1240 duri
1130 1172 1386 1266 patitur
1425 1171 1799 1241 miseranda
1833 1169 2098 1240 cubile?
2122 1203 2157 1236 2>

525 1280 832 1350 Dixerat.
875 1279 1000 1351 Ille
1033 1283 1138 1350 sui
1175 1283 1347 1351 vatis
1379 1306 1577 1378 prece
1612 1297 1867 1369 motus,
1897 1283 2155 1352 acerbis

427 1390 754 1461 Luctibus
789 1391 1061 1463 infestat
1099 1395 1409 1476 Damam,
1439 1409 1827 1488 pestemque
1860 1419 1981 1488 per
2012 1418 2246 1464 omnes
2432 1413 2481 1460 ας

402 1592 490 1661 37.
541 1590 720 1645 Guelf.
767 1609 791 1644 ι
843 1590 1140 1665 transponit
1183 1598 1236 1646 Si
1279 1597 1364 1646 tibi

329 1691 436 1723 sum
477 1685 672 1740 gratus.
721 1672 1015 1725 Bussenius
1057 1693 1156 1745 pro
1190 1677 1362 1744 judice

271 1788 292 1800 ,
329 1750 537 1804 mavult
551 1753 775 1818 vindice,
794 1751 939 1822 quod
958 1764 1010 1804 et
1028 1753 1163 1806 mihi
1183 1753 1362 1827 aptius

333 1841 386 1883 ct
430 1831 734 1902 receptione
785 1831 1006 1903 dignum
1055 1833 1325 1888 videretur
1345 1873 1362 1900 ,

330 1909 493 1962 modo
531 1909 587 1962 id
621 1911 794 1982 aliqua
835 1913 1150 1966 auctoritate
1187 1915 1364 1968 firma-

335 2003 446 2042 tum
485 2001 637 2044 esset.
769 2039 776 2047 .

403 2071 489 2124 38.
513 2077 618 2122 Aut
632 2073 681 2122 si
702 2091 851 2139 quam
875 2088 1264 2142 ue.....poenam
1295 2074 1366 2126 le·

331 2161 462 2222 gunt
491 2149 766 2204 editiones.
797 2159 906 2204 Aut
937 2155 984 2204 .ςί
1012 2157 1138 2221 quid
1165 2168 1220 2205 ue
1228 2189 1354 2205 .....

321 2251 512 2300 pamas
535 2231 652 2285 cod.
679 2231 858 2286 Guelf.
885 2245 1124 2305 uterque.
1159 2231 1366 2286 Horum

333 2311 650 2365 anctoritate
670 2311 844 2365 ausim
866 2312 1114 2385 equidem
1136 2313 1368 2367 scribere

334 2397 440 2443 Aue
477 2395 524 2443 si
561 2394 704 2462 quid,
741 2397 924 2445 luerem
966 2407 1020 2444 ut
1063 2397 1151 2444 sub
1189 2397 1368 2446 acerbo

335 2473 538 2523 crimine
548 2491 730 2540 poenas
749 2475 945 2524 Inscius
967 2477 1176 2536 admisi,·
1197 2491 1369 2546 neque

335 2562 514 2603 tamen
545 2551 832 2622 spreverim
864 2553 1112 2605 Dunenii
1141 2565 1366 2606 correct.

337 2636 442 2680 Aut
460 2635 507 2682 si
533 2651 664 2698 qua,
693 2645 747 2681 ut
777 2636 974 2684 lucrum.
999 2633 1222 2686 Interim
1247 2633 1370 2686 reti·

335 2729 440 2763 neo
474 2710 756 2763 lectionem
781 2711 1051 2782 vulgatam
1075 2751 1090 2774 ,
1112 2713 1370 2783 quoniam

335 2801 387 2842 et
411 2788 526 2844 haec
559 2789 752 2856 habet,
787 2809 896 2862 quo
932 2811 989 2848 se
1020 2793 1156 2844 tueri
1185 2793 1366 2863 possit·

337 2869 600 2923 Coeterum
617 2887 740 2942 quo
760 2884 946 2927 auctor
963 2874 1066 2925 hoc
1084 2885 1138 2924 et
1155 2889 1372 2944 sequen·

337 2948 480 3002 tibus
503 2949 676 3002 tribus
697 2951 936 3005 versibus
965 2950 1206 3024 scripsit,
1235 2951 1370 3005 Bar-

337 3027 509 3094 thius,
530 3028 755 3082 Advers.
777 3031 959 3083 LVIII
980 3068 996 3094 ,
1038 3037 1098 3092 14
1117 3071 1132 3096 ‚
1164 3032 1370 3104 perpul-

337 3107 466 3160 chra
492 3119 546 3161 et
573 3109 790 3162 meliore
813 3111 1007 3164 saeculo
1033 3110 1197 3182 digna
1225 3129 1338 3164 esse
1351 3151 1368 3178 ,

338 3199 388 3239 et
414 3206 680 3242 summam
708 3190 906 3262 ingenii
945 3190 1246 3243 felicitatem
1283 3209 1366 3243 ar-

336 3285 502 3336 guere
515 3267 739 3337 judicat.
759 3269 964 3322 Verum
1000 3282 1054 3323 et
1086 3269 1192 3322 hoc
1215 3287 1368 3341 aper·

339 3359 454 3400 tum
481 3359 587 3414 eet,
619 3348 767 3421 quod
799 3348 1122 3404 Bondamius
1150 3361 1202 3402 et
1235 3351 1368 3402 Dus-

339 3428 517 3480 senius
533 3431 644 3500 jam
664 3429 1009 3482 observarunt
1025 3467 1040 3494 ,
1077 3430 1369 3502 respexisse

339 3510 394 3560 in
435 3508 498 3560 iis
538 3520 590 3560 et
625 3507 886 3562 imitatum
919 3508 1018 3562 hae
1048 3509 1277 3563 Telluris
1315 3510 1368 3562 in

276 3590 284 3605 ¹
339 3587 720 3641 Phaethontaeo
754 3587 1000 3641 incendio
1035 3589 1278 3660 querelas
1301 3587 1370 3643 ad

339 3669 552 3732 Iovem,
589 3666 732 3740 'apud
755 3667 914 3722 Ovid.
949 3669 1074 3721 Met.
1112 3669 1199 3735 11,
1228 3687 1326 3740 279
1353 3686 1366 3720 :

347 3773 370 3795 ι
397 3747 455 3800 Si
489 3747 664 3818 placet
703 3747 810 3800 hoc
842 3749 1146 3820 meruique,
1169 3747 1302 3821 quid
1337 3769 1372 3802 o

341 3839 432 3878 tua
451 3827 674 3880 fulmina
693 3840 918 3893 cessant,
931 3827 1152 3880 Summe
1169 3829 1374 3880 Deum?

342 3907 498 3960 liceat
534 3908 788 3978 perituro
833 3907 1030 3960 viribus
1070 3907 1206 3978 ignis
1239 3908 1374 3979 Igne

343 3984 520 4058 perire
543 3998 668 4051 tuo,
711 3985 1026 4058 clademque
1059 3998 1276 4040 auctore
1300 3988 1376 4040 le·

343 4083 472 4118 vare
489 4089 512 4110 ι
528 4105 539 4115 .

421 4147 508 4218 39.
539 4149 634 4198 Cur
659 4149 770 4214 jam
806 4161 890 4198 tua
927 4145 1050 4217 legit
1086 4145 1154 4198 G.
1185 4164 1249 4210 2;
1287 4143 1378 4197 sed

1450 1597 1663 1667 vulgata
1702 1595 1856 1650 lectio
1896 1617 1983 1648 cur
2016 1617 2047 1648 ο
2080 1612 2167 1648 tua
2191 1596 2487 1668 elegantior

1450 1687 1555 1742 est,
1590 1686 1644 1727 et
1681 1673 1989 1728 defenditur
2029 1675 2323 1730 imitatione
2358 1677 2487 1732 Ovi-

1451 1754 1629 1808 diana.

1526 1841 1613 1897 40.
1658 1841 1815 1888 Posce
1858 1855 2029 1887 sacros
2076 1854 2239 1887 amus.
2287 1835 2487 1890 Similis

1452 1917 1626 1969 oratio
1649 1915 1899 1969 Choroebi
1924 1915 1994 1969 ad
2015 1914 2314 1987 Apollinem
2338 1915 2485 1986 apud

1451 1994 1583 2048 Stat.
1604 1995 1779 2048 Theb.
1804 1996 1861 2060 1,
1882 1995 1980 2049 651
2006 1994 2223 2061 2-Quid
2247 2013 2488 2049 meruere

1453 2075 1617 2148 Argi?
1633 2093 1719 2128 me
1736 2094 1846 2142 me,
1868 2075 2061 2127 Divum
2074 2073 2273 2146 optime
2285 2115 2301 2140 ‚
2312 2075 2487 2128 solum

1453 2155 1726 2227 Objecisse
1750 2165 1910 2225 caput
1933 2153 2055 2208 fatis
2076 2153 2377 2226 prmtabit-
2398 2171 2414 2218 ;
2436 2165 2490 2206 et

1453 2251 1505 2286 v.
1537 2233 1670 2288 658:
1694 2259 1721 2280 a
1736 2232 1969 2286 Proinde
1997 2250 2153 2286 move
2176 2233 2487 2305 pharetras,

1455 2331 1719 2388 arcusque
1732 2310 1945 2366 intende
1958 2329 2197 2378 sonoros,
2206 2311 2493 2384 Insignem-

1456 2411 1562 2466 que
1580 2395 1811 2446 animam
1836 2392 1942 2445 leto
1968 2390 2187 2444 demitte
2204 2419 2248 2444 n.

1477 2477 1484 2486 “
1531 2477 1617 2538 41.
1642 2472 1744 2524 Pro
1766 2491 1881 2524 cccc
1904 2485 2166 2523 merentem
2194 2472 2491 2527 Dusaenius

1458 2563 1627 2604 tentat
1656 2565 1807 2618 atquc
1833 2565 2118 2610 merentem,
2151 2551 2223 2602 ita
2254 2562 2317 2602 ut
2342 2567 2491 2620 atquc

1459 2631 1606 2684 idem
1640 2632 1815 2684 valeat
1854 2649 1917 2684 ac
1957 2632 2115 2682 statim
2133 2653 2153 2691 ‚·
2183 2628 2491 2702 indicetque

1459 2722 1759 2783 promptam
1796 2709 1961 2761 animi
1988 2710 2336 2762 voluntatem.
2362 2711 2490 2764 Mox

1459 2790 1565 2844 hoc
1594 2789 1803 2844 deserto
1839 2790 2111 2842 substituit
2136 2792 2269 2840 hisce
2294 2809 2487 2842 meren-

1460 2884 1585 2930 tem,
1612 2869 1719 2922 scil.
1747 2868 1863 2922 telis
1884 2911 1899 2935 ,
1943 2887 2061 2940 que
2088 2879 2489 2938 praeesset-unt.

1456 2949 1593 3002 Mihi
1628 2949 1787 3001 lectio
1817 2948 2027 3019 vulgata
2070 2946 2193 3000 satis
2232 2946 2373 2999 bona
2392 2984 2409 3010 ‚
2440 2959 2493 3000 et

1455 3047 1552 3102 per
1575 3033 1633 3084 τὸ
1652 3049 1766 3080 ecce
1787 3027 1929 3080 idem
1954 3025 2239 3098 significari
2262 3025 2491 3096 videtur,

1456 3108 1606 3180 quod
1626 3108 1719 3160 ille
1744 3125 1837 3180 per
1860 3122 2013 3174 atquc
2039 3105 2168 3158 vult.

1529 3189 1613 3252 43.
1656 3190 1843 3239 Patitur
1874 3189 2160 3238 miseranda
2206 3187 2376 3238 cubile.
2400 3185 2491 3240 Sic

1444 3270 1561 3336 pati
1574 3270 1853 3333 hymeneos
1871 3265 2017 3336 Virg.
2041 3263 2233 3336 Georg.
2252 3264 2336 3318 III
2347 3304 2363 3331 ,
2389 3269 2491 3328 60;

1449 3349 1564 3415 pati
1600 3349 1877 3400 concubitus
1918 3343 2145 3398 Ovidius
2162 3385 2177 3410 ,
2223 3345 2335 3397 Art.
2372 3346 2492 3396 Am.

1457 3427 1542 3478 111
1563 3466 1577 3492 ,
1599 3428 1703 3496 766
1717 3465 1733 3492 ,
1753 3429 1863 3494 pati
1885 3426 2147 3476 smieiwn.
2169 3423 2321 3477 Idem
2338 3465 2353 3490 ‚
2381 3425 2491 3477 Art.

1458 3507 1577 3558 Am.
1606 3505 1689 3558 111
1704 3545 1720 3572 ‚
1742 3506 1865 3571 486.
1904 3535 1973 3545 --
2012 3504 2080 3555 Et
2122 3502 2317 3556 Noster
2358 3505 2497 3558 forte

1459 3585 1755 3659 exprimere
1804 3585 1973 3638 voluit
2023 3582 2317 3636 Homerum
2340 3623 2355 3650 ,
2398 3585 2495 3655 qui

1459 3666 1616 3719 Iliad.
1640 3666 1853 3728 XVIII,
1878 3665 1980 3730 433
2008 3682 2020 3716 :
2052 3666 2137 3718 καὶ
2160 3667 2302 3722 ἔτλην
2328 3665 2495 3736 ἀνέρος

1464 3750 1623 3805 ιύνήν.
1648 3747 1750 3798 En.

1534 3827 1620 3890 45.
1648 3828 1871 3876 Luctibus
1898 3823 2106 3890 infestat
2126 3827 2362 3882 Danaos,
2394 3820 2428 3873 i.
2448 3839 2493 3874 e.

1464 3915 1623 3956 vexat
1643 3945 1657 3970 ,
1685 3901 1971 3956 desolatur.
1997 3901 2143 3971 Soepe
2176 3899 2337 3953 etiam
2366 3901 2498 3969 inse-

1465 3998 1600 4035 seare
1618 4002 1719 4055 pro
1737 3983 1965 4050 bifestum
1972 3983 2154 4051 facere
2164 3977 2361 4032 dicitur
2374 3997 2390 4044 3
2404 3978 2496 4032 Sil.

1467 4065 1585 4116 Ital.
1606 4063 1656 4115 11
1678 4101 1693 4122 ‚
1722 4079 1854 4132 ²77²
1887 4089 1911 4108 «-
1934 4065 2221 4115 Ductorem
2249 4059 2501 4113 infestans

1471 4143 1613 4196 odiis
1632 4167 1674 4194 υ.
1704 4143 1804 4194 En.
