2975 4684
635 391 834 461 Exc.
886 357 984 459 ἰν
1034 391 1160 458 AD
1211 390 1505 460 sALEn
1556 393 1804 463 BAssl
1855 341 2256 469 CARMEN.
2379 400 2519 472 285

397 511 578 576 bellis
595 561 614 594 ,
635 535 670 575 a
693 512 888 576 caelio
909 512 1302 600 Calcagnino
1320 560 1338 592 ‚
1362 513 1527 576 Dan.
1556 513 1876 595 Souterio,
1899 516 2099 580 Andr.
2114 519 2484 587 .Senftlebio
2500 571 2519 604 ,

397 615 497 678 10.
531 613 836 678 Cornelio
879 613 960 678 dc
988 613 1228 692 Pauw;
1268 629 1338 677 et
1361 615 1611 678 Thoma
1657 615 1835 702 Hyde
1864 607 1994 703 (1),
2034 619 2116 682 de
2154 621 2288 684 alea
2320 637 2386 686 et
2428 640 2523 688 ta-

399 716 550 779 bula
570 763 590 794 ,
615 731 682 778 et
709 715 998 803 cognatis
1029 715 1262 779 tabulae
1287 715 1496 796 ludis,
1524 733 1655 779 tam
1684 719 1827 782 fuse
1852 735 2067 785 actum
2100 739 2230 803 est,
2263 741 2339 788 ut
2366 725 2531 790 nihil

399 817 534 881 fere
558 817 693 880 aliis
723 815 898 880 idem
931 817 1182 880 a‘usuris
1224 817 1519 882 relictum
1563 817 1895 901 videatur3
1949 821 2085 908 ipsa
2135 839 2354 888 tamen
2390 827 2528 892 haec

399 919 584 1006 copia
625 940 746 982 nos
788 916 1046 1006 adigere
1077 916 1369 998 videtur,
1405 935 1480 982 ut
1512 917 1595 983 de
1627 941 1701 983 ea
1737 942 1809 984 re
1841 923 2062 1009 paullo
2102 923 2363 990 brevius
2390 949 2529 992 ma-

401 1021 627 1108 gisque
674 1019 976 1084 distincte
1012 1041 1276 1108 agamus
1297 1069 1314 1092 ,
1367 1021 1685 1085 nonnulla
1727 1024 1919 1086 etiam
1966 1046 2302 1112 perperam
2336 1027 2421 1090 ab
2454 1028 2531 1092 iis

403 1123 722 1186 intellecta
769 1137 835 1186 et
883 1119 1052 1194 dicta
1097 1121 1517 1209 corrigamus.
1564 1121 1876 1186 Tabulam
1910 1124 2207 1189 lusoriam
2253 1127 2544 1192 breviter·

401 1222 739 1298 describit,
774 1237 840 1286 et
867 1221 1004 1286 duo
1030 1221 1166 1302 ejus
1195 1222 1392 1285 latera
1426 1221 1887 1311 duplicemque
1920 1247 2113 1289 usum
2152 1226 2351 1291 fuisse
2375 1251 2529 1316 pro-

403 1321 501 1386 dit
539 1323 850 1388 Martialis
874 1370 893 1405 ,
929 1323 1040 1386 lib.
1068 1323 1248 1403 XIV,
1281 1323 1480 1412 epigr.
1520 1347 1637 1410 17:

685 1463 788 1516 Hic
811 1461 943 1516 mihi
961 1461 1042 1514 bis
1069 1479 1199 1515 seno
1227 1473 1534 1516 numeratur
1558 1475 1753 1516 tessera
1777 1474 2001 1535 puncto:

755 1546 1001 1601 Calculus
1023 1546 1110 1599 hic
1136 1546 1348 1618 gemino
1373 1546 1607 1601 discolor
1630 1547 1783 1602 hoste
1807 1549 1962 1620 perit.

404 1686 657 1776 Nempe
691 1707 903 1750 unum
939 1686 1136 1765 latus,
1171 1686 1239 1748 in
1270 1708 1404 1773 quo
1450 1687 1704 1750 tesseris
1736 1687 1931 1750 simul
1966 1703 2032 1751 et
2062 1689 2319 1755 calculis
2349 1692 2536 1756 lude-

407 1787 634 1870 batur,
669 1787 1018 1853 duodecim
1048 1786 1234 1851 lineis
1265 1789 1366 1850 vel
1393 1786 1644 1875 scriptis
1669 1785 2047 1876 insignitum
2078 1805 2249 1872 erat,
2286 1792 2353 1854 in
2387 1794 2535 1880 qui-

407 1890 532 1956 bus
570 1889 798 1954 calculi
826 1889 1001 1952 varie
1033 1885 1585 1976 disponebantur,
1618 1905 1821 1975 prout
1845 1904 2095 1953 tesserae
2128 1892 2534 1959 cecidissent:

407 1993 522 2080 qui
558 1991 756 2057 ludus
789 2008 1130 2079 propterea
1163 1989 1493 2054 duodecim
1524 1991 1893 2078 scriptorum
1936 1991 2283 2057 dicebatur
2316 1995 2435 2084 (ut
2468 1997 2534 2060 in

407 2092 569 2158 locis
610 2090 946 2158 Ciceronis
979 2109 1044 2156 et
1079 2091 1462 2174 Quintiliani
1496 2113 1693 2179 supra
1733 2089 2058 2174 adductis,
2097 2111 2162 2158 et
2197 2094 2371 2183 apud
2399 2096 2539 2161 No·

408 2194 590 2258 nium
656 2195 720 2257 in
773 2215 932 2257 voce
977 2191 1305 2280 Scripta),
1342 2190 1701 2280 descriptus
1751 2191 1832 2256 ab
1879 2193 2149 2277 Ovidio,
2203 2198 2337 2261 Art.
2392 2200 2532 2262 Am.

409 2294 536 2376 111,
562 2292 723 2360 363:

689 2429 780 2482 Est
805 2445 972 2500 genus
997 2428 1051 2480 iu
1075 2424 1295 2480 totidem
1319 2427 1463 2479 tenui
1492 2425 1693 2481 ratione
1717 2427 1987 2487 redactum

760 2511 1022 2584 scriptula
1049 2551 1065 2578 ,
1091 2523 1222 2584 quot
1237 2529 1444 2565 menses
1461 2510 1698 2597 lubricus
1720 2527 1889 2565 annus
1914 2513 2091 2566 habet.

410 2643 703 2709 Alterum
724 2643 958 2706 tabulae
981 2643 1148 2707 latus
1167 2643 1234 2705 in
1259 2643 1493 2706 multas
1517 2642 1813 2730 regiones
1846 2659 1910 2706 et
1940 2667 2115 2709 areas
2143 2643 2538 2734 descriptum

412 2743 568 2809 ludo
600 2745 1114 2809 latrunculorum
1150 2742 1552 2808 inserviebat.
1586 2744 1715 2807 Iste
1749 2743 1967 2826 lusus,
2000 2746 2066 2808 in
2103 2767 2237 2834 quo
2271 2762 2537 2813 tessera-

413 2869 558 2911 rum
593 2869 786 2927 usus,
821 2862 885 2909 et
932 2845 1210 2910 fortunae
1242 2866 1375 2908 non
1412 2845 1663 2926 minus,
1699 2867 1894 2932 quam
1945 2846 2067 2909 arti
2115 2846 2296 2910 locus
2351 2866 2487 2912 erat
2516 2896 2535 2930 ,

413 2949 654 3013 Latinis
683 2948 942 3037 proprie
963 2963 1235 3012 vocatur
1263 2945 1442 3027 alea,
1475 2946 1711 3010 Graecis
1743 2954 1915 3009 κυὸιίαι
1940 2948 2042 3011 vel
2070 2958 2310 3020 πεττεία,
2339 2965 2405 3012 et
2442 2965 2537 3012 ta·

413 3051 566 3115 bula
594 3050 655 3113 ei
681 3048 992 3115 destinata
1019 3047 1332 3112 alectoria
1343 3095 1364 3127 ,
1395 3047 1607 3111 alveus
1624 3047 1813 3134 (Plin.
1840 3046 1952 3111 lib.
1978 3047 2326 3130 XXXVII,
2350 3071 2404 3112 c.
2437 3049 2537 3134 2),

413 3150 686 3216 alveolus
727 3148 882 3237 (Cic.
903 3147 984 3212 de
1001 3150 1229 3229 Pin-N,
1257 3148 1364 3236 20)
1383 3198 1402 3231 ,
1427 3147 1741 3212 alveolum
1774 3149 1986 3212 Fest0.
2003 3149 2184 3213 Alter
2209 3149 2387 3214 lusus
2406 3198 2423 3232 ‚
2454 3151 2537 3216 de

416 3277 548 3344 quo
583 3275 764 3320 nunc
807 3253 1081 3317 maxime
1111 3251 1400 3339 agimus,
1448 3251 1694 3338 quique
1732 3251 1882 3314 solis
1916 3250 2173 3314 calculis
2205 3251 2362 3315 scite
2414 3252 2539 3317 du-

415 3357 532 3421 ctis
561 3355 890 3446 agebatur,
913 3349 1302 3416 calculorum
1327 3351 1429 3415 vel
1452 3349 1951 3414 latrunculorum
1985 3349 2341 3434 dicebatur,
2372 3353 2545 3418 Grae-

416 3459 506 3522 cis
537 3454 819 3522 subinde
849 3465 1087 3519 πεττίιοι,
1117 3469 1180 3517 et
1219 3451 1434 3516 tabula
1463 3453 1522 3514 ei
1554 3450 2035 3516 accommodata
2062 3452 2535 3519 latmncularz'a

418 3559 600 3645 (Seu.
639 3557 843 3646 Epist.
877 3554 1120 3641 cxvn),
1173 3556 1274 3620 vel
1309 3555 1543 3618 abacus
1582 3551 1904 3640 (Macrob.
1940 3553 2195 3617 Saturn.
2230 3555 2294 3636 Ι,
2328 3579 2384 3622 c.
2422 3555 2537 3646 5),

419 3660 656 3725 Graecis
688 3669 896 3722 πλινθίον
916 3707 931 3731 ,
955 3659 997 3722 i.
1043 3681 1100 3721 e.
1150 3657 1532 3736 laterculus,
1580 3653 1683 3718 ob*
1719 3655 1994 3717 formam
2052 3652 2429 3740 quadratam
2479 3673 2542 3720 et

417 3762 603 3850 plura
643 3760 710 3824 in
749 3781 828 3846 eo
872 3757 1189 3845 descripta
1219 3769 1432 3821 πλινοία.
1458 3753 1611 3820 Non
1644 3753 2017 3820 dissimilem
2053 3755 2249 3819 fuisse
2276 3757 2411 3836 ejus
2446 3773 2541 3822 ta·

490 3967 570 4036 (1)
605 3966 706 4020 Hic
733 3963 974 4020 Historia
999 3961 1296 4018 Nerdiludii
1322 3961 1428 4014 sive
1454 3960 1523 4014 dc
1553 3959 1691 4014 ludis
1716 3958 2073 4013 Orientalibus
2092 3999 2107 4026 ,
2143 3958 2276 4012 libro
2304 3961 2357 4014 11
2378 4003 2393 4029 ,
2424 3983 2544 4036 pag.

425 4053 522 4122 173
545 4070 656 4124 seq.
677 4049 894 4105 inseruit
913 4048 1188 4102 historiam
1209 4045 1495 4100 Damiludii
1510 4086 1525 4112 ,
1556 4063 1651 4100 seu
1668 4043 2087 4098 latrunculorum
2102 4080 2119 4107 ,
2144 4054 2195 4096 et
2223 4045 2339 4117 ejus
2358 4047 2548 4118 capitis

421 4141 452 4206 S
475 4157 503 4191 2
520 4173 536 4200 ,
555 4155 612 4208 p.
635 4154 756 4204 191,
776 4137 1038 4206 integrum
1059 4133 1235 4186 locum
1254 4129 1506 4184 carminis
1530 4127 1603 4183 ad
1622 4129 1863 4182 Pisonem
1878 4126 2083 4182 recitat.
