<?xml version="1.0" encoding="UTF-8"?>
<!DOCTYPE html PUBLIC "-//W3C//DTD XHTML 1.0 Transitional//EN"
    "http://www.w3.org/TR/xhtml1/DTD/xhtml1-transitional.dtd">
<html xmlns="http://www.w3.org/1999/xhtml" xml:lang="en" lang="en">
 <head>
  <title>
</title>
<meta http-equiv="Content-Type" content="text/html;charset=utf-8" />
  <meta name='ocr-system' content='tesseract 3.04.00' />
  <meta name='ocr-capabilities' content='ocr_page ocr_carea ocr_par ocr_line ocrx_word'/>
</head>
<body>
  <div class='ocr_page' id='page_1' title='image "./poetaelatinimin00unkngoog_0142.png"; bbox 0 0 2975 4684; ppageno 0'>
   <div class='ocr_carea' id='block_1_1' title="bbox 1262 411 1570 480">
    <p class='ocr_par' dir='ltr' id='par_1_1' title="bbox 1262 411 1570 480">
     <span class='ocr_line' id='line_1_1' title="bbox 1262 411 1570 480; baseline 0 -2"><span class='ocrx_word' id='word_1_1' title='bbox 1262 411 1570 480; x_wconf 83' lang='lat' dir='ltr'><strong>AETNA.</strong></span> 
     </span>
    </p>
   </div>
   <div class='ocr_carea' id='block_1_2' title="bbox 2343 403 2472 476">
    <p class='ocr_par' dir='ltr' id='par_1_2' title="bbox 2343 403 2472 476">
     <span class='ocr_line' id='line_1_2' title="bbox 2343 403 2472 476; baseline -0.016 0"><span class='ocrx_word' id='word_1_2' title='bbox 2343 431 2362 476; x_wconf 80' lang='grc' dir='ltr'>ι</span> <span class='ocrx_word' id='word_1_3' title='bbox 2381 403 2472 476; x_wconf 83' lang='grc'>33</span> 
     </span>
    </p>
   </div>
   <div class='ocr_carea' id='block_1_3' title="bbox 440 517 2474 1068">
    <p class='ocr_par' dir='ltr' id='par_1_3' title="bbox 441 517 2474 850">
     <span class='ocr_line' id='line_1_3' title="bbox 441 517 2474 628; baseline 0.002 -27"><span class='ocrx_word' id='word_1_4' title='bbox 441 535 698 602; x_wconf 83' lang='lat' dir='ltr'>Caussa</span> <span class='ocrx_word' id='word_1_5' title='bbox 732 531 893 602; x_wconf 81' lang='lat' dir='ltr'>latet</span> <span class='ocrx_word' id='word_1_6' title='bbox 910 585 931 620; x_wconf 89' lang='lat'>‚</span> <span class='ocrx_word' id='word_1_7' title='bbox 961 541 1131 626; x_wconf 58' lang='lat' dir='ltr'>qua}x</span> <span class='ocrx_word' id='word_1_8' title='bbox 1145 539 1413 628; x_wconf 81' lang='lat' dir='ltr'>rumpat</span> <span class='ocrx_word' id='word_1_9' title='bbox 1433 535 1600 620; x_wconf 86' lang='lat' dir='ltr'>iter‚·</span> <span class='ocrx_word' id='word_1_10' title='bbox 1619 545 1950 627; x_wconf 82' lang='lat' dir='ltr'>cogatque</span> <span class='ocrx_word' id='word_1_11' title='bbox 1976 532 2245 603; x_wconf 69' lang='lat' dir='ltr'>morari.</span> <span class='ocrx_word' id='word_1_12' title='bbox 2369 517 2474 605; x_wconf 67' lang='grc' dir='ltr'>’3τό</span> 
     </span>
     <span class='ocr_line' id='line_1_4' title="bbox 443 641 2088 738; baseline -0.002 -25"><span class='ocrx_word' id='word_1_13' title='bbox 443 647 632 736; x_wconf 83' lang='lat' dir='ltr'>Saepe</span> <span class='ocrx_word' id='word_1_14' title='bbox 670 644 913 738; x_wconf 85' lang='lat' dir='ltr'><strong>premit</strong></span> <span class='ocrx_word' id='word_1_15' title='bbox 953 642 1183 712; x_wconf 75' lang='lat' dir='ltr'>fauces</span> <span class='ocrx_word' id='word_1_16' title='bbox 1212 644 1479 737; x_wconf 80' lang='lat' dir='ltr'>magnis</span> <span class='ocrx_word' id='word_1_17' title='bbox 1507 656 1842 712; x_wconf 79' lang='lat' dir='ltr'>exstructa</span> <span class='ocrx_word' id='word_1_18' title='bbox 1872 641 2088 711; x_wconf 80' lang='lat' dir='ltr'>ruinis</span> 
     </span>
     <span class='ocr_line' id='line_1_5' title="bbox 442 753 2195 850; baseline -0.003 -25"><span class='ocrx_word' id='word_1_19' title='bbox 442 757 834 848; x_wconf 83' lang='lat' dir='ltr'>Congeries,</span> <span class='ocrx_word' id='word_1_20' title='bbox 866 753 1251 850; x_wconf 77' lang='lat' dir='ltr'>clauditque</span> <span class='ocrx_word' id='word_1_21' title='bbox 1282 756 1457 843; x_wconf 82' lang='lat' dir='ltr'>viaS‚</span> <span class='ocrx_word' id='word_1_22' title='bbox 1495 754 1876 824; x_wconf 71' lang='lat' dir='ltr'>luctamine</span> <span class='ocrx_word' id='word_1_23' title='bbox 1896 753 1984 823; x_wconf 87' lang='lat' dir='ltr'>ab</span> <span class='ocrx_word' id='word_1_24' title='bbox 2019 754 2195 838; x_wconf 81' lang='lat' dir='ltr'>imo,</span> 
     </span>
    </p>

    <p class='ocr_par' dir='ltr' id='par_1_4' title="bbox 440 863 2012 960">
     <span class='ocr_line' id='line_1_6' title="bbox 440 863 2012 960; baseline -0.003 -24"><span class='ocrx_word' id='word_1_25' title='bbox 440 873 524 936; x_wconf 88' lang='lat' dir='ltr'>Et</span> <span class='ocrx_word' id='word_1_26' title='bbox 562 866 769 936; x_wconf 88' lang='lat' dir='ltr'>scisso</span> <span class='ocrx_word' id='word_1_27' title='bbox 798 865 1001 935; x_wconf 83' lang='lat' dir='ltr'>veluti</span> <span class='ocrx_word' id='word_1_28' title='bbox 1038 879 1217 935; x_wconf 86' lang='lat' dir='ltr'>tecto</span> <span class='ocrx_word' id='word_1_29' title='bbox 1234 920 1255 954; x_wconf 89' lang='lat'>,</span> <span class='ocrx_word' id='word_1_30' title='bbox 1296 867 1419 935; x_wconf 87' lang='lat' dir='ltr'>sub</span> <span class='ocrx_word' id='word_1_31' title='bbox 1457 863 1752 960; x_wconf 85' lang='lat' dir='ltr'>pondere</span> <span class='ocrx_word' id='word_1_32' title='bbox 1787 877 2012 933; x_wconf 84' lang='lat' dir='ltr'>restat.</span> 
     </span>
    </p>

    <p class='ocr_par' dir='ltr' id='par_1_5' title="bbox 440 971 2352 1068">
     <span class='ocr_line' id='line_1_7' title="bbox 440 971 2352 1068; baseline -0.001 -26"><span class='ocrx_word' id='word_1_33' title='bbox 440 973 637 1044; x_wconf 88' lang='lat' dir='ltr'><strong>Haud</strong></span> <span class='ocrx_word' id='word_1_34' title='bbox 678 1001 867 1044; x_wconf 84' lang='lat' dir='ltr'>secus</span> <span class='ocrx_word' id='word_1_35' title='bbox 900 1001 981 1045; x_wconf 88' lang='lat' dir='ltr'>ac</span> <span class='ocrx_word' id='word_1_36' title='bbox 1017 991 1249 1046; x_wconf 79' lang='lat' dir='ltr'>tenero</span> <span class='ocrx_word' id='word_1_37' title='bbox 1294 990 1439 1045; x_wconf 85' lang='lat' dir='ltr'>tum</span> <span class='ocrx_word' id='word_1_38' title='bbox 1476 974 1602 1044; x_wconf 89' lang='lat' dir='ltr'>sub</span> <span class='ocrx_word' id='word_1_39' title='bbox 1635 977 1802 1044; x_wconf 83' lang='lat' dir='ltr'>Jove&#39;</span> <span class='ocrx_word' id='word_1_40' title='bbox 1835 972 2078 1068; x_wconf 85' lang='lat' dir='ltr'>frigida</span> <span class='ocrx_word' id='word_1_41' title='bbox 2115 971 2352 1042; x_wconf 78' lang='lat' dir='ltr'>monti&#39;</span> 
     </span>
    </p>
   </div>
   <div class='ocr_carea' id='block_1_4' title="bbox 440 1083 2134 1180">
    <p class='ocr_par' dir='ltr' id='par_1_6' title="bbox 440 1083 2134 1180">
     <span class='ocr_line' id='line_1_8' title="bbox 440 1083 2134 1180; baseline -0.001 -27"><span class='ocrx_word' id='word_1_42' title='bbox 440 1083 716 1155; x_wconf 83' lang='lat' dir='ltr'>Desidia</span> <span class='ocrx_word' id='word_1_43' title='bbox 750 1100 885 1166; x_wconf 83' lang='lat' dir='ltr'>est,</span> <span class='ocrx_word' id='word_1_44' title='bbox 924 1102 1239 1180; x_wconf 82' lang='lat' dir='ltr'>retroque</span> <span class='ocrx_word' id='word_1_45' title='bbox 1263 1085 1471 1180; x_wconf 89' lang='lat' dir='ltr'>liquet</span> <span class='ocrx_word' id='word_1_46' title='bbox 1505 1084 1844 1156; x_wconf 84' lang='lat' dir='ltr'>discedere</span> <span class='ocrx_word' id='word_1_47' title='bbox 1877 1098 2134 1154; x_wconf 71' lang='lat' dir='ltr'>ventos·</span> 
     </span>
    </p>
   </div>
   <div class='ocr_carea' id='block_1_5' title="bbox 334 1297 1371 2715">
    <p class='ocr_par' dir='ltr' id='par_1_7' title="bbox 334 1297 1371 2638">
     <span class='ocr_line' id='line_1_9' title="bbox 412 1297 1367 1370; baseline 0 -18"><span class='ocrx_word' id='word_1_48' title='bbox 412 1298 534 1366; x_wconf 86' lang='lat'><strong>370.</strong></span> <span class='ocrx_word' id='word_1_49' title='bbox 560 1298 761 1352; x_wconf 81' lang='lat' dir='ltr'>Omnes</span> <span class='ocrx_word' id='word_1_50' title='bbox 784 1298 1066 1370; x_wconf 78' lang='lat' dir='ltr'>antiquitus</span> <span class='ocrx_word' id='word_1_51' title='bbox 1083 1299 1259 1352; x_wconf 82' lang='lat' dir='ltr'>excusi</span> <span class='ocrx_word' id='word_1_52' title='bbox 1275 1297 1367 1352; x_wconf 89' lang='lat' dir='ltr'>hic</span> 
     </span>
     <span class='ocr_line' id='line_1_10' title="bbox 346 1377 1366 1448; baseline 0.002 -20"><span class='ocrx_word' id='word_1_53' title='bbox 346 1377 746 1448; x_wconf 76' lang='lat' dir='ltr'>corruptissime</span> <span class='ocrx_word' id='word_1_54' title='bbox 774 1377 1053 1448; x_wconf 75' lang='lat' dir='ltr'>legebant:</span> <span class='ocrx_word' id='word_1_55' title='bbox 1078 1381 1261 1430; x_wconf 76' lang='lat' dir='ltr'>Caussa</span> <span class='ocrx_word' id='word_1_56' title='bbox 1292 1382 1366 1430; x_wconf 84' lang='lat' dir='ltr'>Ia-</span> 
     </span>
     <span class='ocr_line' id='line_1_11' title="bbox 347 1460 1366 1526; baseline 0.002 -21"><span class='ocrx_word' id='word_1_57' title='bbox 347 1470 428 1516; x_wconf 76' lang='lat' dir='ltr'>cet,</span> <span class='ocrx_word' id='word_1_58' title='bbox 465 1471 695 1523; x_wconf 70' lang='lat' dir='ltr'>qua-runt</span> <span class='ocrx_word' id='word_1_59' title='bbox 710 1460 921 1524; x_wconf 76' lang='lat' dir='ltr'>pariter,</span> <span class='ocrx_word' id='word_1_60' title='bbox 952 1473 1227 1526; x_wconf 73' lang='lat' dir='ltr'>coguntque</span> <span class='ocrx_word' id='word_1_61' title='bbox 1258 1475 1366 1507; x_wconf 86' lang='lat' dir='ltr'>mo·-</span> 
     </span>
     <span class='ocr_line' id='line_1_12' title="bbox 346 1535 1367 1608; baseline 0.002 -24"><span class='ocrx_word' id='word_1_62' title='bbox 346 1538 464 1588; x_wconf 79' lang='lat' dir='ltr'>ran&#39;.</span> <span class='ocrx_word' id='word_1_63' title='bbox 490 1535 685 1589; x_wconf 80' lang='lat' dir='ltr'>Divine</span> <span class='ocrx_word' id='word_1_64' title='bbox 697 1537 933 1608; x_wconf 76' lang='lat' dir='ltr'><strong>Scaliger</strong></span> <span class='ocrx_word' id='word_1_65' title='bbox 941 1536 1165 1589; x_wconf 80' lang='lat' dir='ltr'>correxit</span> <span class='ocrx_word' id='word_1_66' title='bbox 1183 1539 1367 1587; x_wconf 80' lang='lat' dir='ltr'><em>Caussa</em></span> 
     </span>
     <span class='ocr_line' id='line_1_13' title="bbox 344 1613 1367 1686; baseline 0.004 -22"><span class='ocrx_word' id='word_1_67' title='bbox 344 1617 489 1674; x_wconf 73' lang='lat' dir='ltr'>latet,</span> <span class='ocrx_word' id='word_1_68' title='bbox 511 1634 625 1681; x_wconf 75' lang='lat' dir='ltr'>qua.-</span> <span class='ocrx_word' id='word_1_69' title='bbox 640 1631 839 1684; x_wconf 64' lang='lat' dir='ltr'>rumpat</span> <span class='ocrx_word' id='word_1_70' title='bbox 856 1619 977 1676; x_wconf 77' lang='lat' dir='ltr'>iter,-</span> <span class='ocrx_word' id='word_1_71' title='bbox 1002 1629 1057 1668; x_wconf 84' lang='lat' dir='ltr'>et</span> <span class='ocrx_word' id='word_1_72' title='bbox 1074 1613 1221 1686; x_wconf 85' lang='lat' dir='ltr'>quod</span> <span class='ocrx_word' id='word_1_73' title='bbox 1239 1613 1367 1668; x_wconf 84' lang='lat' dir='ltr'>huic</span> 
     </span>
     <span class='ocr_line' id='line_1_14' title="bbox 342 1691 1369 1764; baseline 0.002 -21"><span class='ocrx_word' id='word_1_74' title='bbox 342 1691 684 1762; x_wconf 80' lang='lat' dir='ltr'><strong>respondeat,</strong></span> <span class='ocrx_word' id='word_1_75' title='bbox 713 1711 953 1764; x_wconf 72' lang='lat' dir='ltr'>cogatque</span> <span class='ocrx_word' id='word_1_76' title='bbox 975 1698 1166 1746; x_wconf 81' lang='lat' dir='ltr'>morari</span> <span class='ocrx_word' id='word_1_77' title='bbox 1190 1691 1369 1746; x_wconf 85' lang='lat' dir='ltr'>adhuc</span> 
     </span>
     <span class='ocr_line' id='line_1_15' title="bbox 344 1773 1366 1847; baseline 0.005 -23"><span class='ocrx_word' id='word_1_78' title='bbox 344 1784 581 1843; x_wconf 79' lang='lat' dir='ltr'><strong>superest</strong></span> <span class='ocrx_word' id='word_1_79' title='bbox 602 1773 655 1825; x_wconf 90' lang='lat' dir='ltr'>in</span> <span class='ocrx_word' id='word_1_80' title='bbox 680 1774 855 1847; x_wconf 85' lang='lat' dir='ltr'>Mspto</span> <span class='ocrx_word' id='word_1_81' title='bbox 880 1775 1104 1830; x_wconf 75' lang='lat' dir='ltr'>Heimst.</span> <span class='ocrx_word' id='word_1_82' title='bbox 1124 1805 1195 1815; x_wconf 92' lang='lat'>-—</span> <span class='ocrx_word' id='word_1_83' title='bbox 1212 1780 1366 1828; x_wconf 78' lang='lat' dir='ltr'>Ilum·</span> 
     </span>
     <span class='ocr_line' id='line_1_16' title="bbox 334 1854 1362 1927; baseline 0.007 -26"><span class='ocrx_word' id='word_1_84' title='bbox 334 1870 455 1918; x_wconf 67' lang='lat' dir='ltr'>pere</span> <span class='ocrx_word' id='word_1_85' title='bbox 478 1855 573 1903; x_wconf 78' lang='lat' dir='ltr'>iter</span> <span class='ocrx_word' id='word_1_86' title='bbox 596 1864 678 1907; x_wconf 84' lang='lat' dir='ltr'>est</span> <span class='ocrx_word' id='word_1_87' title='bbox 703 1855 1018 1927; x_wconf 78' lang='lat' dir='ltr'>abrumpere</span> <span class='ocrx_word' id='word_1_88' title='bbox 1037 1897 1053 1922; x_wconf 86' lang='lat'><strong>,</strong></span> <span class='ocrx_word' id='word_1_89' title='bbox 1090 1854 1362 1925; x_wconf 85' lang='lat' dir='ltr'>impedire.</span> 
     </span>
     <span class='ocr_line' id='line_1_17' title="bbox 346 1929 1365 2004; baseline 0.006 -22"><span class='ocrx_word' id='word_1_90' title='bbox 346 1929 535 1982; x_wconf 79' lang='lat' dir='ltr'>Probat</span> <span class='ocrx_word' id='word_1_91' title='bbox 589 1931 793 1986; x_wconf 79' lang='lat' dir='ltr'><strong>Horatii</strong></span> <span class='ocrx_word' id='word_1_92' title='bbox 832 1933 985 1986; x_wconf 86' lang='lat' dir='ltr'>locus</span> <span class='ocrx_word' id='word_1_93' title='bbox 1030 1954 1061 1988; x_wconf 86' lang='lat' dir='ltr'>a</span> <span class='ocrx_word' id='word_1_94' title='bbox 1100 1933 1365 2004; x_wconf 83' lang='lat' dir='ltr'>Scaligero</span> 
     </span>
     <span class='ocr_line' id='line_1_18' title="bbox 344 2007 1365 2083; baseline 0.005 -21"><span class='ocrx_word' id='word_1_95' title='bbox 344 2007 604 2064; x_wconf 85' lang='lat' dir='ltr'>adductus</span> <span class='ocrx_word' id='word_1_96' title='bbox 610 2011 823 2077; x_wconf 75' lang='lat' dir='ltr'>,Car-m.</span> <span class='ocrx_word' id='word_1_97' title='bbox 844 2013 946 2076; x_wconf 79' lang='lat'>111,</span> <span class='ocrx_word' id='word_1_98' title='bbox 964 2032 1049 2083; x_wconf 77' lang='lat'>27,</span> <span class='ocrx_word' id='word_1_99' title='bbox 1072 2013 1101 2066; x_wconf 86' lang='lat'><strong>5</strong></span> <span class='ocrx_word' id='word_1_100' title='bbox 1122 2030 1136 2066; x_wconf 89' lang='lat'><strong>:</strong></span> <span class='ocrx_word' id='word_1_101' title='bbox 1159 2039 1184 2058; x_wconf 69' lang='lat' dir='ltr'>a</span> <span class='ocrx_word' id='word_1_102' title='bbox 1200 2015 1365 2066; x_wconf 87' lang='lat' dir='ltr'>Rum-</span> 
     </span>
     <span class='ocr_line' id='line_1_19' title="bbox 344 2091 1371 2161; baseline 0.006 -23"><span class='ocrx_word' id='word_1_103' title='bbox 344 2100 431 2158; x_wconf 84' lang='lat' dir='ltr'>pat</span> <span class='ocrx_word' id='word_1_104' title='bbox 448 2100 500 2140; x_wconf 88' lang='lat' dir='ltr'>et</span> <span class='ocrx_word' id='word_1_105' title='bbox 516 2109 733 2161; x_wconf 86' lang='lat' dir='ltr'>serpens</span> <span class='ocrx_word' id='word_1_106' title='bbox 744 2091 842 2144; x_wconf 88' lang='lat' dir='ltr'>iter</span> <span class='ocrx_word' id='word_1_107' title='bbox 855 2093 1149 2146; x_wconf 79' lang='lat' dir='ltr'>institutum</span> <span class='ocrx_word' id='word_1_108' title='bbox 1158 2119 1203 2146; x_wconf 73' lang='lat' dir='ltr'>n.</span> <span class='ocrx_word' id='word_1_109' title='bbox 1215 2092 1293 2146; x_wconf 84' lang='lat' dir='ltr'>Ad</span> <span class='ocrx_word' id='word_1_110' title='bbox 1300 2093 1371 2146; x_wconf 91' lang='lat' dir='ltr'>do</span> 
     </span>
     <span class='ocr_line' id='line_1_20' title="bbox 344 2167 1371 2244; baseline 0.007 -25"><span class='ocrx_word' id='word_1_111' title='bbox 344 2167 500 2220; x_wconf 73' lang='lat' dir='ltr'>Ovid.</span> <span class='ocrx_word' id='word_1_112' title='bbox 515 2172 637 2222; x_wconf 82' lang='lat' dir='ltr'>Am.</span> <span class='ocrx_word' id='word_1_113' title='bbox 659 2170 743 2222; x_wconf 87' lang='lat' dir='ltr'>IH</span> <span class='ocrx_word' id='word_1_114' title='bbox 762 2208 777 2234; x_wconf 88' lang='lat'><strong>,</strong></span> <span class='ocrx_word' id='word_1_115' title='bbox 793 2173 848 2238; x_wconf 87' lang='lat'>6,</span> <span class='ocrx_word' id='word_1_116' title='bbox 868 2173 1063 2244; x_wconf 86' lang='lat' dir='ltr'>88,qui</span> <span class='ocrx_word' id='word_1_117' title='bbox 1075 2171 1144 2226; x_wconf 91' lang='lat' dir='ltr'>de</span> <span class='ocrx_word' id='word_1_118' title='bbox 1156 2171 1371 2226; x_wconf 86' lang='lat' dir='ltr'>flumine</span> 
     </span>
     <span class='ocr_line' id='line_1_21' title="bbox 348 2245 1370 2323; baseline 0.012 -26"><span class='ocrx_word' id='word_1_119' title='bbox 348 2245 443 2298; x_wconf 81' lang='lat' dir='ltr'>viae</span> <span class='ocrx_word' id='word_1_120' title='bbox 466 2249 717 2320; x_wconf 86' lang='lat' dir='ltr'>objecto:</span> <span class='ocrx_word' id='word_1_121' title='bbox 761 2274 784 2297; x_wconf 75' lang='grc' dir='ltr'>ι</span> <span class='ocrx_word' id='word_1_122' title='bbox 812 2249 943 2322; x_wconf 88' lang='lat' dir='ltr'>quid</span> <span class='ocrx_word' id='word_1_123' title='bbox 969 2266 1158 2323; x_wconf 64' lang='lat' dir='ltr'>mutua</span> <span class='ocrx_word' id='word_1_124' title='bbox 1185 2251 1370 2320; x_wconf 60' lang='lat' dir='ltr'>differs</span> 
     </span>
     <span class='ocr_line' id='line_1_22' title="bbox 346 2324 1371 2400; baseline 0.011 -24"><span class='ocrx_word' id='word_1_125' title='bbox 346 2324 577 2392; x_wconf 84' lang='lat' dir='ltr'>Gaudia,</span> <span class='ocrx_word' id='word_1_126' title='bbox 592 2328 723 2400; x_wconf 89' lang='lat' dir='ltr'>quid</span> <span class='ocrx_word' id='word_1_127' title='bbox 740 2342 985 2400; x_wconf 76' lang='lat' dir='ltr'>coeptum,</span> <span class='ocrx_word' id='word_1_128' title='bbox 998 2333 1213 2400; x_wconf 73' lang='lat' dir='ltr'>rustice,</span> <span class='ocrx_word' id='word_1_129' title='bbox 1223 2353 1371 2400; x_wconf 61' lang='lat' dir='ltr'>rufn-</span> 
     </span>
     <span class='ocr_line' id='line_1_23' title="bbox 346 2404 1367 2475; baseline 0.01 -19"><span class='ocrx_word' id='word_1_130' title='bbox 346 2404 425 2474; x_wconf 87' lang='lat' dir='ltr'>pis</span> <span class='ocrx_word' id='word_1_131' title='bbox 444 2406 548 2459; x_wconf 85' lang='lat' dir='ltr'>iter</span> <span class='ocrx_word' id='word_1_132' title='bbox 564 2435 610 2459; x_wconf 71' lang='lat' dir='ltr'>a.</span> <span class='ocrx_word' id='word_1_133' title='bbox 629 2439 701 2448; x_wconf 89' lang='lat'>—-</span> <span class='ocrx_word' id='word_1_134' title='bbox 725 2409 792 2460; x_wconf 85' lang='lat' dir='ltr'>Et</span> <span class='ocrx_word' id='word_1_135' title='bbox 812 2410 969 2462; x_wconf 79' lang='lat' dir='ltr'>Rutil.</span> <span class='ocrx_word' id='word_1_136' title='bbox 993 2411 1116 2464; x_wconf 81' lang='lat' dir='ltr'>ltin.</span> <span class='ocrx_word' id='word_1_137' title='bbox 1139 2413 1165 2464; x_wconf 92' lang='grc' dir='ltr'><strong>Ι</strong></span> <span class='ocrx_word' id='word_1_138' title='bbox 1182 2450 1197 2475; x_wconf 92' lang='grc'><strong>,</strong></span> <span class='ocrx_word' id='word_1_139' title='bbox 1228 2415 1324 2466; x_wconf 81' lang='lat'>108</span> <span class='ocrx_word' id='word_1_140' title='bbox 1352 2431 1367 2465; x_wconf 73' lang='lat' dir='ltr'>t</span> 
     </span>
     <span class='ocr_line' id='line_1_24' title="bbox 346 2483 1368 2564; baseline 0.01 -28"><span class='ocrx_word' id='word_1_141' title='bbox 346 2483 591 2556; x_wconf 62' lang='lat' dir='ltr'>*Gurges</span> <span class='ocrx_word' id='word_1_142' title='bbox 616 2505 873 2559; x_wconf 84' lang='lat' dir='ltr'>aquarum</span> <span class='ocrx_word' id='word_1_143' title='bbox 896 2489 1368 2564; x_wconf 70' lang='lat' dir='ltr'>RupitTarpeias,</span> 
     </span>
     <span class='ocr_line' id='line_1_25' title="bbox 346 2559 1285 2638; baseline 0.012 -23"><span class='ocrx_word' id='word_1_144' title='bbox 346 2559 495 2618; x_wconf 85' lang='lat' dir='ltr'>hoste</span> <span class='ocrx_word' id='word_1_145' title='bbox 513 2580 815 2638; x_wconf 74' lang='lat' dir='ltr'><strong>premente,</strong></span> <span class='ocrx_word' id='word_1_146' title='bbox 844 2568 959 2622; x_wconf 76' lang='lat' dir='ltr'>vias</span> <span class='ocrx_word' id='word_1_147' title='bbox 972 2595 1017 2624; x_wconf 66' lang='lat' dir='ltr'>a.</span> <span class='ocrx_word' id='word_1_148' title='bbox 1040 2569 1145 2624; x_wconf 82' lang='lat' dir='ltr'>En.</span> <span class='ocrx_word' id='word_1_149' title='bbox 1270 2609 1285 2638; x_wconf 73' lang='lat' dir='ltr'><em>s</em></span> 
     </span>
    </p>

    <p class='ocr_par' dir='ltr' id='par_1_8' title="bbox 416 2645 1371 2715">
     <span class='ocr_line' id='line_1_26' title="bbox 416 2645 1371 2715; baseline 0.009 -19"><span class='ocrx_word' id='word_1_150' title='bbox 416 2645 543 2714; x_wconf 86' lang='lat'>371.</span> <span class='ocrx_word' id='word_1_151' title='bbox 574 2651 769 2715; x_wconf 77' lang='lat' dir='ltr'>Magnis</span> <span class='ocrx_word' id='word_1_152' title='bbox 789 2663 1039 2699; x_wconf 77' lang='lat' dir='ltr'>exstructa</span> <span class='ocrx_word' id='word_1_153' title='bbox 1058 2653 1227 2703; x_wconf 77' lang='lat' dir='ltr'>ruinis.</span> <span class='ocrx_word' id='word_1_154' title='bbox 1242 2653 1371 2704; x_wconf 88' lang='lat' dir='ltr'>Om-</span> 
     </span>
    </p>
   </div>
   <div class='ocr_carea' id='block_1_6' title="bbox 346 2725 1383 2878">
    <p class='ocr_par' dir='ltr' id='par_1_9' title="bbox 346 2725 1383 2878">
     <span class='ocr_line' id='line_1_27' title="bbox 346 2725 1383 2798; baseline 0.003 -22"><span class='ocrx_word' id='word_1_155' title='bbox 346 2741 440 2776; x_wconf 80' lang='lat' dir='ltr'>nes</span> <span class='ocrx_word' id='word_1_156' title='bbox 466 2743 599 2778; x_wconf 76' lang='lat' dir='ltr'>meze</span> <span class='ocrx_word' id='word_1_157' title='bbox 618 2726 847 2798; x_wconf 79' lang='lat' dir='ltr'>antiquae</span> <span class='ocrx_word' id='word_1_158' title='bbox 884 2725 1082 2780; x_wconf 84' lang='lat' dir='ltr'>habent</span> <span class='ocrx_word' id='word_1_159' title='bbox 1105 2732 1383 2792; x_wconf 64' lang='lat' dir='ltr'>exhausta„</span> 
     </span>
     <span class='ocr_line' id='line_1_28' title="bbox 348 2801 1383 2878; baseline 0.007 -20"><span class='ocrx_word' id='word_1_160' title='bbox 348 2801 438 2858; x_wconf 61' lang='lat' dir='ltr'>fied</span> <span class='ocrx_word' id='word_1_161' title='bbox 477 2819 732 2856; x_wconf 67' lang='lat' dir='ltr'>exstructa</span> <span class='ocrx_word' id='word_1_162' title='bbox 771 2805 890 2858; x_wconf 85' lang='lat' dir='ltr'>cod.</span> <span class='ocrx_word' id='word_1_163' title='bbox 932 2805 1153 2860; x_wconf 85' lang='lat' dir='ltr'>Helmst.</span> <span class='ocrx_word' id='word_1_164' title='bbox 1188 2822 1242 2878; x_wconf 65' lang='grc' dir='ltr'><strong><em>ᾳ</em></strong></span> <span class='ocrx_word' id='word_1_165' title='bbox 1284 2809 1383 2864; x_wconf 68' lang='lat' dir='ltr'>ed:</span> 
     </span>
    </p>
   </div>
   <div class='ocr_carea' id='block_1_7' title="bbox 264 2882 1383 4224">
    <p class='ocr_par' dir='ltr' id='par_1_10' title="bbox 347 2882 1218 2954">
     <span class='ocr_line' id='line_1_29' title="bbox 347 2882 1218 2954; baseline 0.006 -18"><span class='ocrx_word' id='word_1_166' title='bbox 347 2882 480 2936; x_wconf 89' lang='lat' dir='ltr'>Scal.</span> <span class='ocrx_word' id='word_1_167' title='bbox 508 2883 657 2954; x_wconf 87' lang='lat' dir='ltr'>quod</span> <span class='ocrx_word' id='word_1_168' title='bbox 686 2884 796 2938; x_wconf 83' lang='lat' dir='ltr'>sine</span> <span class='ocrx_word' id='word_1_169' title='bbox 823 2883 987 2938; x_wconf 86' lang='lat' dir='ltr'>dubio</span> <span class='ocrx_word' id='word_1_170' title='bbox 1012 2887 1218 2941; x_wconf 86' lang='lat' dir='ltr'>melius.</span> 
     </span>
    </p>

    <p class='ocr_par' dir='ltr' id='par_1_11' title="bbox 350 2963 1377 3254">
     <span class='ocr_line' id='line_1_30' title="bbox 420 2963 1377 3032; baseline 0.006 -17"><span class='ocrx_word' id='word_1_171' title='bbox 420 2963 545 3032; x_wconf 78' lang='lat'>372.</span> <span class='ocrx_word' id='word_1_172' title='bbox 582 2967 868 3015; x_wconf 61' lang='lat' dir='ltr'>Luc-tamine</span> <span class='ocrx_word' id='word_1_173' title='bbox 906 2967 970 3016; x_wconf 76' lang='lat' dir='ltr'>ab</span> <span class='ocrx_word' id='word_1_174' title='bbox 1003 2968 1131 3026; x_wconf 81' lang='lat' dir='ltr'>imo,</span> <span class='ocrx_word' id='word_1_175' title='bbox 1167 2967 1236 3020; x_wconf 81' lang='lat' dir='ltr'>ab</span> <span class='ocrx_word' id='word_1_176' title='bbox 1270 2967 1377 3022; x_wconf 84' lang='lat' dir='ltr'>imo</span> 
     </span>
     <span class='ocr_line' id='line_1_31' title="bbox 350 3040 1375 3114; baseline 0.007 -23"><span class='ocrx_word' id='word_1_177' title='bbox 350 3040 469 3092; x_wconf 82' lang='lat' dir='ltr'>sinu</span> <span class='ocrx_word' id='word_1_178' title='bbox 488 3079 505 3104; x_wconf 92' lang='lat'><strong>,</strong></span> <span class='ocrx_word' id='word_1_179' title='bbox 534 3055 715 3096; x_wconf 79' lang='lat' dir='ltr'>meatu</span> <span class='ocrx_word' id='word_1_180' title='bbox 732 3083 749 3110; x_wconf 84' lang='lat'><em>‚</em></span> <span class='ocrx_word' id='word_1_181' title='bbox 769 3043 825 3094; x_wconf 88' lang='lat' dir='ltr'>in</span> <span class='ocrx_word' id='word_1_182' title='bbox 844 3063 952 3114; x_wconf 90' lang='lat' dir='ltr'>quo</span> <span class='ocrx_word' id='word_1_183' title='bbox 966 3044 1235 3098; x_wconf 86' lang='lat' dir='ltr'>luctantur</span> <span class='ocrx_word' id='word_1_184' title='bbox 1251 3066 1375 3100; x_wconf 76' lang='lat' dir='ltr'>ven-</span> 
     </span>
     <span class='ocr_line' id='line_1_32' title="bbox 352 3120 1375 3197; baseline 0.009 -26"><span class='ocrx_word' id='word_1_185' title='bbox 352 3120 424 3172; x_wconf 88' lang='lat' dir='ltr'>ti:</span> <span class='ocrx_word' id='word_1_186' title='bbox 446 3121 521 3174; x_wconf 80' lang='lat' dir='ltr'>sic</span> <span class='ocrx_word' id='word_1_187' title='bbox 545 3133 601 3174; x_wconf 84' lang='lat' dir='ltr'>et</span> <span class='ocrx_word' id='word_1_188' title='bbox 622 3126 887 3176; x_wconf 78' lang='lat' dir='ltr'><em>certamine</em></span> <span class='ocrx_word' id='word_1_189' title='bbox 919 3125 1191 3196; x_wconf 82' lang='lat' dir='ltr'>usurpavit</span> <span class='ocrx_word' id='word_1_190' title='bbox 1218 3145 1375 3197; x_wconf 85' lang='lat' dir='ltr'>supra</span> 
     </span>
     <span class='ocr_line' id='line_1_33' title="bbox 352 3203 581 3254; baseline 0.009 -4"><span class='ocrx_word' id='word_1_191' title='bbox 352 3218 425 3254; x_wconf 77' lang='lat' dir='ltr'>vs.</span> <span class='ocrx_word' id='word_1_192' title='bbox 458 3203 581 3254; x_wconf 78' lang='lat'><strong>320.</strong></span> 
     </span>
    </p>

    <p class='ocr_par' dir='ltr' id='par_1_12' title="bbox 422 3283 1375 3356">
     <span class='ocr_line' id='line_1_34' title="bbox 422 3283 1375 3356; baseline 0.004 -22"><span class='ocrx_word' id='word_1_193' title='bbox 422 3283 546 3352; x_wconf 86' lang='grc'>373.</span> <span class='ocrx_word' id='word_1_194' title='bbox 592 3287 749 3336; x_wconf 75' lang='lat' dir='ltr'>Scissa</span> <span class='ocrx_word' id='word_1_195' title='bbox 794 3289 953 3338; x_wconf 75' lang='lat' dir='ltr'>voluti</span> <span class='ocrx_word' id='word_1_196' title='bbox 986 3300 1141 3348; x_wconf 73' lang='lat' dir='ltr'>cccco,</span> <span class='ocrx_word' id='word_1_197' title='bbox 1208 3283 1375 3356; x_wconf 85' lang='lat' dir='ltr'>ruptis</span> 
     </span>
    </p>

    <p class='ocr_par' dir='ltr' id='par_1_13' title="bbox 264 3362 1381 3914">
     <span class='ocr_line' id='line_1_35' title="bbox 352 3362 1377 3434; baseline 0.005 -22"><span class='ocrx_word' id='word_1_198' title='bbox 352 3362 661 3414; x_wconf 76' lang='lat' dir='ltr'>fornacibus</span> <span class='ocrx_word' id='word_1_199' title='bbox 676 3402 694 3429; x_wconf 86' lang='lat'>,</span> <span class='ocrx_word' id='word_1_200' title='bbox 714 3375 987 3434; x_wconf 83' lang='lat' dir='ltr'>tamqnam</span> <span class='ocrx_word' id='word_1_201' title='bbox 1015 3375 1156 3417; x_wconf 88' lang='lat' dir='ltr'>tecto</span> <span class='ocrx_word' id='word_1_202' title='bbox 1184 3362 1377 3418; x_wconf 80' lang='lat' dir='ltr'>domus</span> 
     </span>
     <span class='ocr_line' id='line_1_36' title="bbox 264 3435 1381 3512; baseline 0.002 -19"><span class='ocrx_word' id='word_1_203' title='bbox 264 3435 267 3438; x_wconf 32' lang='lat'><strong>⁴</strong></span> <span class='ocrx_word' id='word_1_204' title='bbox 352 3439 585 3512; x_wconf 81' lang='lat' dir='ltr'>delapso.</span> <span class='ocrx_word' id='word_1_205' title='bbox 613 3474 685 3484; x_wconf 87' lang='lat'>-—</span> <span class='ocrx_word' id='word_1_206' title='bbox 713 3447 809 3494; x_wconf 77' lang='lat' dir='ltr'>Sub</span> <span class='ocrx_word' id='word_1_207' title='bbox 834 3447 1056 3511; x_wconf 77' lang='lat' dir='ltr'>pondere</span> <span class='ocrx_word' id='word_1_208' title='bbox 1085 3459 1269 3510; x_wconf 74' lang='lat' dir='ltr'>pra-sto</span> <span class='ocrx_word' id='word_1_209' title='bbox 1309 3459 1381 3495; x_wconf 80' lang='lat' dir='ltr'>ese</span> 
     </span>
     <span class='ocr_line' id='line_1_37' title="bbox 352 3519 1379 3596; baseline 0.004 -25"><span class='ocrx_word' id='word_1_210' title='bbox 352 3519 547 3574; x_wconf 82' lang='lat' dir='ltr'>habent</span> <span class='ocrx_word' id='word_1_211' title='bbox 566 3540 752 3576; x_wconf 84' lang='lat' dir='ltr'>omnes</span> <span class='ocrx_word' id='word_1_212' title='bbox 770 3523 1001 3596; x_wconf 67' lang='lat' dir='ltr'>antiquae</span> <span class='ocrx_word' id='word_1_213' title='bbox 1014 3539 1247 3591; x_wconf 77' lang='lat' dir='ltr'>3proescat</span> <span class='ocrx_word' id='word_1_214' title='bbox 1261 3523 1379 3577; x_wconf 86' lang='lat' dir='ltr'>cod.</span> 
     </span>
     <span class='ocr_line' id='line_1_38' title="bbox 352 3599 1381 3673; baseline 0.005 -21"><span class='ocrx_word' id='word_1_215' title='bbox 352 3599 574 3653; x_wconf 80' lang='lat' dir='ltr'>Helmst.</span> <span class='ocrx_word' id='word_1_216' title='bbox 592 3621 703 3673; x_wconf 87' lang='lat' dir='ltr'>quo</span> <span class='ocrx_word' id='word_1_217' title='bbox 720 3603 1065 3654; x_wconf 77' lang='lat' dir='ltr'>confirmatur</span> <span class='ocrx_word' id='word_1_218' title='bbox 1082 3601 1381 3657; x_wconf 81' lang='lat' dir='ltr'>emendatio</span> 
     </span>
     <span class='ocr_line' id='line_1_39' title="bbox 352 3680 1381 3753; baseline 0.004 -21"><span class='ocrx_word' id='word_1_219' title='bbox 352 3680 599 3751; x_wconf 73' lang='lat' dir='ltr'>Scaligeri</span> <span class='ocrx_word' id='word_1_220' title='bbox 615 3718 635 3745; x_wconf 88' lang='lat'><strong>,</strong></span> <span class='ocrx_word' id='word_1_221' title='bbox 658 3682 753 3753; x_wconf 88' lang='lat' dir='ltr'>qui</span> <span class='ocrx_word' id='word_1_222' title='bbox 772 3697 926 3732; x_wconf 78' lang='lat' dir='ltr'>rescae</span> <span class='ocrx_word' id='word_1_223' title='bbox 952 3681 1218 3752; x_wconf 68' lang='lat' dir='ltr'>rescripsit</span> <span class='ocrx_word' id='word_1_224' title='bbox 1242 3700 1263 3734; x_wconf 73' lang='grc' dir='ltr'>ε.</span> <span class='ocrx_word' id='word_1_225' title='bbox 1276 3683 1381 3736; x_wconf 90' lang='lat' dir='ltr'>hoc</span> 
     </span>
     <span class='ocr_line' id='line_1_40' title="bbox 354 3761 1380 3832; baseline 0.001 -19"><span class='ocrx_word' id='word_1_226' title='bbox 354 3761 494 3814; x_wconf 85' lang='lat' dir='ltr'>idem</span> <span class='ocrx_word' id='word_1_227' title='bbox 520 3776 597 3816; x_wconf 79' lang='lat' dir='ltr'>est</span> <span class='ocrx_word' id='word_1_228' title='bbox 618 3783 683 3818; x_wconf 82' lang='lat' dir='ltr'>ac</span> <span class='ocrx_word' id='word_1_229' title='bbox 706 3767 936 3815; x_wconf 73' lang='lat' dir='ltr'>resistam</span> <span class='ocrx_word' id='word_1_230' title='bbox 965 3781 1119 3832; x_wconf 82' lang='lat' dir='ltr'>supra</span> <span class='ocrx_word' id='word_1_231' title='bbox 1135 3803 1151 3828; x_wconf 92' lang='lat'>,</span> <span class='ocrx_word' id='word_1_232' title='bbox 1180 3781 1235 3818; x_wconf 82' lang='lat' dir='ltr'>v.</span> <span class='ocrx_word' id='word_1_233' title='bbox 1262 3765 1380 3816; x_wconf 77' lang='lat'><strong>302.</strong></span> 
     </span>
     <span class='ocr_line' id='line_1_41' title="bbox 354 3841 1061 3914; baseline -0.006 -18"><span class='ocrx_word' id='word_1_234' title='bbox 354 3843 474 3896; x_wconf 79' lang='lat' dir='ltr'>Ant.</span> <span class='ocrx_word' id='word_1_235' title='bbox 496 3849 560 3896; x_wconf 80' lang='lat' dir='ltr'>de</span> <span class='ocrx_word' id='word_1_236' title='bbox 580 3850 720 3910; x_wconf 74' lang='lat' dir='ltr'>Rooy</span> <span class='ocrx_word' id='word_1_237' title='bbox 736 3841 863 3914; x_wconf 79' lang='lat' dir='ltr'>legit</span> <span class='ocrx_word' id='word_1_238' title='bbox 886 3857 1061 3893; x_wconf 74' lang='lat' dir='ltr'>cessae.</span> 
     </span>
    </p>

    <p class='ocr_par' dir='ltr' id='par_1_14' title="bbox 351 3920 1383 4224">
     <span class='ocr_line' id='line_1_42' title="bbox 424 3920 1377 3994; baseline -0.003 -17"><span class='ocrx_word' id='word_1_239' title='bbox 424 3925 547 3994; x_wconf 75' lang='grc'><strong><em>374.</em></strong></span> <span class='ocrx_word' id='word_1_240' title='bbox 580 3923 824 3994; x_wconf 73' lang='lat' dir='ltr'>Plerique</span> <span class='ocrx_word' id='word_1_241' title='bbox 858 3920 993 3974; x_wconf 85' lang='lat' dir='ltr'>editi</span> <span class='ocrx_word' id='word_1_242' title='bbox 1024 3921 1115 3974; x_wconf 84' lang='lat' dir='ltr'>hic</span> <span class='ocrx_word' id='word_1_243' title='bbox 1158 3920 1377 3991; x_wconf 74' lang='lat' dir='ltr'>legunt:</span> 
     </span>
     <span class='ocr_line' id='line_1_43' title="bbox 356 4003 1377 4070; baseline -0.002 -16"><span class='ocrx_word' id='word_1_244' title='bbox 356 4008 509 4060; x_wconf 72' lang='lat' dir='ltr'>Haud</span> <span class='ocrx_word' id='word_1_245' title='bbox 521 4023 656 4055; x_wconf 76' lang='lat' dir='ltr'>secus</span> <span class='ocrx_word' id='word_1_246' title='bbox 676 4023 739 4054; x_wconf 80' lang='lat' dir='ltr'>ac</span> <span class='ocrx_word' id='word_1_247' title='bbox 763 4017 950 4054; x_wconf 73' lang='lat' dir='ltr'>teneros</span> <span class='ocrx_word' id='word_1_248' title='bbox 970 4021 1119 4068; x_wconf 78' lang='lat' dir='ltr'>quum</span> <span class='ocrx_word' id='word_1_249' title='bbox 1132 4003 1259 4054; x_wconf 78' lang='lat' dir='ltr'>sicco</span> <span class='ocrx_word' id='word_1_250' title='bbox 1272 4003 1377 4070; x_wconf 77' lang='lat' dir='ltr'>fti-</span> 
     </span>
     <span class='ocr_line' id='line_1_44' title="bbox 351 4079 1382 4150; baseline 0.001 -17"><span class='ocrx_word' id='word_1_251' title='bbox 351 4085 469 4150; x_wconf 75' lang='lat' dir='ltr'>gida</span> <span class='ocrx_word' id='word_1_252' title='bbox 506 4087 663 4135; x_wconf 79' lang='lat' dir='ltr'>monti</span> <span class='ocrx_word' id='word_1_253' title='bbox 700 4084 937 4134; x_wconf 75' lang='lat' dir='ltr'>Desudac.</span> <span class='ocrx_word' id='word_1_254' title='bbox 980 4081 1079 4133; x_wconf 81' lang='lat' dir='ltr'>Pro</span> <span class='ocrx_word' id='word_1_255' title='bbox 1119 4079 1225 4133; x_wconf 80' lang='lat' dir='ltr'>hoc</span> <span class='ocrx_word' id='word_1_256' title='bbox 1241 4097 1247 4105; x_wconf 87' lang='lat'>·</span> <span class='ocrx_word' id='word_1_257' title='bbox 1266 4079 1382 4134; x_wconf 68' lang='lat' dir='ltr'>aliae</span> 
     </span>
     <span class='ocr_line' id='line_1_45' title="bbox 357 4160 1383 4224; baseline 0 -12"><span class='ocrx_word' id='word_1_258' title='bbox 357 4165 625 4216; x_wconf 76' lang='lat' dir='ltr'>Desidiam.</span> <span class='ocrx_word' id='word_1_259' title='bbox 681 4160 867 4214; x_wconf 85' lang='lat' dir='ltr'>Paullo</span> <span class='ocrx_word' id='word_1_260' title='bbox 919 4161 1239 4214; x_wconf 78' lang='lat' dir='ltr'>recentiores</span> <span class='ocrx_word' id='word_1_261' title='bbox 1260 4196 1277 4224; x_wconf 87' lang='lat'>,</span> <span class='ocrx_word' id='word_1_262' title='bbox 1328 4173 1383 4213; x_wconf 83' lang='lat' dir='ltr'>ut</span> 
     </span>
    </p>
   </div>
   <div class='ocr_carea' id='block_1_8' title="bbox 2398 1100 2474 1152">
    <p class='ocr_par' dir='ltr' id='par_1_15' title="bbox 2398 1100 2474 1152">
     <span class='ocr_line' id='line_1_46' title="bbox 2398 1100 2474 1152; baseline -0.013 -13"><span class='ocrx_word' id='word_1_263' title='bbox 2398 1100 2474 1152; x_wconf 83' lang='lat'>37⁵</span> 
     </span>
    </p>
   </div>
   <div class='ocr_carea' id='block_1_9' title="bbox 1449 1294 2502 4231">
    <p class='ocr_par' dir='ltr' id='par_1_16' title="bbox 1449 1294 2500 3584">
     <span class='ocr_line' id='line_1_47' title="bbox 1452 1294 2478 1364; baseline -0.009 -12"><span class='ocrx_word' id='word_1_264' title='bbox 1452 1297 1610 1352; x_wconf 52' lang='lat' dir='ltr'>Basili</span> <span class='ocrx_word' id='word_1_265' title='bbox 1637 1297 1776 1354; x_wconf 76' lang='lat' dir='ltr'>Scal.</span> <span class='ocrx_word' id='word_1_266' title='bbox 1803 1299 1936 1350; x_wconf 87' lang='lat' dir='ltr'>Luc.</span> <span class='ocrx_word' id='word_1_267' title='bbox 1964 1294 2210 1351; x_wconf 78' lang='lat' dir='ltr'>exhibent</span> <span class='ocrx_word' id='word_1_268' title='bbox 2229 1313 2376 1364; x_wconf 77' lang='lat' dir='ltr'>quum</span> <span class='ocrx_word' id='word_1_269' title='bbox 2401 1311 2478 1344; x_wconf 78' lang='lat' dir='ltr'>se-</span> 
     </span>
     <span class='ocr_line' id='line_1_48' title="bbox 1453 1372 2478 1448; baseline -0.003 -20"><span class='ocrx_word' id='word_1_270' title='bbox 1453 1398 1564 1429; x_wconf 78' lang='lat' dir='ltr'>eum</span> <span class='ocrx_word' id='word_1_271' title='bbox 1579 1381 1778 1448; x_wconf 70' lang='lat' dir='ltr'>frigida</span> <span class='ocrx_word' id='word_1_272' title='bbox 1813 1380 1968 1428; x_wconf 80' lang='lat' dir='ltr'>monti</span> <span class='ocrx_word' id='word_1_273' title='bbox 1996 1379 2198 1428; x_wconf 78' lang='lat' dir='ltr'>Desidia</span> <span class='ocrx_word' id='word_1_274' title='bbox 2227 1389 2317 1426; x_wconf 78' lang='lat' dir='ltr'>ese.</span> <span class='ocrx_word' id='word_1_275' title='bbox 2345 1372 2478 1427; x_wconf 88' lang='lat' dir='ltr'>Cod.</span> 
     </span>
     <span class='ocr_line' id='line_1_49' title="bbox 1454 1455 2476 1512; baseline -0.006 -3"><span class='ocrx_word' id='word_1_276' title='bbox 1454 1455 1673 1512; x_wconf 84' lang='lat' dir='ltr'>Helmst.</span> <span class='ocrx_word' id='word_1_277' title='bbox 1713 1457 1788 1509; x_wconf 85' lang='lat' dir='ltr'>sic</span> <span class='ocrx_word' id='word_1_278' title='bbox 1821 1476 1835 1510; x_wconf 92' lang='lat'>:</span> <span class='ocrx_word' id='word_1_279' title='bbox 1880 1459 2038 1508; x_wconf 81' lang='lat' dir='ltr'>Haud</span> <span class='ocrx_word' id='word_1_280' title='bbox 2076 1457 2244 1507; x_wconf 68' lang='lat' dir='ltr'>similit</span> <span class='ocrx_word' id='word_1_281' title='bbox 2288 1469 2476 1504; x_wconf 77' lang='lat' dir='ltr'>teneros</span> 
     </span>
     <span class='ocr_line' id='line_1_50' title="bbox 1454 1532 2479 1607; baseline -0.003 -19"><span class='ocrx_word' id='word_1_282' title='bbox 1454 1557 1545 1588; x_wconf 80' lang='lat' dir='ltr'>cur</span> <span class='ocrx_word' id='word_1_283' title='bbox 1582 1557 1759 1590; x_wconf 77' lang='lat' dir='ltr'>secum.</span> <span class='ocrx_word' id='word_1_284' title='bbox 1786 1535 2018 1607; x_wconf 77' lang='lat' dir='ltr'>Scaliger</span> <span class='ocrx_word' id='word_1_285' title='bbox 2048 1532 2331 1606; x_wconf 75' lang='lat' dir='ltr'>legendnm</span> <span class='ocrx_word' id='word_1_286' title='bbox 2358 1551 2479 1586; x_wconf 86' lang='lat' dir='ltr'>cen-</span> 
     </span>
     <span class='ocr_line' id='line_1_51' title="bbox 1454 1617 2480 1681; baseline -0.006 -13"><span class='ocrx_word' id='word_1_287' title='bbox 1454 1617 1562 1670; x_wconf 81' lang='lat' dir='ltr'>suit</span> <span class='ocrx_word' id='word_1_288' title='bbox 1584 1634 1599 1670; x_wconf 73' lang='lat'>2</span> <span class='ocrx_word' id='word_1_289' title='bbox 1624 1619 1780 1668; x_wconf 78' lang='lat' dir='ltr'><em>Haud</em></span> <span class='ocrx_word' id='word_1_290' title='bbox 1796 1634 1933 1668; x_wconf 76' lang='lat' dir='ltr'>secus</span> <span class='ocrx_word' id='word_1_291' title='bbox 1977 1633 2040 1666; x_wconf 80' lang='lat' dir='ltr'>ac</span> <span class='ocrx_word' id='word_1_292' title='bbox 2077 1633 2300 1675; x_wconf 79' lang='lat' dir='ltr'>cernens,</span> <span class='ocrx_word' id='word_1_293' title='bbox 2329 1632 2480 1681; x_wconf 80' lang='lat' dir='ltr'>quum</span> 
     </span>
     <span class='ocr_line' id='line_1_52' title="bbox 1455 1693 2480 1765; baseline -0.003 -18"><span class='ocrx_word' id='word_1_294' title='bbox 1455 1699 1584 1747; x_wconf 78' lang='lat' dir='ltr'>sicco</span> <span class='ocrx_word' id='word_1_295' title='bbox 1603 1697 1802 1765; x_wconf 73' lang='lat' dir='ltr'>fiigida</span> <span class='ocrx_word' id='word_1_296' title='bbox 1838 1697 1995 1746; x_wconf 77' lang='lat' dir='ltr'>monti</span> <span class='ocrx_word' id='word_1_297' title='bbox 2028 1697 2267 1746; x_wconf 79' lang='lat' dir='ltr'>Desudae.</span> <span class='ocrx_word' id='word_1_298' title='bbox 2311 1693 2480 1765; x_wconf 74' lang='lat' dir='ltr'>Cujus</span> 
     </span>
     <span class='ocr_line' id='line_1_53' title="bbox 1455 1772 2480 1844; baseline -0.006 -16"><span class='ocrx_word' id='word_1_299' title='bbox 1455 1773 1838 1828; x_wconf 76' lang='lat' dir='ltr'>emendationis</span> <span class='ocrx_word' id='word_1_300' title='bbox 1860 1791 2096 1838; x_wconf 81' lang='lat' dir='ltr'>sensum,</span> <span class='ocrx_word' id='word_1_301' title='bbox 2114 1772 2360 1844; x_wconf 80' lang='lat' dir='ltr'>quamvis</span> <span class='ocrx_word' id='word_1_302' title='bbox 2397 1791 2480 1823; x_wconf 88' lang='lat' dir='ltr'>ve-</span> 
     </span>
     <span class='ocr_line' id='line_1_54' title="bbox 1449 1850 2480 1926; baseline -0.003 -20"><span class='ocrx_word' id='word_1_303' title='bbox 1449 1873 1572 1908; x_wconf 83' lang='lat' dir='ltr'>rum</span> <span class='ocrx_word' id='word_1_304' title='bbox 1596 1873 1707 1908; x_wconf 85' lang='lat' dir='ltr'>esse</span> <span class='ocrx_word' id='word_1_305' title='bbox 1729 1853 1846 1926; x_wconf 86' lang='lat' dir='ltr'>ipse</span> <span class='ocrx_word' id='word_1_306' title='bbox 1870 1851 2129 1918; x_wconf 82' lang='lat' dir='ltr'>affirmet,</span> <span class='ocrx_word' id='word_1_307' title='bbox 2149 1871 2246 1922; x_wconf 83' lang='lat' dir='ltr'>ego</span> <span class='ocrx_word' id='word_1_308' title='bbox 2285 1871 2372 1904; x_wconf 83' lang='lat' dir='ltr'>me</span> <span class='ocrx_word' id='word_1_309' title='bbox 2401 1850 2480 1902; x_wconf 79' lang='lat' dir='ltr'>sa-</span> 
     </span>
     <span class='ocr_line' id='line_1_55' title="bbox 1450 1930 2482 2004; baseline -0.001 -19"><span class='ocrx_word' id='word_1_310' title='bbox 1450 1945 1566 1988; x_wconf 84' lang='lat' dir='ltr'>teor</span> <span class='ocrx_word' id='word_1_311' title='bbox 1589 1953 1698 1986; x_wconf 88' lang='lat' dir='ltr'>non</span> <span class='ocrx_word' id='word_1_312' title='bbox 1720 1931 1956 2004; x_wconf 82' lang='lat' dir='ltr'>adsequi.</span> <span class='ocrx_word' id='word_1_313' title='bbox 1981 1931 2208 1986; x_wconf 82' lang='lat' dir='ltr'>Facilior</span> <span class='ocrx_word' id='word_1_314' title='bbox 2231 1943 2309 1984; x_wconf 88' lang='lat' dir='ltr'>est</span> <span class='ocrx_word' id='word_1_315' title='bbox 2326 1930 2482 1984; x_wconf 88' lang='lat' dir='ltr'>lectio</span> 
     </span>
     <span class='ocr_line' id='line_1_56' title="bbox 1454 2013 2482 2073; baseline -0.006 -5"><span class='ocrx_word' id='word_1_316' title='bbox 1454 2013 1694 2068; x_wconf 89' lang='lat' dir='ltr'>Goralli:</span> <span class='ocrx_word' id='word_1_317' title='bbox 1721 2016 1879 2065; x_wconf 80' lang='lat' dir='ltr'>Haud</span> <span class='ocrx_word' id='word_1_318' title='bbox 1906 2031 2040 2064; x_wconf 77' lang='lat' dir='ltr'>secus</span> <span class='ocrx_word' id='word_1_319' title='bbox 2071 2031 2132 2062; x_wconf 81' lang='lat' dir='ltr'>ae</span> <span class='ocrx_word' id='word_1_320' title='bbox 2159 2026 2323 2064; x_wconf 71' lang='lat' dir='ltr'>tenero</span> <span class='ocrx_word' id='word_1_321' title='bbox 2335 2050 2355 2073; x_wconf 89' lang='lat'>,</span> <span class='ocrx_word' id='word_1_322' title='bbox 2379 2026 2482 2063; x_wconf 80' lang='lat' dir='ltr'>tum</span> 
     </span>
     <span class='ocr_line' id='line_1_57' title="bbox 1455 2090 2482 2162; baseline -0.003 -17"><span class='ocrx_word' id='word_1_323' title='bbox 1455 2113 1618 2146; x_wconf 83' lang='lat' dir='ltr'>seeum</span> <span class='ocrx_word' id='word_1_324' title='bbox 1628 2095 1830 2162; x_wconf 76' lang='lat' dir='ltr'>frigida</span> <span class='ocrx_word' id='word_1_325' title='bbox 1855 2095 2013 2144; x_wconf 78' lang='lat' dir='ltr'>monti</span> <span class='ocrx_word' id='word_1_326' title='bbox 2037 2094 2242 2144; x_wconf 81' lang='lat' dir='ltr'>Desidia</span> <span class='ocrx_word' id='word_1_327' title='bbox 2269 2105 2366 2152; x_wconf 76' lang='lat' dir='ltr'>est,</span> <span class='ocrx_word' id='word_1_328' title='bbox 2388 2090 2482 2158; x_wconf 76' lang='lat' dir='ltr'>ubi</span> 
     </span>
     <span class='ocr_line' id='line_1_58' title="bbox 1457 2169 2485 2243; baseline 0 -19"><span class='ocrx_word' id='word_1_329' title='bbox 1457 2188 1678 2224; x_wconf 72' lang='lat' dir='ltr'>tenerum</span> <span class='ocrx_word' id='word_1_330' title='bbox 1694 2186 1907 2236; x_wconf 66' lang='lat' dir='ltr'>montqn</span> <span class='ocrx_word' id='word_1_331' title='bbox 1933 2169 2040 2224; x_wconf 84' lang='lat' dir='ltr'>dici</span> <span class='ocrx_word' id='word_1_332' title='bbox 2057 2170 2363 2234; x_wconf 77' lang='lat' dir='ltr'>arbitratur,</span> <span class='ocrx_word' id='word_1_333' title='bbox 2391 2170 2485 2243; x_wconf 82' lang='lat' dir='ltr'>qui</span> 
     </span>
     <span class='ocr_line' id='line_1_59' title="bbox 1456 2249 2481 2323; baseline 0 -19"><span class='ocrx_word' id='word_1_334' title='bbox 1456 2252 1604 2323; x_wconf 79' lang='lat' dir='ltr'>quasi</span> <span class='ocrx_word' id='word_1_335' title='bbox 1632 2252 1798 2306; x_wconf 80' lang='lat' dir='ltr'>fessus</span> <span class='ocrx_word' id='word_1_336' title='bbox 1814 2249 2054 2318; x_wconf 81' lang='lat' dir='ltr'>quiescit,</span> <span class='ocrx_word' id='word_1_337' title='bbox 2077 2261 2134 2302; x_wconf 83' lang='lat' dir='ltr'>ut</span> <span class='ocrx_word' id='word_1_338' title='bbox 2151 2250 2339 2316; x_wconf 87' lang='lat' dir='ltr'>teneri,</span> <span class='ocrx_word' id='word_1_339' title='bbox 2353 2250 2412 2304; x_wconf 84' lang='lat' dir='ltr'>h.</span> <span class='ocrx_word' id='word_1_340' title='bbox 2435 2271 2481 2306; x_wconf 90' lang='lat' dir='ltr'>e.</span> 
     </span>
     <span class='ocr_line' id='line_1_60' title="bbox 1458 2328 2481 2389; baseline 0.002 -7"><span class='ocrx_word' id='word_1_341' title='bbox 1458 2329 1646 2389; x_wconf 78' lang='lat' dir='ltr'>molles</span> <span class='ocrx_word' id='word_1_342' title='bbox 1669 2343 1722 2382; x_wconf 87' lang='lat' dir='ltr'>et</span> <span class='ocrx_word' id='word_1_343' title='bbox 1744 2328 1989 2384; x_wconf 77' lang='lat' dir='ltr'>desidiosi</span> <span class='ocrx_word' id='word_1_344' title='bbox 2021 2329 2265 2382; x_wconf 86' lang='lat' dir='ltr'>homines</span> <span class='ocrx_word' id='word_1_345' title='bbox 2291 2330 2481 2384; x_wconf 88' lang='lat' dir='ltr'>solent.</span> 
     </span>
     <span class='ocr_line' id='line_1_61' title="bbox 1456 2409 2484 2482; baseline -0.001 -18"><span class='ocrx_word' id='word_1_346' title='bbox 1456 2409 1562 2464; x_wconf 86' lang='lat' dir='ltr'>Sed</span> <span class='ocrx_word' id='word_1_347' title='bbox 1589 2429 1750 2482; x_wconf 86' lang='lat' dir='ltr'>quam</span> <span class='ocrx_word' id='word_1_348' title='bbox 1777 2409 1974 2464; x_wconf 84' lang='lat' dir='ltr'>durum</span> <span class='ocrx_word' id='word_1_349' title='bbox 2010 2423 2062 2462; x_wconf 84' lang='lat' dir='ltr'>et</span> <span class='ocrx_word' id='word_1_350' title='bbox 2082 2409 2236 2480; x_wconf 83' lang='lat' dir='ltr'>longe</span> <span class='ocrx_word' id='word_1_351' title='bbox 2261 2411 2484 2464; x_wconf 86' lang='lat' dir='ltr'>arcessi·</span> 
     </span>
     <span class='ocr_line' id='line_1_62' title="bbox 1456 2489 2500 2562; baseline 0.003 -21"><span class='ocrx_word' id='word_1_352' title='bbox 1456 2501 1572 2556; x_wconf 68' lang='lat' dir='ltr'>tum</span> <span class='ocrx_word' id='word_1_353' title='bbox 1611 2489 1714 2543; x_wconf 85' lang='lat' dir='ltr'>hoc</span> <span class='ocrx_word' id='word_1_354' title='bbox 1753 2491 1818 2544; x_wconf 84' lang='lat' dir='ltr'>sit</span> <span class='ocrx_word' id='word_1_355' title='bbox 1837 2527 1854 2555; x_wconf 86' lang='lat'><em>‚</em></span> <span class='ocrx_word' id='word_1_356' title='bbox 1905 2490 2267 2562; x_wconf 80' lang='lat' dir='ltr'>unusquisque</span> <span class='ocrx_word' id='word_1_357' title='bbox 2327 2491 2500 2547; x_wconf 83' lang='lat' dir='ltr'>videt.-</span> 
     </span>
     <span class='ocr_line' id='line_1_63' title="bbox 1457 2568 2486 2640; baseline 0.003 -19"><span class='ocrx_word' id='word_1_358' title='bbox 1457 2570 1626 2640; x_wconf 84' lang='lat' dir='ltr'>Igitur</span> <span class='ocrx_word' id='word_1_359' title='bbox 1644 2568 1789 2622; x_wconf 85' lang='lat' dir='ltr'>malo</span> <span class='ocrx_word' id='word_1_360' title='bbox 1820 2589 1835 2624; x_wconf 73' lang='grc' dir='ltr'><strong><em>ε</em></strong></span> <span class='ocrx_word' id='word_1_361' title='bbox 1874 2574 2031 2622; x_wconf 77' lang='lat' dir='ltr'>Haud</span> <span class='ocrx_word' id='word_1_362' title='bbox 2053 2589 2189 2622; x_wconf 82' lang='lat' dir='ltr'>secus</span> <span class='ocrx_word' id='word_1_363' title='bbox 2221 2591 2286 2622; x_wconf 83' lang='lat' dir='ltr'>ae</span> <span class='ocrx_word' id='word_1_364' title='bbox 2323 2585 2486 2624; x_wconf 79' lang='lat' dir='ltr'>tenero</span> 
     </span>
     <span class='ocr_line' id='line_1_64' title="bbox 1459 2653 2488 2720; baseline 0.005 -20"><span class='ocrx_word' id='word_1_365' title='bbox 1459 2664 1562 2702; x_wconf 78' lang='lat' dir='ltr'>mm</span> <span class='ocrx_word' id='word_1_366' title='bbox 1597 2655 1685 2702; x_wconf 70' lang='lat' dir='ltr'>sub</span> <span class='ocrx_word' id='word_1_367' title='bbox 1721 2657 1838 2702; x_wconf 78' lang='lat' dir='ltr'>Jove</span> <span class='ocrx_word' id='word_1_368' title='bbox 1855 2653 2056 2720; x_wconf 75' lang='lat' dir='ltr'>frigida</span> <span class='ocrx_word' id='word_1_369' title='bbox 2091 2655 2246 2701; x_wconf 74' lang='lat' dir='ltr'>monti</span> <span class='ocrx_word' id='word_1_370' title='bbox 2283 2653 2488 2704; x_wconf 80' lang='lat' dir='ltr'>Desidia</span> 
     </span>
     <span class='ocr_line' id='line_1_65' title="bbox 1462 2727 2490 2802; baseline 0.006 -24"><span class='ocrx_word' id='word_1_371' title='bbox 1462 2745 1553 2780; x_wconf 75' lang='lat' dir='ltr'>est.</span> <span class='ocrx_word' id='word_1_372' title='bbox 1594 2729 1790 2784; x_wconf 78' lang='lat' dir='ltr'>Sensus</span> <span class='ocrx_word' id='word_1_373' title='bbox 1821 2727 2197 2799; x_wconf 80' lang='lat' dir='ltr'>intelligendus</span> <span class='ocrx_word' id='word_1_374' title='bbox 2229 2749 2290 2782; x_wconf 81' lang='lat' dir='ltr'>ex</span> <span class='ocrx_word' id='word_1_375' title='bbox 2327 2749 2490 2802; x_wconf 84' lang='lat' dir='ltr'>supra</span> 
     </span>
     <span class='ocr_line' id='line_1_66' title="bbox 1464 2806 2488 2882; baseline 0.005 -22"><span class='ocrx_word' id='word_1_376' title='bbox 1464 2806 1620 2862; x_wconf 86' lang='lat' dir='ltr'>dictis</span> <span class='ocrx_word' id='word_1_377' title='bbox 1648 2827 1696 2862; x_wconf 81' lang='lat' dir='ltr'>v.</span> <span class='ocrx_word' id='word_1_378' title='bbox 1731 2811 1834 2881; x_wconf 80' lang='lat'>3²9</span> <span class='ocrx_word' id='word_1_379' title='bbox 1861 2828 2009 2882; x_wconf 87' lang='lat' dir='ltr'>seqq.</span> <span class='ocrx_word' id='word_1_380' title='bbox 2040 2820 2092 2861; x_wconf 87' lang='lat' dir='ltr'>et</span> <span class='ocrx_word' id='word_1_381' title='bbox 2117 2825 2254 2860; x_wconf 75' lang='lat' dir='ltr'>tener</span> <span class='ocrx_word' id='word_1_382' title='bbox 2289 2829 2379 2861; x_wconf 83' lang='lat' dir='ltr'>aer</span> <span class='ocrx_word' id='word_1_383' title='bbox 2402 2812 2488 2864; x_wconf 84' lang='lat' dir='ltr'>vel</span> 
     </span>
     <span class='ocr_line' id='line_1_67' title="bbox 1463 2887 2493 2960; baseline 0.003 -22"><span class='ocrx_word' id='word_1_384' title='bbox 1463 2890 1655 2956; x_wconf 58' lang='lat' dir='ltr'>Jeqpiter</span> <span class='ocrx_word' id='word_1_385' title='bbox 1668 2889 1835 2960; x_wconf 87' lang='lat' dir='ltr'>poetis</span> <span class='ocrx_word' id='word_1_386' title='bbox 1850 2887 2041 2953; x_wconf 86' lang='lat' dir='ltr'>tenuis,</span> <span class='ocrx_word' id='word_1_387' title='bbox 2051 2905 2264 2940; x_wconf 85' lang='lat' dir='ltr'>serenus</span> <span class='ocrx_word' id='word_1_388' title='bbox 2284 2898 2335 2940; x_wconf 91' lang='lat' dir='ltr'>et</span> <span class='ocrx_word' id='word_1_389' title='bbox 2353 2901 2493 2941; x_wconf 81' lang='lat' dir='ltr'>tran-</span> 
     </span>
     <span class='ocr_line' id='line_1_68' title="bbox 1464 2964 2498 3039; baseline -0.003 -21"><span class='ocrx_word' id='word_1_390' title='bbox 1464 2967 1658 3038; x_wconf 79' lang='lat' dir='ltr'>quillus</span> <span class='ocrx_word' id='word_1_391' title='bbox 1681 2979 1776 3020; x_wconf 86' lang='lat' dir='ltr'>est:</span> <span class='ocrx_word' id='word_1_392' title='bbox 1801 2964 2071 3039; x_wconf 86' lang='lat' dir='ltr'>quomodo</span> <span class='ocrx_word' id='word_1_393' title='bbox 2093 2964 2320 3030; x_wconf 77' lang='lat' dir='ltr'>Ovidius</span> <span class='ocrx_word' id='word_1_394' title='bbox 2335 2985 2498 3020; x_wconf 70' lang='lat' dir='ltr'>usur-..</span> 
     </span>
     <span class='ocr_line' id='line_1_69' title="bbox 1464 3045 2492 3119; baseline -0.001 -19"><span class='ocrx_word' id='word_1_395' title='bbox 1464 3058 1560 3119; x_wconf 85' lang='lat' dir='ltr'>pat</span> <span class='ocrx_word' id='word_1_396' title='bbox 1586 3047 1714 3100; x_wconf 84' lang='lat' dir='ltr'>Met.</span> <span class='ocrx_word' id='word_1_397' title='bbox 1741 3047 1842 3113; x_wconf 88' lang='lat' dir='ltr'>IV,</span> <span class='ocrx_word' id='word_1_398' title='bbox 1867 3047 2002 3100; x_wconf 85' lang='lat'>615:</span> <span class='ocrx_word' id='word_1_399' title='bbox 2023 3071 2048 3090; x_wconf 77' lang='grc' dir='ltr'>ιι</span> <span class='ocrx_word' id='word_1_400' title='bbox 2075 3045 2210 3098; x_wconf 76' lang='lat' dir='ltr'>Aera</span> <span class='ocrx_word' id='word_1_401' title='bbox 2239 3047 2492 3116; x_wconf 74' lang='lat' dir='ltr'>carpebat</span> 
     </span>
     <span class='ocr_line' id='line_1_70' title="bbox 1464 3124 2492 3190; baseline 0 -12"><span class='ocrx_word' id='word_1_402' title='bbox 1464 3139 1730 3180; x_wconf 84' lang='lat' dir='ltr'>tenerum·</span> <span class='ocrx_word' id='word_1_403' title='bbox 1755 3124 2097 3178; x_wconf 83' lang='lat' dir='ltr'>stridentibus</span> <span class='ocrx_word' id='word_1_404' title='bbox 2141 3124 2237 3176; x_wconf 84' lang='lat' dir='ltr'>alis</span> <span class='ocrx_word' id='word_1_405' title='bbox 2257 3150 2282 3168; x_wconf 70' lang='grc' dir='ltr'><strong>υ</strong></span> <span class='ocrx_word' id='word_1_406' title='bbox 2303 3161 2320 3190; x_wconf 89' lang='grc'><strong><em>,</em></strong></span> <span class='ocrx_word' id='word_1_407' title='bbox 2361 3125 2492 3178; x_wconf 84' lang='lat' dir='ltr'>item</span> 
     </span>
     <span class='ocr_line' id='line_1_71' title="bbox 1462 3203 2494 3276; baseline 0.003 -18"><span class='ocrx_word' id='word_1_408' title='bbox 1462 3205 1626 3258; x_wconf 85' lang='lat' dir='ltr'>Trist.</span> <span class='ocrx_word' id='word_1_409' title='bbox 1651 3205 1726 3270; x_wconf 86' lang='lat' dir='ltr'>V,</span> <span class='ocrx_word' id='word_1_410' title='bbox 1751 3227 1802 3268; x_wconf 78' lang='lat' dir='ltr'>a,</span> <span class='ocrx_word' id='word_1_411' title='bbox 1837 3207 1918 3258; x_wconf 77' lang='lat'>26.</span> <span class='ocrx_word' id='word_1_412' title='bbox 1945 3203 2108 3256; x_wconf 84' lang='lat' dir='ltr'>Plura</span> <span class='ocrx_word' id='word_1_413' title='bbox 2133 3205 2246 3276; x_wconf 67' lang='lat' dir='ltr'>ejus</span> <span class='ocrx_word' id='word_1_414' title='bbox 2267 3203 2494 3261; x_wconf 76' lang='lat' dir='ltr'>notionis.</span> 
     </span>
     <span class='ocr_line' id='line_1_72' title="bbox 1464 3282 2489 3356; baseline -0.002 -18"><span class='ocrx_word' id='word_1_415' title='bbox 1464 3285 1698 3356; x_wconf 78' lang='lat' dir='ltr'>exempla</span> <span class='ocrx_word' id='word_1_416' title='bbox 1717 3284 1868 3338; x_wconf 84' lang='lat' dir='ltr'>dabit</span> <span class='ocrx_word' id='word_1_417' title='bbox 1885 3283 1963 3336; x_wconf 91' lang='lat' dir='ltr'>Bu</span> <span class='ocrx_word' id='word_1_418' title='bbox 1972 3301 2225 3336; x_wconf 83' lang='lat' dir='ltr'>rmanuus</span> <span class='ocrx_word' id='word_1_419' title='bbox 2241 3282 2308 3336; x_wconf 88' lang='lat' dir='ltr'>ad</span> <span class='ocrx_word' id='word_1_420' title='bbox 2325 3283 2489 3337; x_wconf 82' lang='lat' dir='ltr'>Ovid.</span> 
     </span>
     <span class='ocr_line' id='line_1_73' title="bbox 1463 3363 2494 3436; baseline 0.003 -21"><span class='ocrx_word' id='word_1_421' title='bbox 1463 3365 1645 3418; x_wconf 83' lang='lat' dir='ltr'>Amor.</span> <span class='ocrx_word' id='word_1_422' title='bbox 1665 3365 1747 3416; x_wconf 91' lang='lat'>111</span> <span class='ocrx_word' id='word_1_423' title='bbox 1763 3403 1778 3429; x_wconf 90' lang='lat'><strong>,</strong></span> <span class='ocrx_word' id='word_1_424' title='bbox 1803 3385 1864 3428; x_wconf 72' lang='grc' dir='ltr'>τι,</span> <span class='ocrx_word' id='word_1_425' title='bbox 1889 3365 1979 3434; x_wconf 80' lang='grc'>37.</span> <span class='ocrx_word' id='word_1_426' title='bbox 1997 3363 2191 3416; x_wconf 86' lang='lat' dir='ltr'>Noster</span> <span class='ocrx_word' id='word_1_427' title='bbox 2211 3365 2400 3436; x_wconf 70' lang='lat' dir='ltr'>saepius</span> <span class='ocrx_word' id='word_1_428' title='bbox 2418 3365 2494 3418; x_wconf 85' lang='lat' dir='ltr'>sic</span> 
     </span>
     <span class='ocr_line' id='line_1_74' title="bbox 1466 3443 2494 3516; baseline -0.002 -18"><span class='ocrx_word' id='word_1_429' title='bbox 1466 3445 1738 3516; x_wconf 77' lang='lat' dir='ltr'>loquitur3</span> <span class='ocrx_word' id='word_1_430' title='bbox 1769 3463 1928 3498; x_wconf 80' lang='lat' dir='ltr'>versu</span> <span class='ocrx_word' id='word_1_431' title='bbox 1961 3445 2065 3512; x_wconf 80' lang='lat'>3²9</span> <span class='ocrx_word' id='word_1_432' title='bbox 2112 3443 2243 3496; x_wconf 85' lang='lat' dir='ltr'>dicit</span> <span class='ocrx_word' id='word_1_433' title='bbox 2287 3449 2494 3496; x_wconf 75' lang='lat' dir='ltr'>coeruloo</span> 
     </span>
     <span class='ocr_line' id='line_1_75' title="bbox 1467 3528 2252 3584; baseline 0.003 -10"><span class='ocrx_word' id='word_1_434' title='bbox 1467 3528 1620 3584; x_wconf 82' lang='lat' dir='ltr'>Jove,</span> <span class='ocrx_word' id='word_1_435' title='bbox 1660 3535 1711 3576; x_wconf 89' lang='lat' dir='ltr'>et</span> <span class='ocrx_word' id='word_1_436' title='bbox 1737 3545 1791 3576; x_wconf 85' lang='lat' dir='ltr'>v.</span> <span class='ocrx_word' id='word_1_437' title='bbox 1825 3528 1924 3576; x_wconf 83' lang='lat'>603</span> <span class='ocrx_word' id='word_1_438' title='bbox 1954 3544 2079 3576; x_wconf 70' lang='grc' dir='ltr'><em>,τα-νο</em></span> <span class='ocrx_word' id='word_1_439' title='bbox 2115 3531 2252 3576; x_wconf 70' lang='lat' dir='ltr'>Jove.</span> 
     </span>
    </p>

    <p class='ocr_par' dir='ltr' id='par_1_17' title="bbox 1467 3602 2502 4231">
     <span class='ocr_line' id='line_1_76' title="bbox 1543 3602 2497 3673; baseline -0.003 -17"><span class='ocrx_word' id='word_1_440' title='bbox 1543 3603 1662 3673; x_wconf 83' lang='lat'><strong>375.</strong></span> <span class='ocrx_word' id='word_1_441' title='bbox 1691 3605 1892 3658; x_wconf 87' lang='lat' dir='ltr'>Omnes</span> <span class='ocrx_word' id='word_1_442' title='bbox 1916 3616 2118 3658; x_wconf 77' lang='lat' dir='ltr'>veteres</span> <span class='ocrx_word' id='word_1_443' title='bbox 2149 3602 2385 3656; x_wconf 84' lang='lat' dir='ltr'>scribunt</span> <span class='ocrx_word' id='word_1_444' title='bbox 2413 3619 2497 3654; x_wconf 79' lang='lat' dir='ltr'>tu-</span> 
     </span>
     <span class='ocr_line' id='line_1_77' title="bbox 1469 3679 2499 3751; baseline 0.005 -19"><span class='ocrx_word' id='word_1_445' title='bbox 1469 3697 1617 3749; x_wconf 72' lang='lat' dir='ltr'>toque</span> <span class='ocrx_word' id='word_1_446' title='bbox 1651 3685 1762 3734; x_wconf 78' lang='lat' dir='ltr'>lieet</span> <span class='ocrx_word' id='word_1_447' title='bbox 1782 3685 2029 3736; x_wconf 49' lang='lat' dir='ltr'>discedere</span> <span class='ocrx_word' id='word_1_448' title='bbox 2048 3695 2250 3732; x_wconf 78' lang='lat' dir='ltr'>montes.</span> <span class='ocrx_word' id='word_1_449' title='bbox 2263 3679 2499 3751; x_wconf 76' lang='lat' dir='ltr'>Scaliger</span> 
     </span>
     <span class='ocr_line' id='line_1_78' title="bbox 1469 3758 2496 3834; baseline 0.002 -22"><span class='ocrx_word' id='word_1_450' title='bbox 1469 3758 1538 3813; x_wconf 88' lang='lat' dir='ltr'>de</span> <span class='ocrx_word' id='word_1_451' title='bbox 1589 3760 1756 3814; x_wconf 81' lang='lat' dir='ltr'>ventis</span> <span class='ocrx_word' id='word_1_452' title='bbox 1802 3762 1890 3834; x_wconf 79' lang='lat' dir='ltr'>agi</span> <span class='ocrx_word' id='word_1_453' title='bbox 1941 3759 2246 3813; x_wconf 84' lang='lat' dir='ltr'>existimans</span> <span class='ocrx_word' id='word_1_454' title='bbox 2269 3797 2286 3822; x_wconf 85' lang='lat'><strong>,</strong></span> <span class='ocrx_word' id='word_1_455' title='bbox 2333 3760 2458 3831; x_wconf 67' lang='lat' dir='ltr'>legit</span> <span class='ocrx_word' id='word_1_456' title='bbox 2479 3777 2496 3814; x_wconf 75' lang='grc' dir='ltr'><strong><em>ε</em></strong></span> 
     </span>
     <span class='ocr_line' id='line_1_79' title="bbox 1471 3839 2498 3907; baseline 0 -14"><span class='ocrx_word' id='word_1_457' title='bbox 1471 3855 1674 3907; x_wconf 74' lang='lat' dir='ltr'>tutoque</span> <span class='ocrx_word' id='word_1_458' title='bbox 1704 3844 1817 3893; x_wconf 75' lang='lat' dir='ltr'>licet</span> <span class='ocrx_word' id='word_1_459' title='bbox 1861 3843 2105 3892; x_wconf 80' lang='lat' dir='ltr'>discedere</span> <span class='ocrx_word' id='word_1_460' title='bbox 2137 3853 2351 3893; x_wconf 64' lang='lat' dir='ltr'>ovatum.</span> <span class='ocrx_word' id='word_1_461' title='bbox 2387 3839 2498 3892; x_wconf 86' lang='lat' dir='ltr'>Go-</span> 
     </span>
     <span class='ocr_line' id='line_1_80' title="bbox 1467 3919 2496 3990; baseline -0.002 -18"><span class='ocrx_word' id='word_1_462' title='bbox 1467 3919 1630 3972; x_wconf 83' lang='lat' dir='ltr'>rallus</span> <span class='ocrx_word' id='word_1_463' title='bbox 1689 3931 1840 3990; x_wconf 82' lang='lat' dir='ltr'>putat</span> <span class='ocrx_word' id='word_1_464' title='bbox 1890 3937 2014 3972; x_wconf 87' lang='lat' dir='ltr'>eum</span> <span class='ocrx_word' id='word_1_465' title='bbox 2070 3936 2286 3970; x_wconf 85' lang='lat' dir='ltr'>sensum</span> <span class='ocrx_word' id='word_1_466' title='bbox 2329 3930 2496 3990; x_wconf 66' lang='lat' dir='ltr'>poetro</span> 
     </span>
     <span class='ocr_line' id='line_1_81' title="bbox 1468 3997 2497 4069; baseline -0.004 -15"><span class='ocrx_word' id='word_1_467' title='bbox 1468 4017 1604 4064; x_wconf 83' lang='lat' dir='ltr'>esse,</span> <span class='ocrx_word' id='word_1_468' title='bbox 1621 4008 1680 4049; x_wconf 85' lang='lat' dir='ltr'>ut</span> <span class='ocrx_word' id='word_1_469' title='bbox 1695 3997 1840 4052; x_wconf 85' lang='lat' dir='ltr'>dicat</span> <span class='ocrx_word' id='word_1_470' title='bbox 1851 4037 1866 4063; x_wconf 89' lang='lat'>,</span> <span class='ocrx_word' id='word_1_471' title='bbox 1884 4017 2050 4069; x_wconf 83' lang='lat' dir='ltr'>quum</span> <span class='ocrx_word' id='word_1_472' title='bbox 2069 3998 2303 4068; x_wconf 79' lang='lat' dir='ltr'>quiescat</span> <span class='ocrx_word' id='word_1_473' title='bbox 2319 4017 2497 4064; x_wconf 80' lang='lat' dir='ltr'>mons,</span> 
     </span>
     <span class='ocr_line' id='line_1_82' title="bbox 1469 4076 2498 4132; baseline -0.002 0"><span class='ocrx_word' id='word_1_474' title='bbox 1469 4092 1584 4132; x_wconf 85' lang='lat' dir='ltr'>tum</span> <span class='ocrx_word' id='word_1_475' title='bbox 1602 4077 1760 4131; x_wconf 87' lang='lat' dir='ltr'>licere</span> <span class='ocrx_word' id='word_1_476' title='bbox 1781 4089 1896 4132; x_wconf 85' lang='lat' dir='ltr'>tuto</span> <span class='ocrx_word' id='word_1_477' title='bbox 1910 4076 2232 4131; x_wconf 84' lang='lat' dir='ltr'>adscendere</span> <span class='ocrx_word' id='word_1_478' title='bbox 2247 4088 2498 4132; x_wconf 83' lang='lat' dir='ltr'>montem.</span> 
     </span>
     <span class='ocr_line' id='line_1_83' title="bbox 1471 4157 2502 4231; baseline -0.005 -19"><span class='ocrx_word' id='word_1_479' title='bbox 1471 4157 1642 4230; x_wconf 83' lang='lat' dir='ltr'>Igitur</span> <span class='ocrx_word' id='word_1_480' title='bbox 1673 4159 1801 4231; x_wconf 83' lang='lat' dir='ltr'>legit</span> <span class='ocrx_word' id='word_1_481' title='bbox 1833 4172 2034 4226; x_wconf 76' lang='lat' dir='ltr'>tutoque</span> <span class='ocrx_word' id='word_1_482' title='bbox 2069 4161 2179 4210; x_wconf 76' lang='lat' dir='ltr'>licet</span> <span class='ocrx_word' id='word_1_483' title='bbox 2206 4160 2502 4210; x_wconf 71' lang='lat' dir='ltr'>adscendere</span> 
     </span>
    </p>
   </div>
  </div>
 </body>
</html>
