2975 4684
471 359 558 446 54
725 359 1143 432 INCERTI
1199 359 1569 430 VOTUM
1626 363 1755 432 AD
1806 363 2325 430 OCEANUM.

463 492 775 574 auctoris,
811 491 1048 555 Votum
1075 489 1174 554 ad
1193 491 1517 568 Oceanum
1534 487 1861 580 pmfilici
1886 491 2323 576 navigatione,
2364 507 2439 554 ut
2464 493 2613 580 ipse

461 587 780 686 inscripsi.
815 597 1046 662 Petrus
1073 599 1489 662 Burmannus
1522 619 1651 662 sec.
1687 597 1952 663 Anthol.
1986 599 2125 662 Lat.
2153 596 2262 662 lib.
2280 596 2361 680 V,
2407 621 2603 662 num.

465 703 714 786 CXIII,
741 701 814 768 id
844 723 1184 791 nunquam
1217 717 1410 766 antea
1440 701 1695 768 editum
1720 703 1968 792 primus
1994 703 2277 792 vulgavit
2306 725 2387 766 ex
2414 701 2611 767 sche-

461 809 560 874 dis
587 809 730 875 Nic.
748 808 1020 891 Heinsii,
1045 808 1160 896 qui
1182 807 1346 872 illud
1371 807 1797 898 descripserat
1824 830 1904 872 ex
1924 807 2365 873 vetustissimo
2384 809 2611 872 Sancti

464 915 772 980 Germani
813 913 1060 978 codice.
1097 914 1182 979 Et
1221 913 1593 979 merebatur
1620 937 1659 978 a
1702 913 1890 978 nobis
1926 913 2127 1003 repeti
2162 929 2227 978 et
2264 937 2611 977 commen-

463 1021 598 1086 dari
623 1070 641 1104 ,
675 1043 884 1110 quum
920 1020 1082 1085 boni
1113 1021 1360 1112 ingenii
1399 1022 1721 1104 colorem,
1758 1037 2223 1108 auctoremque
2256 1002 2611 1085 meliorum

462 1143 804 1216 poetarum
855 1149 1160 1191 sermone
1199 1127 1629 1204 innutritum,
1682 1149 1804 1190 nec
1856 1149 2009 1192 eum
2058 1127 2303 1191 ultimae
2356 1127 2567 1190 oetatis
2590 1175 2609 1208 ,

462 1232 742 1322 prodere
777 1230 1131 1297 videretur.
1168 1234 1246 1295 In
1287 1231 1661 1297 membrana
1694 1233 1893 1296 veteri
1932 1232 2059 1296 hoc
2104 1253 2365 1298 carmen
2400 1231 2615 1320 pluri-

463 1340 592 1404 bus
626 1339 874 1402 lacunis
915 1337 1104 1402 hians
1141 1353 1208 1401 et
1243 1337 1649 1427 compendiis
1690 1337 2018 1427 scripturae
2046 1337 2469 1402 obscuratum
2500 1359 2615 1400 ex-

465 1445 628 1508 stitit
648 1491 666 1525 ,
721 1465 867 1530 quae
909 1445 1356 1524 Burmannus,
1405 1443 1570 1507 nihil
1616 1459 1857 1508 temere
1904 1459 2155 1506 mutare
2216 1444 2447 1508 solitus
2464 1491 2482 1524 ,
2538 1444 2609 1507 in

463 1566 646 1615 textu
676 1571 797 1612 suo
829 1548 1196 1636 exprimens
1225 1549 1503 1636 repetiit.
1532 1549 1671 1636 Ego
1699 1570 1877 1628 vero,
1904 1569 1989 1611 ne
2021 1548 2297 1612 nimium
2322 1547 2613 1613 difficilis

463 1658 602 1737 ejus
635 1677 864 1721 sensus
896 1671 962 1718 et
995 1653 1307 1742 impedita
1331 1656 1525 1720 lectio
1554 1671 1753 1730 esset,
1786 1653 2127 1720 emendata
2154 1671 2269 1719 aut
2304 1657 2611 1744 suppleta

462 1763 658 1828 verba
689 1763 760 1826 in
787 1764 930 1850 ipso
959 1777 1141 1826 textu
1177 1761 1661 1849 repraesentavi,
1694 1761 2023 1850 scripturae
2052 1761 2323 1826 modum
2354 1778 2423 1825 et
2454 1763 2611 1828 vitia

465 1868 743 1934 indicavi
771 1869 839 1932 in
875 1869 1044 1932 notis
1073 1867 1189 1955 (1).

553 1974 838 2038 Protulit
876 1977 1290 2037 Burmannus
1339 1973 1408 2034 in
1441 1971 1835 2061 Anthologia
1882 1973 2020 2037 Lat.
2068 1973 2272 2038 multa
2314 1973 2612 2038 carmina

463 2077 762 2143 nondum
812 2077 1020 2159 edita,
1077 2077 1576 2140 exercitamenta
1626 2074 2159 2142 scholasticorum
2217 2095 2565 2166 poetarum
2586 2128 2607 2162 ,

461 2185 728 2248 heroico
763 2205 958 2248 versu
1005 2182 1359 2270 perscripta
1383 2229 1400 2262 ,
1439 2168 1678 2270 quihus
1719 2181 1951 2245 fabulae
1986 2181 2280 2269 quaedam
2319 2184 2611 2273 singula-

462 2310 599 2370 res,
633 2303 747 2352 aut
779 2287 1069 2352 themata
1085 2286 1436 2374 Virgiliana
1465 2301 1907 2373 exponuntur.
1942 2287 2069 2352 Sed
2106 2309 2181 2352 ea
2216 2288 2351 2352 fere
2382 2291 2611 2354 omnia

462 2417 500 2459 e
530 2392 923 2458 centonibus
957 2391 1434 2482 phrasibusque
1455 2391 1821 2480 Virgilianis
1852 2408 2005 2456 sunt
2038 2394 2433 2480 composita,
2470 2417 2611 2482 quo

459 2521 698 2590 genere
723 2499 1089 2563 carminum
1111 2498 1368 2562 nullum
1403 2497 1565 2561 mihi
1598 2519 1891 2584 unquam
1926 2499 2365 2586 contemptius
2404 2501 2607 2564 mise-

457 2607 727 2694 riusque
759 2605 970 2668 visum
999 2619 1117 2668 est.
1152 2601 1406 2691 Nempe
1440 2602 1598 2665 olim
1630 2601 1897 2689 quidem
1940 2604 2259 2692 ingeniosi
2301 2603 2611 2668 homines

457 2725 768 2775 centones
803 2708 1191 2796 Virgilianos
1235 2708 1670 2788 consuebant,
1713 2723 1790 2771 ut
1832 2707 2043 2771 verbis
2088 2725 2296 2795 poetae
2346 2709 2414 2772 in
2466 2731 2609 2773 rem

456 2817 730 2882 alienam
763 2815 1036 2880 detortis
1067 2814 1285 2877 lusum
1313 2813 1441 2877 sibi
1469 2830 1535 2877 et
1554 2813 1905 2877 lectoribus
1930 2815 2251 2896 facerent3
2289 2811 2406 2879 sed
2436 2833 2617 2903 post-

458 2946 533 2987 ea
584 2921 947 2987 scholastici
995 2920 1258 3008 phrases
1301 2919 1685 3008 Virgilianas
1730 2919 1799 2982 in
1855 2940 2269 3007 quacumque
2316 2945 2387 2984 re
2442 2923 2613 2986 seria

457 3027 941 3116 constipabant,
979 3040 1360 3114 paupertate
1401 3024 1647 3113 ingenii
1685 3021 1925 3106 adacti,
1965 3024 2144 3112 quod
2187 3027 2341 3114 ipsis
2387 3049 2612 3114 neque

457 3135 796 3198 sententiae
822 3133 972 3196 satis
997 3131 1249 3196 idoneae
1282 3153 1501 3219 neque
1524 3130 1721 3194 verba
1744 3129 2206 3217 suppetebant,
2235 3131 2362 3197 nisi
2389 3132 2613 3222 copias

455 3233 692 3308 alienas
751 3239 1226 3328 compilassent.
1295 3238 1645 3324 Propterea
1696 3235 1951 3299 nullum
2004 3236 2312 3323 equidem
2366 3259 2444 3302 ex
2504 3239 2612 3302 his

456 3345 848 3410 centonibus
885 3345 1125 3408 inferre
1159 3345 1229 3406 in
1262 3365 1473 3406 meam
1502 3342 1803 3431 Syllogen
1832 3340 2048 3421 statui,
2076 3341 2199 3405 nisi
2224 3341 2409 3430 quod
2435 3343 2616 3409 forte

455 3450 758 3515 Medeam
793 3449 1171 3540 tragoediam
1188 3497 1209 3531 ,
1243 3471 1280 3512 e
1318 3446 1711 3511 centonibus
1756 3460 2192 3511 constructam
2208 3495 2227 3529 ,
2258 3464 2325 3512 et
2368 3471 2404 3511 a
2440 3451 2612 3513 Bur-

453 3578 698 3620 manno
723 3559 1011 3645 primum
1042 3555 1306 3636 editam,
1331 3570 1599 3641 propter
1616 3550 2065 3636 antiquitatem
2090 3550 2615 3643 dignitatemque

455 3662 672 3752 operis
688 3711 716 3762 ,'
760 3659 1112 3750 aliquando
1163 3657 1583 3747 repetendam
1629 3671 1815 3743 puto·
1853 3655 1979 3720 Sed
2026 3679 2103 3719 ex
2152 3659 2395 3723 caeteris
2444 3684 2613 3750 poe-

520 3846 598 3914 (1)
645 3845 756 3897 Nos
789 3862 918 3898 vero
963 3842 1056 3914 qui
1097 3859 1210 3894 non
1248 3859 1480 3911 semper,
1522 3857 1851 3915 quamquam
1901 3841 2183 3912 sepissime
2202 3879 2218 3906 ,
2255 3844 2617 3900 Wernsdorfii

455 3931 858 3984 immutationes
883 3929 1254 4001 probavimus,
1273 3927 1365 3979 uhi
1386 3926 1565 3980 abillo
1584 3927 1945 3979 secesserimus
1961 3968 1976 3993 ,
2003 3928 2336 3982 monebimus
2363 3931 2419 3983 in
2440 3936 2616 3999 notis;

457 4037 632 4090 neque
659 4015 838 4072 tame‘n
865 4034 1106 4088 unquam
1135 4027 1340 4068 nostras
1365 4013 1765 4067 emendationes
1785 4052 1801 4075 ,
1828 4023 1887 4064 ut
1921 4013 2147 4066 solemus
2164 4056 2179 4081 ,
2215 4017 2271 4070 in
2299 4032 2619 4076 contextum

463 4107 666 4173 inferre
691 4105 1028 4160 audebimus.
1057 4103 1160 4154 En.
