2975 4684
873 360 1293 429 PRAEFAT.
1346 362 1476 430 AD
1534 361 1997 434 EPITHAL.
2360 365 2487 437 381
2598 459 2605 466 ,

369 509 499 556 tur.
533 491 786 578 Nempe
837 488 1018 577 quod
1055 487 1383 554 Polemius
1429 487 1647 554 studio
1682 490 2109 581 philosophiae
2152 494 2497 562 Platonicae

369 596 630 662 deditus
653 613 754 660 est
769 643 790 679 ,
813 595 1133 660 Araneola
1153 611 1423 660 texturae
1443 593 1715 659 artificio
1730 643 1749 678 ,
1782 595 1970 688 fingit
2000 598 2336 683 Sidonius,
2362 603 2501 666 Pal-

369 703 582 768 ladem
616 700 968 790 aliquando
1015 701 1086 764 in
1125 703 1410 768 Atticam
1457 701 1813 790 profectam
1859 702 1995 770 duo
2045 707 2283 794 templa
2327 709 2497 772 invi-

369 809 526 874 sisse
542 855 560 890 ,
595 809 664 872 in
691 829 976 895 quorum
1001 829 1138 870 uno
1158 855 1176 888 ,
1208 807 1545 898 gymnasio
1563 855 1583 889 ,
1608 807 1973 872 Polemium
1994 831 2145 876 cum
2167 813 2497 877 veteribus

367 913 774 1002 philosophis
803 928 1170 978 versantem
1187 962 1206 996 ,
1245 914 1316 976 in
1348 915 1551 978 altero
1571 961 1589 996 ,
1628 914 1833 978 nobili
1866 917 2145 980 textrino
2161 965 2180 999 ,
2213 921 2500 983 Araneo-

366 1021 498 1084 lam
541 1020 792 1084 invenit
829 1017 1196 1102 sedentem,
1227 1037 1294 1086 et
1326 1021 1396 1084 in
1428 1038 1579 1110 toga
1604 1021 1915 1110 palmata,
1955 1045 2151 1111 quam
2184 1025 2351 1112 patri
2377 1047 2500 1089 suo
2588 1060 2601 1074 κ

368 1142 556 1213 parat
573 1173 592 1207 ,
630 1125 834 1188 varias
883 1125 1233 1190 illustrium
1281 1125 1739 1216 conjugiorum
1782 1149 1861 1190 ex
1896 1128 2277 1216 antiquitate
2312 1129 2501 1194 fabu-

369 1233 462 1296 las
489 1232 887 1321 pingentem.
928 1231 1092 1314 Quoe
1124 1230 1421 1314 tandem,
1466 1233 1583 1298 ubi
1632 1232 1955 1298 Palladem
1988 1235 2166 1300 videt
2190 1236 2501 1302 libentius

369 1335 720 1402 doctorum
745 1353 914 1402 artes
939 1354 1228 1426 spectare
1243 1385 1261 1420 ,
1295 1338 1414 1402 alia
1442 1339 1511 1402 in
1536 1339 1659 1403 tela
1694 1338 2159 1428 philosophum
2180 1343 2501 1431 Cynicum

368 1465 408 1506 a
444 1441 640 1511 Laide
662 1443 906 1514 victum
941 1461 1008 1507 et
1036 1459 1340 1508 vexatum
1365 1443 1597 1533 pingit.
1625 1444 1799 1508 Tum
1829 1445 2033 1509 Pallas
2065 1445 2407 1512 subridens
2438 1469 2503 1514 et

363 1549 518 1628 joco
567 1551 796 1638 puellae
843 1547 1152 1614 delectata
1200 1550 1290 1614 ait
1307 1598 1326 1630 ,
1371 1573 1454 1612 ne
1492 1572 1567 1614 ea
1605 1550 2150 1638 philosophorum
2201 1553 2505 1645 dogmata

369 1654 647 1742 amplius
682 1655 890 1720 rideat
909 1703 928 1737 ,
969 1655 1346 1720 effecturam
1379 1677 1483 1736 se,
1520 1671 1595 1719 ut
1619 1655 2011 1743 philosopho
2044 1658 2279 1741 nubat,
2306 1677 2503 1749 atque

368 1761 456 1824 ita
497 1761 789 1825 Polemio
827 1783 968 1825 eam
999 1760 1211 1826 tradit.

319 1848 328 1854 ”
457 1867 669 1931 Venio
701 1890 881 1932 nunc
913 1866 996 1932 ad
1021 1867 1444 1955 Epithalamia
1460 1914 1480 1948 ,
1510 1889 1653 1954 quae
1672 1867 1800 1931 hoc
1822 1867 1990 1931 libro
2012 1887 2499 1955 proponuntur,

367 1971 858 2038 consideranda.
891 1972 1092 2054 Quod
1125 1973 1340 2059 primo
1369 1973 1516 2037 loco
1550 1972 1775 2060 posui,
1808 1972 2319 2060 Epithalamium
2352 1981 2500 2041 Au-

367 2081 546 2168 spicia·
571 2092 632 2144 et
643 2079 858 2144 Aellae
882 2079 1070 2167 Casp.
1093 2079 1392 2144 Barthius
1423 2079 1490 2141 in
1526 2075 1763 2142 scheda
1787 2095 2001 2143 vetere
2016 2128 2037 2162 ,
2062 2103 2257 2167 quam
2284 2105 2499 2169 quon-

370 2185 522 2250 dam
540 2185 610 2250 in
626 2184 1192 2250 Mediomatricum
1217 2183 1563 2270 metropoli
1581 2183 1754 2248 inter
1777 2184 2020 2248 oblatas
2039 2199 2282 2250 temere
2304 2209 2503 2252 mem-

371 2292 603 2358 branas
661 2291 1054 2371 redemerat,
1103 2306 1440 2377 repertum
1498 2289 1622 2354 sub
1676 2287 1875 2354 finem
1923 2294 2375 2356 commentarii
2431 2295 2500 2357 in

369 2397 707 2462 Claudiani
741 2397 1016 2486 Epithal.
1055 2394 1318 2460 Palladii
1356 2410 1422 2458 et
1448 2393 1793 2476 Celerinae,
1824 2417 1969 2485 pag.
2001 2397 2501 2486 462,vulgavit,

371 2519 438 2568 et
475 2504 706 2568 Petrus
739 2505 1150 2566 Burmannus
1186 2499 1269 2564 ad
1303 2499 1543 2564 calcem
1577 2499 1983 2588 Anthologiae
2012 2502 2149 2566 Lat.
2190 2518 2369 2567 tomo
2400 2507 2499 2588 ΙΙ,

371 2632 516 2698 pag.
551 2607 681 2674 638
707 2630 842 2695 seq.
871 2607 1202 2671 nonnullis
1225 2605 1468 2670 notulis
1488 2605 1881 2669 illustratum
1908 2607 2184 2694 repetiit.
2217 2609 2501 2674 Nomina

369 2736 764 2805 sponsorum
790 2710 1074 2800 Auspicii
1099 2729 1168 2776 et
1187 2713 1390 2786 ,Aellae
1421 2734 1557 2775 non
1580 2709 1838 2775 videtur
1855 2712 2155 2776 Barthius
2192 2714 2259 2778 in
2288 2714 2504 2780 fronte

371 2820 604 2885 veteris
658 2817 912 2883 schedae
962 2819 1226 2907 legisse,
1267 2815 1382 2880 sed
1433 2815 1813 2906 cognovisse
1864 2839 1901 2879 e
1947 2839 2139 2880 versu
2170 2820 2289 2900 60,
2326 2821 2505 2885 unde

371 2925 730 3015 praeposuit
765 2926 1195 2988 Burmannus.
1228 2923 1525 2987 Titulum
1578 2921 1843 3009 quidem
1884 2923 2185 2986 Bar-thius
2230 2941 2503 2990 testatur

377 3034 732 3098 Patricium
753 3047 868 3096 aut
891 3032 1208 3095 Patritum
1233 3029 1581 3118 quemdam
1608 3043 1939 3094 auctorem
1970 3030 2325 3117 praetulisse
2339 3079 2357 3114 ,
2380 3055 2503 3097 me-

373 3139 502 3202 tuit
525 3155 766 3218 tamen,
789 3159 872 3200 ne
901 3135 970 3201 id
991 3135 1318 3225 dignitatis
1337 3134 1535 3198 fuerit
1551 3133 1963 3215 vocabulum,
1992 3157 2146 3198 vero
2168 3137 2499 3225 scriptoris

371 3243 609 3308 abroso
625 3291 643 3326 ,
683 3258 758 3306 ut
777 3241 1072 3306 arbitrari
1096 3240 1306 3329 quivis
1335 3241 1572 3329 possit,
1593 3239 1853 3302 initium
1872 3238 2088 3325 ipsum
2113 3241 2503 3308 membranae

374 3345 648 3413 deficere
670 3347 1024 3412 contuitus,
1052 3345 1314 3410 Barthio
1345 3343 1644 3408 concedit
1670 3345 2079 3407 Burmannus
2097 3391 2115 3426 ,
2146 3359 2339 3434 atque
2368 3349 2502 3436 ipse

373 3456 458 3520 de
489 3454 772 3519 auctoris
801 3453 1070 3518 nomine
1095 3450 1381 3532 dubitat,
1416 3450 1709 3538 quamvis
1733 3471 1867 3514 non
1898 3467 2126 3541 neget,
2155 3453 2396 3518 multos
2417 3455 2504 3519 ita

374 3561 746 3627 nominatos
771 3582 930 3624 esse.
956 3559 1098 3648 Ego
1123 3579 1277 3622 vero
1306 3556 1503 3621 malui
1531 3555 1791 3620 Patricii
1810 3555 2203 3622 vocabulum
2224 3561 2505 3625 auctoris

371 3689 617 3733 nomen
663 3665 1062 3744 existimare,
1099 3681 1166 3728 et
1211 3663 1406 3728 titulo
1451 3661 1863 3749 Epithalamii
1894 3684 2223 3750 apponere
2240 3711 2261 3744 ,
2299 3687 2505 3751 quum

373 3777 443 3839 in
475 3773 693 3838 fronte
726 3771 1028 3836 carminis
1063 3785 1258 3858 atque
1286 3791 1366 3833 eo
1403 3767 1551 3832 loco
1579 3783 1909 3856 repertum
1948 3769 2066 3852 sit,
2106 3769 2221 3851 ubi
2256 3771 2507 3856 nullum

374 3901 562 3968 aeque
594 3879 906 3943 usitatum
946 3890 1013 3940 et
1046 3874 1478 3939 necessarium
1521 3897 1596 3938 ac
1628 3874 1909 3940 auctoris
1953 3889 2081 3956 est,
2114 3873 2313 3962 idque
2354 3899 2509 3942 con-

375 4001 499 4049 stet
531 3984 655 4048 sub
706 4004 844 4046 aevo
879 3980 1396 4046 Christianorum
1439 3981 1916 4068 Imperatorum
1956 3978 2199 4043 multos
2232 3979 2511 4048 illustres

377 4091 548 4154 viros
577 4089 862 4178 gessisse.
895 4087 1247 4166 Patricius,
1287 4085 1597 4174 Magister
1633 4081 2018 4150 officiorum
2070 4084 2193 4149 suh
2221 4085 2417 4151 Valen
2427 4090 2511 4152 ti·
