<?xml version="1.0" encoding="UTF-8"?>
<!DOCTYPE html PUBLIC "-//W3C//DTD XHTML 1.0 Transitional//EN"
    "http://www.w3.org/TR/xhtml1/DTD/xhtml1-transitional.dtd">
<html xmlns="http://www.w3.org/1999/xhtml" xml:lang="en" lang="en">
 <head>
  <title>
</title>
<meta http-equiv="Content-Type" content="text/html;charset=utf-8" />
  <meta name='ocr-system' content='tesseract 3.04.00' />
  <meta name='ocr-capabilities' content='ocr_page ocr_carea ocr_par ocr_line ocrx_word'/>
</head>
<body>
  <div class='ocr_page' id='page_1' title='image "./poetaelatinimin00unkngoog_0479.png"; bbox 0 0 2975 4684; ppageno 0'>
   <div class='ocr_carea' id='block_1_1' title="bbox 463 413 1847 507">
    <p class='ocr_par' dir='ltr' id='par_1_1' title="bbox 463 413 1847 507">
     <span class='ocr_line' id='line_1_1' title="bbox 463 413 1847 507; baseline -0.001 -28"><span class='ocrx_word' id='word_1_1' title='bbox 463 415 606 507; x_wconf 75' lang='lat'><strong>470</strong></span> <span class='ocrx_word' id='word_1_2' title='bbox 1241 413 1372 481; x_wconf 87' lang='lat' dir='ltr'><strong>DE</strong></span> <span class='ocrx_word' id='word_1_3' title='bbox 1433 413 1847 483; x_wconf 79' lang='lat' dir='ltr'><strong>NoMlNE</strong></span> 
     </span>
    </p>
   </div>
   <div class='ocr_carea' id='block_1_2' title="bbox 417 541 2635 4240">
    <p class='ocr_par' dir='ltr' id='par_1_2' title="bbox 467 541 2623 1901">
     <span class='ocr_line' id='line_1_2' title="bbox 468 541 2605 630; baseline 0 -24"><span class='ocrx_word' id='word_1_4' title='bbox 468 541 616 608; x_wconf 87' lang='lat' dir='ltr'><strong>dem</strong></span> <span class='ocrx_word' id='word_1_5' title='bbox 633 563 892 627; x_wconf 82' lang='lat' dir='ltr'><strong>parvam</strong></span> <span class='ocrx_word' id='word_1_6' title='bbox 911 541 1213 628; x_wconf 88' lang='lat' dir='ltr'><strong>primitus</strong></span> <span class='ocrx_word' id='word_1_7' title='bbox 1237 565 1438 630; x_wconf 77' lang='lat' dir='ltr'><strong>graece</strong></span> <span class='ocrx_word' id='word_1_8' title='bbox 1456 566 1495 607; x_wconf 88' lang='lat' dir='ltr'><strong>a</strong></span> <span class='ocrx_word' id='word_1_9' title='bbox 1512 541 1955 607; x_wconf 86' lang='lat' dir='ltr'>Grammatico</span> <span class='ocrx_word' id='word_1_10' title='bbox 1976 541 2195 628; x_wconf 89' lang='lat' dir='ltr'><strong>aliquo</strong></span> <span class='ocrx_word' id='word_1_11' title='bbox 2218 543 2605 624; x_wconf 79' lang='lat' dir='ltr'><strong>confectam,</strong></span> 
     </span>
     <span class='ocr_line' id='line_1_3' title="bbox 467 646 2609 738; baseline 0.001 -28"><span class='ocrx_word' id='word_1_12' title='bbox 467 662 617 736; x_wconf 87' lang='lat' dir='ltr'><strong>post</strong></span> <span class='ocrx_word' id='word_1_13' title='bbox 648 669 686 710; x_wconf 89' lang='lat' dir='ltr'><strong>a</strong></span> <span class='ocrx_word' id='word_1_14' title='bbox 715 649 1016 711; x_wconf 87' lang='lat' dir='ltr'><strong>Romano</strong></span> <span class='ocrx_word' id='word_1_15' title='bbox 1034 646 1302 710; x_wconf 90' lang='lat' dir='ltr'><strong>homine</strong></span> <span class='ocrx_word' id='word_1_16' title='bbox 1325 648 1523 712; x_wconf 88' lang='lat' dir='ltr'><strong>latine</strong></span> <span class='ocrx_word' id='word_1_17' title='bbox 1546 669 1920 712; x_wconf 82' lang='lat' dir='ltr'><strong>conversam</strong></span> <span class='ocrx_word' id='word_1_18' title='bbox 1946 669 2103 710; x_wconf 87' lang='lat' dir='ltr'><strong>esse.</strong></span> <span class='ocrx_word' id='word_1_19' title='bbox 2136 648 2321 712; x_wconf 89' lang='lat' dir='ltr'><strong>Hanc</strong></span> <span class='ocrx_word' id='word_1_20' title='bbox 2351 649 2609 738; x_wconf 87' lang='lat' dir='ltr'><strong>opinio-</strong></span> 
     </span>
     <span class='ocr_line' id='line_1_4' title="bbox 471 753 2611 842; baseline 0.001 -26"><span class='ocrx_word' id='word_1_21' title='bbox 471 774 622 818; x_wconf 85' lang='lat' dir='ltr'><strong>nem</strong></span> <span class='ocrx_word' id='word_1_22' title='bbox 650 755 772 818; x_wconf 89' lang='lat' dir='ltr'><strong>etsi</strong></span> <span class='ocrx_word' id='word_1_23' title='bbox 796 754 930 842; x_wconf 86' lang='lat' dir='ltr'><strong>ipsa</strong></span> <span class='ocrx_word' id='word_1_24' title='bbox 959 753 1156 817; x_wconf 85' lang='lat' dir='ltr'><strong>libelli</strong></span> <span class='ocrx_word' id='word_1_25' title='bbox 1185 753 1376 818; x_wconf 88' lang='lat' dir='ltr'><strong>lectio</strong></span> <span class='ocrx_word' id='word_1_26' title='bbox 1399 753 1669 834; x_wconf 81' lang='lat' dir='ltr'><strong>refutat,</strong></span> <span class='ocrx_word' id='word_1_27' title='bbox 1704 753 1960 818; x_wconf 83' lang='lat' dir='ltr'><strong>videtur</strong></span> <span class='ocrx_word' id='word_1_28' title='bbox 1986 770 2201 817; x_wconf 89' lang='lat' dir='ltr'><strong>tamen</strong></span> <span class='ocrx_word' id='word_1_29' title='bbox 2232 775 2422 842; x_wconf 89' lang='lat' dir='ltr'><strong>posse</strong></span> <span class='ocrx_word' id='word_1_30' title='bbox 2448 778 2611 842; x_wconf 89' lang='lat' dir='ltr'><strong>quo-</strong></span> 
     </span>
     <span class='ocr_line' id='line_1_5' title="bbox 471 857 2605 948; baseline 0 -26"><span class='ocrx_word' id='word_1_31' title='bbox 471 857 825 922; x_wconf 89' lang='lat' dir='ltr'><strong>dammodo</strong></span> <span class='ocrx_word' id='word_1_32' title='bbox 855 880 931 921; x_wconf 86' lang='lat' dir='ltr'><strong>ex</strong></span> <span class='ocrx_word' id='word_1_33' title='bbox 958 858 1376 948; x_wconf 84' lang='lat' dir='ltr'><strong>inscriptione</strong></span> <span class='ocrx_word' id='word_1_34' title='bbox 1404 859 1542 939; x_wconf 89' lang='lat' dir='ltr'><strong>ejus</strong></span> <span class='ocrx_word' id='word_1_35' title='bbox 1562 908 1579 941; x_wconf 90' lang='lat'><strong>,</strong></span> <span class='ocrx_word' id='word_1_36' title='bbox 1618 882 1763 945; x_wconf 83' lang='lat' dir='ltr'><strong>quae</strong></span> <span class='ocrx_word' id='word_1_37' title='bbox 1789 861 1858 922; x_wconf 91' lang='lat' dir='ltr'><strong>in</strong></span> <span class='ocrx_word' id='word_1_38' title='bbox 1888 857 2223 924; x_wconf 84' lang='lat' dir='ltr'><strong>codicibus</strong></span> <span class='ocrx_word' id='word_1_39' title='bbox 2260 875 2328 924; x_wconf 86' lang='lat' dir='ltr'><strong>et</strong></span> <span class='ocrx_word' id='word_1_40' title='bbox 2366 859 2605 924; x_wconf 91' lang='lat' dir='ltr'><strong>editio-</strong></span> 
     </span>
     <span class='ocr_line' id='line_1_6' title="bbox 471 949 2609 1054; baseline 0.001 -27"><span class='ocrx_word' id='word_1_41' title='bbox 471 963 665 1029; x_wconf 82' lang='lat' dir='ltr'><strong>nibus</strong></span> <span class='ocrx_word' id='word_1_42' title='bbox 701 964 952 1052; x_wconf 83' lang='lat' dir='ltr'><strong>aliquot</strong></span> <span class='ocrx_word' id='word_1_43' title='bbox 977 963 1259 1051; x_wconf 82' lang='lat' dir='ltr'><strong>antiquis</strong></span> <span class='ocrx_word' id='word_1_44' title='bbox 1307 964 1573 1054; x_wconf 84' lang='lat' dir='ltr'><strong>legitur,</strong></span> <span class='ocrx_word' id='word_1_45' title='bbox 1606 963 1819 1054; x_wconf 85' lang='lat' dir='ltr'><strong>colligi</strong></span> <span class='ocrx_word' id='word_1_46' title='bbox 1836 1012 1854 1045; x_wconf 93' lang='lat'><strong>,</strong></span> <span class='ocrx_word' id='word_1_47' title='bbox 1888 964 2002 1028; x_wconf 85' lang='lat' dir='ltr'><strong>ubi</strong></span> <span class='ocrx_word' id='word_1_48' title='bbox 2032 965 2294 1030; x_wconf 74' lang='lat' dir='ltr'><strong>Homeri</strong></span> <span class='ocrx_word' id='word_1_49' title='bbox 2326 949 2609 1030; x_wconf 71' lang='lat' dir='ltr'><strong>Iliadum</strong></span> 
     </span>
     <span class='ocr_line' id='line_1_7' title="bbox 469 1069 2610 1159; baseline -0.001 -25"><span class='ocrx_word' id='word_1_50' title='bbox 469 1093 624 1158; x_wconf 76' lang='lat' dir='ltr'><strong>opus</strong></span> <span class='ocrx_word' id='word_1_51' title='bbox 645 1092 767 1158; x_wconf 81' lang='lat' dir='ltr'><strong>per</strong></span> <span class='ocrx_word' id='word_1_52' title='bbox 785 1069 1144 1134; x_wconf 81' lang='lat' dir='ltr'><strong>Pindarum</strong></span> <span class='ocrx_word' id='word_1_53' title='bbox 1177 1069 1549 1134; x_wconf 73' lang='lat' dir='ltr'><strong>Thebanum</strong></span> <span class='ocrx_word' id='word_1_54' title='bbox 1592 1071 1726 1134; x_wconf 91' lang='lat' dir='ltr'><strong>scil.</strong></span> <span class='ocrx_word' id='word_1_55' title='bbox 1774 1071 2213 1159; x_wconf 88' lang='lat' dir='ltr'><strong>compositum</strong></span> <span class='ocrx_word' id='word_1_56' title='bbox 2228 1118 2246 1152; x_wconf 92' lang='lat'><strong>,</strong></span> <span class='ocrx_word' id='word_1_57' title='bbox 2294 1070 2534 1134; x_wconf 89' lang='lat' dir='ltr'><strong>dicitur</strong></span> <span class='ocrx_word' id='word_1_58' title='bbox 2574 1097 2610 1132; x_wconf 82' lang='lat' dir='ltr'><strong>e</strong></span> 
     </span>
     <span class='ocr_line' id='line_1_8' title="bbox 477 1175 2623 1265; baseline -0 -23"><span class='ocrx_word' id='word_1_59' title='bbox 477 1177 704 1242; x_wconf 78' lang='lat' dir='ltr'><strong>Graeco</strong></span> <span class='ocrx_word' id='word_1_60' title='bbox 731 1179 799 1241; x_wconf 84' lang='lat' dir='ltr'><strong>in</strong></span> <span class='ocrx_word' id='word_1_61' title='bbox 816 1179 1117 1242; x_wconf 83' lang='lat' dir='ltr'><strong>Latinum</strong></span> <span class='ocrx_word' id='word_1_62' title='bbox 1145 1177 1530 1243; x_wconf 79' lang='lat' dir='ltr'><strong>traductum.</strong></span> <span class='ocrx_word' id='word_1_63' title='bbox 1551 1178 1636 1242; x_wconf 86' lang='lat' dir='ltr'><strong>Et</strong></span> <span class='ocrx_word' id='word_1_64' title='bbox 1657 1176 1975 1241; x_wconf 83' lang='lat' dir='ltr'><strong>Pindarus</strong></span> <span class='ocrx_word' id='word_1_65' title='bbox 1999 1175 2266 1264; x_wconf 88' lang='lat' dir='ltr'><strong>quidam</strong></span> <span class='ocrx_word' id='word_1_66' title='bbox 2285 1226 2303 1260; x_wconf 88' lang='lat'><strong>,</strong></span> <span class='ocrx_word' id='word_1_67' title='bbox 2336 1179 2623 1265; x_wconf 23' lang='lat' dir='ltr'><strong>Alexan--</strong></span> 
     </span>
     <span class='ocr_line' id='line_1_9' title="bbox 474 1283 2610 1373; baseline -0 -26"><span class='ocrx_word' id='word_1_68' title='bbox 474 1283 702 1348; x_wconf 89' lang='lat' dir='ltr'><strong>drinus</strong></span> <span class='ocrx_word' id='word_1_69' title='bbox 721 1284 1216 1365; x_wconf 82' lang='lat' dir='ltr'><strong>Grammaticus,</strong></span> <span class='ocrx_word' id='word_1_70' title='bbox 1235 1283 1410 1373; x_wconf 88' lang='lat' dir='ltr'><strong>apud</strong></span> <span class='ocrx_word' id='word_1_71' title='bbox 1425 1283 1991 1366; x_wconf 85' lang='lat' dir='ltr'><strong>Fabricium,Bibl.</strong></span> <span class='ocrx_word' id='word_1_72' title='bbox 2013 1283 2129 1348; x_wconf 90' lang='lat' dir='ltr'><strong>Gr.</strong></span> <span class='ocrx_word' id='word_1_73' title='bbox 2148 1285 2273 1348; x_wconf 87' lang='lat' dir='ltr'><strong>vol.</strong></span> <span class='ocrx_word' id='word_1_74' title='bbox 2298 1286 2357 1366; x_wconf 90' lang='lat'><strong>1,</strong></span> <span class='ocrx_word' id='word_1_75' title='bbox 2378 1308 2439 1372; x_wconf 92' lang='lat' dir='ltr'><strong>p.</strong></span> <span class='ocrx_word' id='word_1_76' title='bbox 2458 1283 2610 1364; x_wconf 84' lang='lat'><strong>551,</strong></span> 
     </span>
     <span class='ocr_line' id='line_1_10' title="bbox 475 1383 2609 1478; baseline 0.001 -26"><span class='ocrx_word' id='word_1_77' title='bbox 475 1404 540 1452; x_wconf 89' lang='lat' dir='ltr'><strong>et</strong></span> <span class='ocrx_word' id='word_1_78' title='bbox 564 1389 994 1453; x_wconf 87' lang='lat' dir='ltr'><strong>Villoisonum</strong></span> <span class='ocrx_word' id='word_1_79' title='bbox 1019 1437 1037 1470; x_wconf 92' lang='lat'><strong>,</strong></span> <span class='ocrx_word' id='word_1_80' title='bbox 1066 1389 1310 1455; x_wconf 89' lang='lat' dir='ltr'><strong>Anecd.</strong></span> <span class='ocrx_word' id='word_1_81' title='bbox 1333 1391 1449 1454; x_wconf 87' lang='lat' dir='ltr'><strong>Gr.</strong></span> <span class='ocrx_word' id='word_1_82' title='bbox 1478 1405 1525 1454; x_wconf 90' lang='lat' dir='ltr'><strong>t.</strong></span> <span class='ocrx_word' id='word_1_83' title='bbox 1542 1391 1641 1473; x_wconf 88' lang='grc' dir='ltr'><strong>ΙΙ,</strong></span> <span class='ocrx_word' id='word_1_84' title='bbox 1676 1413 1741 1478; x_wconf 87' lang='lat' dir='ltr'><strong>p.</strong></span> <span class='ocrx_word' id='word_1_85' title='bbox 1766 1389 1912 1477; x_wconf 87' lang='lat'>187,</span> <span class='ocrx_word' id='word_1_86' title='bbox 1954 1383 2021 1452; x_wconf 75' lang='lat' dir='ltr'><strong>in</strong></span> <span class='ocrx_word' id='word_1_87' title='bbox 2046 1389 2303 1453; x_wconf 89' lang='lat' dir='ltr'><strong>scholiis</strong></span> <span class='ocrx_word' id='word_1_88' title='bbox 2347 1387 2609 1454; x_wconf 90' lang='lat' dir='ltr'><strong>ineditis</strong></span> 
     </span>
     <span class='ocr_line' id='line_1_11' title="bbox 475 1497 2610 1587; baseline -0.001 -25"><span class='ocrx_word' id='word_1_89' title='bbox 475 1497 558 1562; x_wconf 92' lang='lat' dir='ltr'><strong>ad</strong></span> <span class='ocrx_word' id='word_1_90' title='bbox 583 1499 972 1587; x_wconf 71' lang='lat' dir='ltr'><strong>Dionysium</strong></span> <span class='ocrx_word' id='word_1_91' title='bbox 989 1499 1308 1564; x_wconf 85' lang='lat' dir='ltr'><strong>Thracem</strong></span> <span class='ocrx_word' id='word_1_92' title='bbox 1328 1497 1630 1564; x_wconf 88' lang='lat' dir='ltr'><strong>laudatur</strong></span> <span class='ocrx_word' id='word_1_93' title='bbox 1645 1548 1662 1575; x_wconf 87' lang='lat'><strong>‚</strong></span> <span class='ocrx_word' id='word_1_94' title='bbox 1698 1499 1810 1586; x_wconf 86' lang='lat' dir='ltr'><strong>qui</strong></span> <span class='ocrx_word' id='word_1_95' title='bbox 1828 1513 1994 1560; x_wconf 86' lang='lat' dir='ltr'><strong>teste</strong></span> <span class='ocrx_word' id='word_1_96' title='bbox 2012 1497 2208 1562; x_wconf 88' lang='lat' dir='ltr'><strong>Suida</strong></span> <span class='ocrx_word' id='word_1_97' title='bbox 2221 1498 2610 1562; x_wconf 87' lang='lat' dir='ltr'><strong>Ptolemaeus</strong></span> 
     </span>
     <span class='ocr_line' id='line_1_12' title="bbox 477 1603 2611 1694; baseline -0.001 -25"><span class='ocrx_word' id='word_1_98' title='bbox 477 1620 916 1694; x_wconf 86' lang='lat' dir='ltr'><strong>cognomento</strong></span> <span class='ocrx_word' id='word_1_99' title='bbox 963 1603 1314 1669; x_wconf 86' lang='lat' dir='ltr'><strong>Pindarion</strong></span> <span class='ocrx_word' id='word_1_100' title='bbox 1368 1604 1581 1669; x_wconf 90' lang='lat' dir='ltr'><strong>dictus</strong></span> <span class='ocrx_word' id='word_1_101' title='bbox 1630 1620 1759 1689; x_wconf 91' lang='lat' dir='ltr'><strong>est,</strong></span> <span class='ocrx_word' id='word_1_102' title='bbox 1806 1620 1874 1667; x_wconf 93' lang='lat' dir='ltr'><strong>et</strong></span> <span class='ocrx_word' id='word_1_103' title='bbox 1906 1605 2075 1667; x_wconf 79' lang='lat' dir='ltr'><strong>varia</strong></span> <span class='ocrx_word' id='word_1_104' title='bbox 2121 1603 2203 1667; x_wconf 90' lang='lat' dir='ltr'><strong>ad</strong></span> <span class='ocrx_word' id='word_1_105' title='bbox 2246 1604 2611 1668; x_wconf 83' lang='lat' dir='ltr'><strong>Homerum</strong></span> 
     </span>
     <span class='ocr_line' id='line_1_13' title="bbox 476 1709 2613 1802; baseline 0 -28"><span class='ocrx_word' id='word_1_106' title='bbox 476 1711 870 1800; x_wconf 89' lang='lat' dir='ltr'><strong>pertinentia</strong></span> <span class='ocrx_word' id='word_1_107' title='bbox 883 1712 1166 1802; x_wconf 66' lang='lat' dir='ltr'><strong>scripsit,</strong></span> <span class='ocrx_word' id='word_1_108' title='bbox 1189 1729 1263 1775; x_wconf 88' lang='lat' dir='ltr'><strong>ut</strong></span> <span class='ocrx_word' id='word_1_109' title='bbox 1275 1712 1742 1800; x_wconf 84' lang='lat' dir='ltr'><strong>Exemplorum</strong></span> <span class='ocrx_word' id='word_1_110' title='bbox 1756 1711 2255 1776; x_wconf 86' lang='lat' dir='ltr'><strong>Homericorum</strong></span> <span class='ocrx_word' id='word_1_111' title='bbox 2270 1709 2470 1774; x_wconf 87' lang='lat' dir='ltr'><strong>libros</strong></span> <span class='ocrx_word' id='word_1_112' title='bbox 2490 1711 2613 1792; x_wconf 86' lang='lat'><strong>111,</strong></span> 
     </span>
     <span class='ocr_line' id='line_1_14' title="bbox 479 1815 2615 1901; baseline 0 -20"><span class='ocrx_word' id='word_1_113' title='bbox 479 1816 561 1881; x_wconf 92' lang='lat' dir='ltr'><strong>de</strong></span> <span class='ocrx_word' id='word_1_114' title='bbox 595 1818 959 1882; x_wconf 87' lang='lat' dir='ltr'><strong>charactere</strong></span> <span class='ocrx_word' id='word_1_115' title='bbox 993 1819 1378 1901; x_wconf 89' lang='lat' dir='ltr'><strong>Homeric0,</strong></span> <span class='ocrx_word' id='word_1_116' title='bbox 1416 1817 1502 1883; x_wconf 89' lang='lat' dir='ltr'><strong>de</strong></span> <span class='ocrx_word' id='word_1_117' title='bbox 1528 1815 1846 1900; x_wconf 85' lang='lat' dir='ltr'><strong>dictione,</strong></span> <span class='ocrx_word' id='word_1_118' title='bbox 1880 1816 1962 1882; x_wconf 90' lang='lat' dir='ltr'><strong>de</strong></span> <span class='ocrx_word' id='word_1_119' title='bbox 1984 1815 2177 1881; x_wconf 88' lang='lat' dir='ltr'><strong>Utide</strong></span> <span class='ocrx_word' id='word_1_120' title='bbox 2200 1817 2489 1881; x_wconf 88' lang='lat' dir='ltr'><strong>Homeri.</strong></span> <span class='ocrx_word' id='word_1_121' title='bbox 2507 1817 2615 1882; x_wconf 81' lang='lat' dir='ltr'><strong>Ad</strong></span> 
     </span>
    </p>

    <p class='ocr_par' dir='ltr' id='par_1_3' title="bbox 417 1921 2635 4240">
     <span class='ocr_line' id='line_1_15' title="bbox 483 1921 2615 2012; baseline 0.001 -27"><span class='ocrx_word' id='word_1_122' title='bbox 483 1922 620 1986; x_wconf 84' lang='lat' dir='ltr'><strong>haec</strong></span> <span class='ocrx_word' id='word_1_123' title='bbox 648 1923 976 2006; x_wconf 88' lang='lat' dir='ltr'><strong>AElianus,</strong></span> <span class='ocrx_word' id='word_1_124' title='bbox 997 1923 1146 1988; x_wconf 89' lang='lat' dir='ltr'><strong>Var.</strong></span> <span class='ocrx_word' id='word_1_125' title='bbox 1187 1925 1352 1989; x_wconf 88' lang='lat' dir='ltr'><strong>Hist.</strong></span> <span class='ocrx_word' id='word_1_126' title='bbox 1391 1923 1518 2004; x_wconf 85' lang='lat' dir='ltr'><strong>IX,</strong></span> <span class='ocrx_word' id='word_1_127' title='bbox 1568 1921 1667 2005; x_wconf 86' lang='lat'><strong>15,</strong></span> <span class='ocrx_word' id='word_1_128' title='bbox 1703 1938 1954 2004; x_wconf 87' lang='lat' dir='ltr'><strong>narrat,</strong></span> <span class='ocrx_word' id='word_1_129' title='bbox 1985 1923 2348 1986; x_wconf 88' lang='lat' dir='ltr'><strong>Homerum</strong></span> <span class='ocrx_word' id='word_1_130' title='bbox 2376 1925 2615 2012; x_wconf 81' lang='lat' dir='ltr'><strong>Cypria</strong></span> 
     </span>
     <span class='ocr_line' id='line_1_16' title="bbox 429 2014 2614 2116; baseline 0 -24"><span class='ocrx_word' id='word_1_131' title='bbox 429 2014 433 2022; x_wconf 23' lang='grc' dir='ltr'><strong>ἦ</strong></span> <span class='ocrx_word' id='word_1_132' title='bbox 483 2029 769 2092; x_wconf 89' lang='lat' dir='ltr'><strong>carmina</strong></span> <span class='ocrx_word' id='word_1_133' title='bbox 792 2027 934 2092; x_wconf 78' lang='lat' dir='ltr'><strong>filiae</strong></span> <span class='ocrx_word' id='word_1_134' title='bbox 961 2051 1092 2093; x_wconf 84' lang='lat' dir='ltr'><strong>suae</strong></span> <span class='ocrx_word' id='word_1_135' title='bbox 1121 2027 1290 2094; x_wconf 89' lang='lat' dir='ltr'><strong>dotis</strong></span> <span class='ocrx_word' id='word_1_136' title='bbox 1312 2029 1457 2093; x_wconf 92' lang='lat' dir='ltr'><strong>loco</strong></span> <span class='ocrx_word' id='word_1_137' title='bbox 1484 2027 1771 2111; x_wconf 86' lang='lat' dir='ltr'><strong>dedisse,</strong></span> <span class='ocrx_word' id='word_1_138' title='bbox 1808 2030 2075 2116; x_wconf 85' lang='lat' dir='ltr'><strong>ejusque</strong></span> <span class='ocrx_word' id='word_1_139' title='bbox 2098 2027 2191 2091; x_wconf 87' lang='lat' dir='ltr'><strong>rei</strong></span> <span class='ocrx_word' id='word_1_140' title='bbox 2215 2042 2443 2092; x_wconf 87' lang='lat' dir='ltr'><strong>testem</strong></span> <span class='ocrx_word' id='word_1_141' title='bbox 2474 2050 2614 2092; x_wconf 88' lang='lat' dir='ltr'><strong>esse</strong></span> 
     </span>
     <span class='ocr_line' id='line_1_17' title="bbox 484 2135 2615 2226; baseline 0 -27"><span class='ocrx_word' id='word_1_142' title='bbox 484 2135 835 2201; x_wconf 88' lang='lat' dir='ltr'><strong>Pindarum</strong></span> <span class='ocrx_word' id='word_1_143' title='bbox 855 2188 872 2221; x_wconf 92' lang='lat'><strong>,</strong></span> <span class='ocrx_word' id='word_1_144' title='bbox 928 2161 1059 2226; x_wconf 90' lang='lat' dir='ltr'><strong>quo</strong></span> <span class='ocrx_word' id='word_1_145' title='bbox 1115 2138 1380 2202; x_wconf 87' lang='lat' dir='ltr'><strong>nomine</strong></span> <span class='ocrx_word' id='word_1_146' title='bbox 1434 2138 1654 2202; x_wconf 86' lang='lat' dir='ltr'><strong>nescio</strong></span> <span class='ocrx_word' id='word_1_147' title='bbox 1672 2188 1687 2215; x_wconf 88' lang='lat'>‚</span> <span class='ocrx_word' id='word_1_148' title='bbox 1727 2153 1946 2201; x_wconf 88' lang='lat' dir='ltr'><strong>utrum</strong></span> <span class='ocrx_word' id='word_1_149' title='bbox 1992 2137 2461 2202; x_wconf 85' lang='lat' dir='ltr'><strong>Grammaticus</strong></span> <span class='ocrx_word' id='word_1_150' title='bbox 2505 2135 2615 2199; x_wconf 88' lang='lat' dir='ltr'><strong>ille</strong></span> 
     </span>
     <span class='ocr_line' id='line_1_18' title="bbox 484 2240 2616 2332; baseline -0.001 -25"><span class='ocrx_word' id='word_1_151' title='bbox 484 2244 994 2325; x_wconf 79' lang='lat' dir='ltr'><strong>Alexandrinus,</strong></span> <span class='ocrx_word' id='word_1_152' title='bbox 1033 2267 1116 2308; x_wconf 90' lang='lat' dir='ltr'><strong>an</strong></span> <span class='ocrx_word' id='word_1_153' title='bbox 1153 2261 1338 2332; x_wconf 88' lang='lat' dir='ltr'><strong>poeta</strong></span> <span class='ocrx_word' id='word_1_154' title='bbox 1366 2243 1717 2309; x_wconf 81' lang='lat' dir='ltr'><strong>Thebanus</strong></span> <span class='ocrx_word' id='word_1_155' title='bbox 1757 2240 2209 2331; x_wconf 85' lang='lat' dir='ltr'><strong>intelligendus</strong></span> <span class='ocrx_word' id='word_1_156' title='bbox 2252 2242 2353 2332; x_wconf 81' lang='lat' dir='ltr'><strong>sit.</strong></span> <span class='ocrx_word' id='word_1_157' title='bbox 2380 2242 2616 2330; x_wconf 81' lang='lat' dir='ltr'><strong>Cypria</strong></span> 
     </span>
     <span class='ocr_line' id='line_1_19' title="bbox 480 2347 2617 2438; baseline -0.001 -26"><span class='ocrx_word' id='word_1_158' title='bbox 480 2371 634 2415; x_wconf 84' lang='lat' dir='ltr'><strong>vero</strong></span> <span class='ocrx_word' id='word_1_159' title='bbox 656 2351 939 2414; x_wconf 86' lang='lat' dir='ltr'><strong>carmina</strong></span> <span class='ocrx_word' id='word_1_160' title='bbox 970 2351 1052 2415; x_wconf 92' lang='lat' dir='ltr'><strong>ad</strong></span> <span class='ocrx_word' id='word_1_161' title='bbox 1080 2351 1322 2415; x_wconf 88' lang='lat' dir='ltr'><strong>bellum</strong></span> <span class='ocrx_word' id='word_1_162' title='bbox 1346 2349 1703 2430; x_wconf 77' lang='lat' dir='ltr'><strong>Troianum</strong></span> <span class='ocrx_word' id='word_1_163' title='bbox 1730 2347 2140 2438; x_wconf 88' lang='lat' dir='ltr'><strong>pertinebant</strong></span> <span class='ocrx_word' id='word_1_164' title='bbox 2157 2397 2174 2424; x_wconf 86' lang='lat'><strong>,</strong></span> <span class='ocrx_word' id='word_1_165' title='bbox 2208 2363 2271 2411; x_wconf 89' lang='lat' dir='ltr'><strong>et</strong></span> <span class='ocrx_word' id='word_1_166' title='bbox 2294 2347 2617 2411; x_wconf 85' lang='lat' dir='ltr'><strong>anteriora</strong></span> 
     </span>
     <span class='ocr_line' id='line_1_20' title="bbox 484 2451 2614 2544; baseline -0.001 -26"><span class='ocrx_word' id='word_1_167' title='bbox 484 2455 701 2520; x_wconf 89' lang='lat' dir='ltr'><strong>Iliadis</strong></span> <span class='ocrx_word' id='word_1_168' title='bbox 729 2457 1088 2520; x_wconf 75' lang='lat' dir='ltr'><strong>Homericae</strong></span> <span class='ocrx_word' id='word_1_169' title='bbox 1117 2456 1744 2544; x_wconf 87' lang='lat' dir='ltr'><strong>complectebantur,</strong></span> <span class='ocrx_word' id='word_1_170' title='bbox 1780 2455 2015 2543; x_wconf 84' lang='lat' dir='ltr'><strong>Cypria</strong></span> <span class='ocrx_word' id='word_1_171' title='bbox 2046 2451 2219 2517; x_wconf 87' lang='lat' dir='ltr'><strong>dicta</strong></span> <span class='ocrx_word' id='word_1_172' title='bbox 2246 2468 2614 2542; x_wconf 87' lang='lat' dir='ltr'><strong>propterea,</strong></span> 
     </span>
     <span class='ocr_line' id='line_1_21' title="bbox 485 2558 2617 2649; baseline -0 -25"><span class='ocrx_word' id='word_1_173' title='bbox 485 2561 666 2647; x_wconf 88' lang='lat' dir='ltr'><strong>quod</strong></span> <span class='ocrx_word' id='word_1_174' title='bbox 699 2563 923 2626; x_wconf 86' lang='lat' dir='ltr'><strong>Venus</strong></span> <span class='ocrx_word' id='word_1_175' title='bbox 969 2562 1281 2625; x_wconf 89' lang='lat' dir='ltr'><strong>Helenam</strong></span> <span class='ocrx_word' id='word_1_176' title='bbox 1325 2562 1713 2649; x_wconf 87' lang='lat' dir='ltr'><strong>promittens</strong></span> <span class='ocrx_word' id='word_1_177' title='bbox 1757 2558 2002 2640; x_wconf 89' lang='lat' dir='ltr'><strong>Paridi,</strong></span> <span class='ocrx_word' id='word_1_178' title='bbox 2050 2561 2165 2647; x_wconf 89' lang='lat' dir='ltr'><strong>qui</strong></span> <span class='ocrx_word' id='word_1_179' title='bbox 2216 2581 2355 2622; x_wconf 90' lang='lat' dir='ltr'><strong>eam</strong></span> <span class='ocrx_word' id='word_1_180' title='bbox 2393 2575 2617 2647; x_wconf 87' lang='lat' dir='ltr'><strong>postea</strong></span> 
     </span>
     <span class='ocr_line' id='line_1_22' title="bbox 485 2664 2617 2754; baseline 0 -24"><span class='ocrx_word' id='word_1_181' title='bbox 485 2669 732 2754; x_wconf 88' lang='lat' dir='ltr'><strong>rapuit,</strong></span> <span class='ocrx_word' id='word_1_182' title='bbox 778 2691 1000 2731; x_wconf 87' lang='lat' dir='ltr'><strong>caussa</strong></span> <span class='ocrx_word' id='word_1_183' title='bbox 1037 2669 1368 2731; x_wconf 79' lang='lat' dir='ltr'><strong>exstiterat</strong></span> <span class='ocrx_word' id='word_1_184' title='bbox 1397 2668 1549 2732; x_wconf 78' lang='lat' dir='ltr'><strong>belli</strong></span> <span class='ocrx_word' id='word_1_185' title='bbox 1592 2667 1875 2748; x_wconf 87' lang='lat' dir='ltr'><strong>Trojani.</strong></span> <span class='ocrx_word' id='word_1_186' title='bbox 1908 2664 2055 2730; x_wconf 88' lang='lat' dir='ltr'><strong>Vid.</strong></span> <span class='ocrx_word' id='word_1_187' title='bbox 2104 2665 2481 2730; x_wconf 89' lang='lat' dir='ltr'><strong>Perizonius</strong></span> <span class='ocrx_word' id='word_1_188' title='bbox 2536 2666 2617 2730; x_wconf 88' lang='lat' dir='ltr'><strong>ad</strong></span> 
     </span>
     <span class='ocr_line' id='line_1_23' title="bbox 487 2770 2619 2862; baseline -0.001 -24"><span class='ocrx_word' id='word_1_189' title='bbox 487 2773 728 2838; x_wconf 87' lang='lat' dir='ltr'><strong>AEliani</strong></span> <span class='ocrx_word' id='word_1_190' title='bbox 759 2775 799 2838; x_wconf 90' lang='lat' dir='ltr'><strong>l..</strong></span> <span class='ocrx_word' id='word_1_191' title='bbox 837 2797 893 2839; x_wconf 89' lang='lat' dir='ltr'><strong>c.</strong></span> <span class='ocrx_word' id='word_1_192' title='bbox 927 2790 992 2838; x_wconf 88' lang='lat' dir='ltr'><strong>et</strong></span> <span class='ocrx_word' id='word_1_193' title='bbox 1017 2775 1133 2840; x_wconf 92' lang='lat' dir='ltr'><strong>cel.</strong></span> <span class='ocrx_word' id='word_1_194' title='bbox 1160 2775 1483 2862; x_wconf 80' lang='lat' dir='ltr'><strong>Heynius,</strong></span> <span class='ocrx_word' id='word_1_195' title='bbox 1512 2775 1807 2837; x_wconf 87' lang='lat' dir='ltr'><strong>Excursu</strong></span> <span class='ocrx_word' id='word_1_196' title='bbox 1834 2775 1863 2837; x_wconf 92' lang='lat' dir='ltr'>I</span> <span class='ocrx_word' id='word_1_197' title='bbox 1890 2772 1972 2836; x_wconf 89' lang='lat' dir='ltr'><strong>ad</strong></span> <span class='ocrx_word' id='word_1_198' title='bbox 1996 2770 2263 2854; x_wconf 86' lang='lat' dir='ltr'><strong>AEn.11,</strong></span> <span class='ocrx_word' id='word_1_199' title='bbox 2304 2795 2442 2861; x_wconf 84' lang='lat' dir='ltr'><strong>pag.</strong></span> <span class='ocrx_word' id='word_1_200' title='bbox 2472 2793 2619 2858; x_wconf 78' lang='lat'><strong>229.</strong></span> 
     </span>
     <span class='ocr_line' id='line_1_24' title="bbox 487 2879 2620 2966; baseline -0.001 -22"><span class='ocrx_word' id='word_1_201' title='bbox 487 2881 640 2944; x_wconf 86' lang='lat' dir='ltr'><strong>Haec</strong></span> <span class='ocrx_word' id='word_1_202' title='bbox 663 2881 806 2944; x_wconf 79' lang='lat' dir='ltr'><strong>talia</strong></span> <span class='ocrx_word' id='word_1_203' title='bbox 826 2880 907 2946; x_wconf 82' lang='lat' dir='ltr'><strong>de</strong></span> <span class='ocrx_word' id='word_1_204' title='bbox 926 2880 1208 2944; x_wconf 88' lang='lat' dir='ltr'><strong>Pindaro</strong></span> <span class='ocrx_word' id='word_1_205' title='bbox 1226 2880 1695 2961; x_wconf 80' lang='lat' dir='ltr'><strong>GrammaticO,</strong></span> <span class='ocrx_word' id='word_1_206' title='bbox 1715 2902 1815 2943; x_wconf 87' lang='lat' dir='ltr'><strong>res</strong></span> <span class='ocrx_word' id='word_1_207' title='bbox 1834 2879 2208 2944; x_wconf 85' lang='lat' dir='ltr'><strong>Homericas</strong></span> <span class='ocrx_word' id='word_1_208' title='bbox 2231 2893 2620 2966; x_wconf 81' lang='lat' dir='ltr'><strong>exponente,</strong></span> 
     </span>
     <span class='ocr_line' id='line_1_25' title="bbox 489 2983 2621 3078; baseline 0 -28"><span class='ocrx_word' id='word_1_209' title='bbox 489 3005 842 3052; x_wconf 87' lang='lat' dir='ltr'><strong>memorata</strong></span> <span class='ocrx_word' id='word_1_210' title='bbox 875 2989 1100 3078; x_wconf 78' lang='lat' dir='ltr'><strong>legisse</strong></span> <span class='ocrx_word' id='word_1_211' title='bbox 1127 2989 1229 3050; x_wconf 80' lang='lat' dir='ltr'><strong>vel</strong></span> <span class='ocrx_word' id='word_1_212' title='bbox 1269 2986 1525 3052; x_wconf 86' lang='lat' dir='ltr'><strong>audisse</strong></span> <span class='ocrx_word' id='word_1_213' title='bbox 1556 2987 1774 3075; x_wconf 89' lang='lat' dir='ltr'><strong>potuit</strong></span> <span class='ocrx_word' id='word_1_214' title='bbox 1806 2986 2009 3050; x_wconf 89' lang='lat' dir='ltr'><strong>homo</strong></span> <span class='ocrx_word' id='word_1_215' title='bbox 2054 2983 2317 3073; x_wconf 88' lang='lat' dir='ltr'><strong>quidam</strong></span> <span class='ocrx_word' id='word_1_216' title='bbox 2363 2985 2621 3050; x_wconf 86' lang='lat' dir='ltr'><strong>serioris</strong></span> 
     </span>
     <span class='ocr_line' id='line_1_26' title="bbox 487 3089 2623 3180; baseline -0.001 -25"><span class='ocrx_word' id='word_1_217' title='bbox 487 3093 600 3155; x_wconf 78' lang='lat' dir='ltr'><strong>aevi</strong></span> <span class='ocrx_word' id='word_1_218' title='bbox 620 3141 638 3174; x_wconf 92' lang='lat'><strong>,</strong></span> <span class='ocrx_word' id='word_1_219' title='bbox 674 3111 740 3157; x_wconf 90' lang='lat' dir='ltr'><strong>et</strong></span> <span class='ocrx_word' id='word_1_220' title='bbox 769 3108 1110 3180; x_wconf 86' lang='lat' dir='ltr'><strong>propterea</strong></span> <span class='ocrx_word' id='word_1_221' title='bbox 1141 3093 1484 3180; x_wconf 89' lang='lat' dir='ltr'><strong>Epitomen</strong></span> <span class='ocrx_word' id='word_1_222' title='bbox 1516 3091 1753 3156; x_wconf 87' lang='lat' dir='ltr'><strong>Iliados</strong></span> <span class='ocrx_word' id='word_1_223' title='bbox 1780 3091 1861 3155; x_wconf 87' lang='lat' dir='ltr'><strong>ab</strong></span> <span class='ocrx_word' id='word_1_224' title='bbox 1888 3113 1968 3155; x_wconf 89' lang='lat' dir='ltr'><strong>eo</strong></span> <span class='ocrx_word' id='word_1_225' title='bbox 1997 3091 2415 3178; x_wconf 86' lang='lat' dir='ltr'><strong>perscriptam</strong></span> <span class='ocrx_word' id='word_1_226' title='bbox 2450 3089 2623 3154; x_wconf 90' lang='lat' dir='ltr'><strong>arbi-</strong></span> 
     </span>
     <span class='ocr_line' id='line_1_27' title="bbox 489 3196 2624 3288; baseline 0 -28"><span class='ocrx_word' id='word_1_227' title='bbox 489 3199 1086 3288; x_wconf 38' lang='lat' dir='ltr'><strong>trafi.·Thebanum</strong></span> <span class='ocrx_word' id='word_1_228' title='bbox 1138 3197 1499 3286; x_wconf 89' lang='lat' dir='ltr'><strong>appellabat</strong></span> <span class='ocrx_word' id='word_1_229' title='bbox 1532 3197 1726 3279; x_wconf 89' lang='lat' dir='ltr'><strong>alius,</strong></span> <span class='ocrx_word' id='word_1_230' title='bbox 1781 3197 1895 3284; x_wconf 87' lang='lat' dir='ltr'><strong>qui</strong></span> <span class='ocrx_word' id='word_1_231' title='bbox 1931 3196 2440 3260; x_wconf 87' lang='lat' dir='ltr'><strong>Grammaticum</strong></span> <span class='ocrx_word' id='word_1_232' title='bbox 2473 3196 2624 3261; x_wconf 89' lang='lat' dir='ltr'><strong>Ale-</strong></span> 
     </span>
     <span class='ocr_line' id='line_1_28' title="bbox 493 3301 2628 3393; baseline 0 -27"><span class='ocrx_word' id='word_1_233' title='bbox 493 3303 882 3367; x_wconf 85' lang='lat' dir='ltr'><strong>xandrinum</strong></span> <span class='ocrx_word' id='word_1_234' title='bbox 911 3328 1062 3368; x_wconf 91' lang='lat' dir='ltr'><strong>cum</strong></span> <span class='ocrx_word' id='word_1_235' title='bbox 1095 3303 1381 3387; x_wconf 74' lang='lat' dir='ltr'><strong>notiore,</strong></span> <span class='ocrx_word' id='word_1_236' title='bbox 1413 3319 1607 3393; x_wconf 86' lang='lat' dir='ltr'><strong>poeta</strong></span> <span class='ocrx_word' id='word_1_237' title='bbox 1628 3303 1977 3384; x_wconf 85' lang='lat' dir='ltr'><strong>Theban0,</strong></span> <span class='ocrx_word' id='word_1_238' title='bbox 2014 3301 2442 3392; x_wconf 86' lang='lat' dir='ltr'><strong>permutabat.</strong></span> <span class='ocrx_word' id='word_1_239' title='bbox 2472 3302 2628 3366; x_wconf 89' lang='lat' dir='ltr'><strong>Suc-</strong></span> 
     </span>
     <span class='ocr_line' id='line_1_29' title="bbox 494 3408 2624 3498; baseline -0.001 -25"><span class='ocrx_word' id='word_1_240' title='bbox 494 3411 698 3473; x_wconf 88' lang='lat' dir='ltr'><strong>currit</strong></span> <span class='ocrx_word' id='word_1_241' title='bbox 721 3427 785 3474; x_wconf 91' lang='lat' dir='ltr'><strong>et</strong></span> <span class='ocrx_word' id='word_1_242' title='bbox 820 3411 939 3478; x_wconf 89' lang='lat' dir='ltr'><strong>alia</strong></span> <span class='ocrx_word' id='word_1_243' title='bbox 967 3411 1255 3498; x_wconf 83' lang='lat' dir='ltr'><strong>opinatio</strong></span> <span class='ocrx_word' id='word_1_244' title='bbox 1271 3460 1288 3492; x_wconf 94' lang='lat'><strong>,</strong></span> <span class='ocrx_word' id='word_1_245' title='bbox 1315 3427 1647 3476; x_wconf 90' lang='lat' dir='ltr'><strong>auctorem</strong></span> <span class='ocrx_word' id='word_1_246' title='bbox 1674 3410 1911 3475; x_wconf 89' lang='lat' dir='ltr'><strong>Iliados</strong></span> <span class='ocrx_word' id='word_1_247' title='bbox 1931 3410 2170 3476; x_wconf 83' lang='lat' dir='ltr'><strong>Latinoe</strong></span> <span class='ocrx_word' id='word_1_248' title='bbox 2195 3408 2463 3498; x_wconf 83' lang='lat' dir='ltr'><strong>fortasse</strong></span> <span class='ocrx_word' id='word_1_249' title='bbox 2488 3430 2624 3472; x_wconf 89' lang='lat' dir='ltr'><strong>non</strong></span> 
     </span>
     <span class='ocr_line' id='line_1_30' title="bbox 493 3513 2627 3606; baseline -0 -26"><span class='ocrx_word' id='word_1_250' title='bbox 493 3515 846 3581; x_wconf 88' lang='lat' dir='ltr'><strong>Pindarum</strong></span> <span class='ocrx_word' id='word_1_251' title='bbox 868 3567 885 3598; x_wconf 91' lang='lat'><strong>,</strong></span> <span class='ocrx_word' id='word_1_252' title='bbox 916 3516 1031 3581; x_wconf 86' lang='lat' dir='ltr'><strong>sed</strong></span> <span class='ocrx_word' id='word_1_253' title='bbox 1045 3517 1418 3582; x_wconf 84' lang='lat' dir='ltr'><strong>Pandarum</strong></span> <span class='ocrx_word' id='word_1_254' title='bbox 1434 3517 1819 3606; x_wconf 87' lang='lat' dir='ltr'><strong>inscriptum</strong></span> <span class='ocrx_word' id='word_1_255' title='bbox 1844 3538 2011 3598; x_wconf 88' lang='lat' dir='ltr'><strong>esse,</strong></span> <span class='ocrx_word' id='word_1_256' title='bbox 2032 3516 2147 3603; x_wconf 88' lang='lat' dir='ltr'><strong>qui</strong></span> <span class='ocrx_word' id='word_1_257' title='bbox 2166 3538 2202 3578; x_wconf 87' lang='lat' dir='ltr'><strong>e</strong></span> <span class='ocrx_word' id='word_1_258' title='bbox 2219 3513 2627 3603; x_wconf 89' lang='lat' dir='ltr'><strong>principibus</strong></span> 
     </span>
     <span class='ocr_line' id='line_1_31' title="bbox 491 3620 2627 3710; baseline -0.001 -25"><span class='ocrx_word' id='word_1_259' title='bbox 491 3623 724 3704; x_wconf 83' lang='lat' dir='ltr'><strong>Trojan</strong></span> <span class='ocrx_word' id='word_1_260' title='bbox 733 3645 944 3704; x_wconf 90' lang='lat' dir='ltr'><strong>orum,</strong></span> <span class='ocrx_word' id='word_1_261' title='bbox 965 3621 1144 3710; x_wconf 90' lang='lat' dir='ltr'><strong>quod</strong></span> <span class='ocrx_word' id='word_1_262' title='bbox 1165 3623 1293 3686; x_wconf 87' lang='lat' dir='ltr'><strong>telo</strong></span> <span class='ocrx_word' id='word_1_263' title='bbox 1311 3623 1378 3686; x_wconf 86' lang='lat' dir='ltr'><strong>in</strong></span> <span class='ocrx_word' id='word_1_264' title='bbox 1397 3622 1657 3687; x_wconf 84' lang='lat' dir='ltr'><strong>Graecos</strong></span> <span class='ocrx_word' id='word_1_265' title='bbox 1676 3623 1969 3702; x_wconf 86' lang='lat' dir='ltr'><strong>conjecto</strong></span> <span class='ocrx_word' id='word_1_266' title='bbox 1989 3621 2197 3685; x_wconf 85' lang='lat' dir='ltr'><strong>foedus</strong></span> <span class='ocrx_word' id='word_1_267' title='bbox 2217 3635 2367 3685; x_wconf 89' lang='lat' dir='ltr'><strong>ante</strong></span> <span class='ocrx_word' id='word_1_268' title='bbox 2382 3620 2627 3684; x_wconf 85' lang='lat' dir='ltr'><strong>factum</strong></span> 
     </span>
     <span class='ocr_line' id='line_1_32' title="bbox 491 3726 2631 3817; baseline -0 -27"><span class='ocrx_word' id='word_1_269' title='bbox 491 3743 783 3816; x_wconf 84' lang='lat' dir='ltr'><strong>ruperat,</strong></span> <span class='ocrx_word' id='word_1_270' title='bbox 821 3729 970 3792; x_wconf 88' lang='lat' dir='ltr'><strong>belli</strong></span> <span class='ocrx_word' id='word_1_271' title='bbox 999 3728 1259 3808; x_wconf 83' lang='lat' dir='ltr'><strong>Trojani</strong></span> <span class='ocrx_word' id='word_1_272' title='bbox 1293 3728 1684 3817; x_wconf 87' lang='lat' dir='ltr'><strong>principium</strong></span> <span class='ocrx_word' id='word_1_273' title='bbox 1720 3745 1785 3792; x_wconf 90' lang='lat' dir='ltr'><strong>et</strong></span> <span class='ocrx_word' id='word_1_274' title='bbox 1813 3727 2213 3791; x_wconf 85' lang='lat' dir='ltr'><strong>incentivum</strong></span> <span class='ocrx_word' id='word_1_275' title='bbox 2244 3726 2405 3806; x_wconf 81' lang='lat' dir='ltr'><strong>fuit,</strong></span> <span class='ocrx_word' id='word_1_276' title='bbox 2434 3743 2500 3790; x_wconf 87' lang='lat' dir='ltr'><strong>et</strong></span> <span class='ocrx_word' id='word_1_277' title='bbox 2524 3727 2631 3790; x_wconf 87' lang='lat' dir='ltr'><strong>bis</strong></span> 
     </span>
     <span class='ocr_line' id='line_1_33' title="bbox 491 3833 2631 3923; baseline 0 -27"><span class='ocrx_word' id='word_1_278' title='bbox 491 3851 670 3897; x_wconf 85' lang='lat' dir='ltr'><strong>terve</strong></span> <span class='ocrx_word' id='word_1_279' title='bbox 694 3835 761 3897; x_wconf 90' lang='lat' dir='ltr'><strong>in</strong></span> <span class='ocrx_word' id='word_1_280' title='bbox 791 3835 932 3923; x_wconf 90' lang='lat' dir='ltr'><strong>ipso</strong></span> <span class='ocrx_word' id='word_1_281' title='bbox 957 3835 1242 3903; x_wconf 87' lang='lat' dir='ltr'><strong>carmine</strong></span> <span class='ocrx_word' id='word_1_282' title='bbox 1268 3835 1665 3914; x_wconf 85' lang='lat' dir='ltr'><strong>nominatur.</strong></span> <span class='ocrx_word' id='word_1_283' title='bbox 1690 3836 1832 3901; x_wconf 89' lang='lat' dir='ltr'><strong>Hoc</strong></span> <span class='ocrx_word' id='word_1_284' title='bbox 1852 3857 2093 3898; x_wconf 86' lang='lat' dir='ltr'><strong>nornen</strong></span> <span class='ocrx_word' id='word_1_285' title='bbox 2117 3834 2421 3914; x_wconf 88' lang='lat' dir='ltr'><strong>carmini,</strong></span> <span class='ocrx_word' id='word_1_286' title='bbox 2445 3833 2631 3920; x_wconf 86' lang='lat' dir='ltr'><strong>quod</strong></span> 
     </span>
     <span class='ocr_line' id='line_1_34' title="bbox 417 3939 2629 4030; baseline 0.002 -28"><span class='ocrx_word' id='word_1_287' title='bbox 417 3949 422 3956; x_wconf 77' lang='grc'>’</span> <span class='ocrx_word' id='word_1_288' title='bbox 495 3941 717 4004; x_wconf 90' lang='lat' dir='ltr'><strong>multis</strong></span> <span class='ocrx_word' id='word_1_289' title='bbox 748 3940 814 4003; x_wconf 92' lang='lat' dir='ltr'><strong>in</strong></span> <span class='ocrx_word' id='word_1_290' title='bbox 851 3939 1185 4004; x_wconf 86' lang='lat' dir='ltr'><strong>codicibus</strong></span> <span class='ocrx_word' id='word_1_291' title='bbox 1225 3941 1303 4005; x_wconf 77' lang='lat' dir='ltr'><strong>de</strong></span> <span class='ocrx_word' id='word_1_292' title='bbox 1351 3939 1511 4006; x_wconf 79' lang='lat' dir='ltr'><strong>bello</strong></span> <span class='ocrx_word' id='word_1_293' title='bbox 1548 3941 1825 4030; x_wconf 71' lang='lat' dir='ltr'><strong>Trojano</strong></span> <span class='ocrx_word' id='word_1_294' title='bbox 1870 3941 2263 4022; x_wconf 85' lang='lat' dir='ltr'><strong>inscribitur,</strong></span> <span class='ocrx_word' id='word_1_295' title='bbox 2296 3940 2629 4028; x_wconf 83' lang='lat' dir='ltr'><strong>aptissime</strong></span> 
     </span>
     <span class='ocr_line' id='line_1_35' title="bbox 493 4043 2631 4135; baseline 0.001 -28"><span class='ocrx_word' id='word_1_296' title='bbox 493 4047 781 4131; x_wconf 75' lang='lat' dir='ltr'><strong>praeponi</strong></span> <span class='ocrx_word' id='word_1_297' title='bbox 815 4044 897 4108; x_wconf 87' lang='lat' dir='ltr'><strong>ad</strong></span> <span class='ocrx_word' id='word_1_298' title='bbox 925 4043 1418 4132; x_wconf 85' lang='lat' dir='ltr'><strong>exprimendum</strong></span> <span class='ocrx_word' id='word_1_299' title='bbox 1448 4048 1585 4127; x_wconf 88' lang='lat' dir='ltr'><strong>ejus</strong></span> <span class='ocrx_word' id='word_1_300' title='bbox 1610 4062 2066 4135; x_wconf 86' lang='lat' dir='ltr'><strong>argumentum</strong></span> <span class='ocrx_word' id='word_1_301' title='bbox 2095 4045 2365 4135; x_wconf 84' lang='lat' dir='ltr'><strong>putabat</strong></span> <span class='ocrx_word' id='word_1_302' title='bbox 2390 4046 2631 4110; x_wconf 84' lang='lat' dir='ltr'><strong>sciolus</strong></span> 
     </span>
     <span class='ocr_line' id='line_1_36' title="bbox 497 4149 2635 4240; baseline 0.002 -29"><span class='ocrx_word' id='word_1_303' title='bbox 497 4149 794 4234; x_wconf 88' lang='lat' dir='ltr'><strong>quidam,</strong></span> <span class='ocrx_word' id='word_1_304' title='bbox 837 4153 949 4236; x_wconf 86' lang='lat' dir='ltr'><strong>qui</strong></span> <span class='ocrx_word' id='word_1_305' title='bbox 980 4173 1053 4213; x_wconf 89' lang='lat' dir='ltr'><strong>ea</strong></span> <span class='ocrx_word' id='word_1_306' title='bbox 1081 4173 1148 4214; x_wconf 89' lang='lat' dir='ltr'><strong>re</strong></span> <span class='ocrx_word' id='word_1_307' title='bbox 1177 4153 1332 4216; x_wconf 89' lang='lat' dir='ltr'><strong>alios</strong></span> <span class='ocrx_word' id='word_1_308' title='bbox 1362 4152 1515 4217; x_wconf 87' lang='lat' dir='ltr'><strong>belli</strong></span> <span class='ocrx_word' id='word_1_309' title='bbox 1538 4153 1798 4233; x_wconf 86' lang='lat' dir='ltr'><strong>Trojani</strong></span> <span class='ocrx_word' id='word_1_310' title='bbox 1832 4153 2173 4240; x_wconf 86' lang='lat' dir='ltr'><strong>scriptores</strong></span> <span class='ocrx_word' id='word_1_311' title='bbox 2206 4151 2464 4216; x_wconf 83' lang='lat' dir='ltr'><strong>volebat</strong></span> <span class='ocrx_word' id='word_1_312' title='bbox 2490 4152 2635 4216; x_wconf 88' lang='lat' dir='ltr'><strong>imi-</strong></span> 
     </span>
    </p>
   </div>
  </div>
 </body>
</html>
