2975 4684
709 377 1171 450 EPITOME
1237 382 1377 451 ILI
1397 386 1440 451 A
1462 385 1659 453 DOS
1720 376 2149 459 HOMERI.

2354 390 2493 487 589

455 502 506 565 F
509 499 816 592 ortiaque
851 526 1034 570 arma
1067 502 1309 572 Thetin
1345 506 1625 600 supplex
1659 524 1850 603 rogat
1881 536 1897 577 :
1936 510 2047 579 illa
2088 512 2332 581 relictis
2418 545 2497 583 ³⁶0

454 605 833 695 Fluctibus,
868 610 1190 680 auxilium
1221 614 1505 683 Vulcani
1544 618 1852 710 protinus
1888 637 2052 690 orat.

553 720 817 788 Excitat
853 724 1142 791 AEtnaeos
1181 722 1414 793 calidis
1449 726 1831 797 fornacibus
1875 730 2057 823 ignes

454 826 806 915 Mulciber,
843 846 910 900 et
943 832 1177 901 validis
1213 834 1466 904 fulvum
1506 836 1737 906 domat
1780 840 2045 932 ignibus
2083 844 2357 914 aurum.'

455 940 618 1005 Mox
651 939 886 1009 effecta
924 941 1122 1011 refert
1158 943 1422 1039 divinis=
1448 946 1703 1015 artibus
1738 974 1960 1033 arma,

456 1050 544 1116 Et
579 1049 786 1119 donat
813 1052 1080 1121 Thetidi
1111 1078 1126 1120 ε
1160 1079 1308 1147 quae
1345 1071 1714 1150 postquam·
1733 1082 2015 1151 'magnus
2048 1062 2338 1131 Achilles
2418 1088 2492 1126 ⁸6⁵

454 1158 722 1243 Induit,
758 1161 1166 1257 inclypeum
1204 1164 1428 1234 vultus
1469 1168 1799 1236 convertit
1836 1183 2111 1241 atroces.

558 1266 702 1337 lllic
730 1270 1121 1364 Ignipotens
1150 1274 1380 1342 mundi
1421 1274 1764 1345 caelaverat
1791 1303 2012 1363 axem,

459 1376 853 1472 Sideraque,
888 1395 955 1449 et
995 1380 1322 1479 [liquidas
1361 1384 1700 1454 redimitas
1738 1387 2037 1483 undique
2079 1392 2442 1486 Nymphas.

456 1490 729 1557 Fecerat
763 1504 829 1557 et
863 1490 1032 1559 mira
1067 1489 1350 1586 liquidas
1382 1494 1703 1564 Nereidas
1740 1512 1911 1580 arte,

455 1596 842 1695 Oceanum]
867 1614 1112 1687 terraS,
1147 1617 1216 1669 et
1245 1618 1513 1672 euntem
1550 1606 1763 1673 Nerea
1801 1606 2083 1693 circum,
2421 1638 2493 1688 οἳ..

433 1830 551 1883 861.
578 1834 978 1902 AuxiliisaIgati
997 1833 1184 1886 vitiose
1208 1832 1274 1887 G.
1297 1854 1344 1885 ι.

432 1910 550 1961 862.
583 1914 804 1962 AEenoeos
840 1916 977 1979 ignes
1018 1912 1106 1965 hic
1145 1913 1384 1967 nominat

361 1986 659 2043 Homer-ista
679 1988 968 2062 Virgilium
994 1991 1208 2044 imitans
1227 2030 1242 2054 ,
1263 1994 1382 2045 AEn.

364 2066 499 2119 VIII
517 2104 532 2127 ,
567 2086 615 2119 ν.
639 2075 742 2135 419
763 2086 908 2140 seqq.
929 2088 1034 2121 non
1057 2069 1348 2124 Homerum
1367 2110 1382 2131 ‚

361 2146 454 2215 qni
473 2150 689 2199 AEtnam
727 2147 1036 2221 flagrantem
1076 2160 1126 2201 et
1156 2150 1385 2203 Vulcani

360 2225 414 2277 in
441 2244 504 2277 ea
529 2224 804 2279 officinam
847 2228 1074 2298 ignorat.
1111 2228 1198 2281 Sic
1242 2227 1384 2301 apud

362 2303 714 2377 chosianum
756 2305 822 2359 de
853 2308 1089 2360 Concub.
1121 2308 1304 2361 Martis
1333 2319 1386 2359 et

362 2383 586 2437 Veneris
601 2425 616 2450 ,
642 2404 692 2437 v.
713 2384 809 2437 163
824 2422 840 2447 ,
863 2386 1136 2439 Vulcanus
1155 2428 1170 2450 ,
1195 2398 1252 2439 ut
1271 2386 1386 2439 vin-

362 2463 480 2515 cula
527 2462 790 2535 illigandis
835 2464 1086 2519 adulteris
1133 2466 1382 2532 fabricet,

363 2567 388 2585 κ
405 2542 570 2594 Anu-a
593 2543 773 2596 furens
785 2548 987 2597 AEtnaea
1009 2544 1142 2616 petit
1162 2569 1203 2598 ι».

439 2622 556 2686 864.
592 2628 718 2675 Mox
758 2624 942 2691 effecta
980 2626 1168 2689 resen:
1205 2624 1282 2677 sic
1317 2624 1381 2676 H.

364 2700 430 2753 G.
457 2719 481 2753 1
528 2714 578 2755 et
621 2722 666 2756 ει.
701 2703 948 2775 Vulgatae
988 2722 1109 2755 cum
1151 2704 1216 2769 A.
1259 2710 1386 2755 Mox

362 2781 740 2850 effectaserens.

437 2861 554 2915 865.
579 2862 820 2934 Vulgata
837 2866 1016 2914 Evolat
1029 2864 1103 2913 ad
1113 2864 1358 2913 Thetidem
1368 2899 1383 2920 ,

361 2940 508 3009 quod
541 2942 760 2993 minime
797 2954 982 3013 aptum
1023 2954 1102 2994 est
1117 2941 1386 3013 Vulcano,

365 3019 456 3088 qui
483 3020 702 3073 claudus
731 3019 1048 3073 describitur
1082 3020 1150 3071 ab
1189 3019 1386 3071 Home·

363 3115 445 3149 ro.
479 3128 548 3137 —-
581 3098 648 3151 Et
684 3111 968 3169 propterea
1008 3102 1220 3165 tardipes
1253 3102 1384 3149 Deus

367 3187 584 3229 vocatur
603 3196 631 3231 a
653 3177 880 3243 Catullo,
898 3178 1074 3231 Carm.
1097 3179 1179 3231 31.
1197 3176 1300 3229 Ευ.
1315 3208 1385 3217 -

365 3254 500 3308 Hinc
526 3256 590 3310 G.
623 3276 647 3310 ῐ
681 3260 898 3309 Advolat
929 3271 979 3309 ee
1014 3260 1205 3317 Thetis,
1239 3254 1385 3326 quod

366 3347 537 3387 metro
569 3334 914 3389 adversatur:
954 3349 1007 3389 et
1049 3336 1114 3389 G.
1155 3356 1183 3389 2
1215 3335 1385 3407 dupli-

367 3432 478 3467 cem
511 3415 789 3468 lectionem
828 3416 1040 3469 exhibet
1074 3432 1220 3467 more
1257 3434 1354 3467 suo
1367 3456 1384 3483 ,

367 3498 434 3543 Ee
465 3498 640 3546 donat'
663 3498 880 3557 Thetidi,
923 3496 1082 3548 simul
1123 3514 1280 3567 supra
1322 3500 1389 3546 Et

367 3577 513 3625 volae
559 3579 632 3627 ad
684 3578 929 3627 Thaidem
946 3614 961 3636 ,
1016 3574 1284 3647 quomodo
1333 3586 1386 3627 et

366 3650 583 3707 Helmst.
597 3654 742 3708 Prius
763 3654 1317 3708 convenientissimum
1335 3663 1388 3706 et

366 3749 398 3783 a
425 3750 511 3785 me
539 3745 810 3805 receptum
837 3744 928 3787 est.

439 3812 558 3881 867.
587 3817 698 3865 Illic
721 3814 1004 3883 Ignipotens
1019 3852 1036 3875 ,
1069 3814 1103 3865 i.
1123 3832 1169 3866 e.
1190 3811 1391 3865 Vulca-

365 3908 482 3943 nus.
503 3890 628 3943 Vid.
649 3911 766 3963 quse
785 3890 1015 3945 diximus
1031 3890 1098 3944 nd
1121 3910 1252 3944 vers.
1275 3890 1390 3946 105.

367 3971 470 4022 Pro
513 3990 663 4022 axem
704 3970 884 4024 malim
927 3992 1080 4032 axes,
1123 3967 1270 4041 quod
1313 3983 1394 4022 est

368 4050 420 4101 in
447 4048 512 4102 G.
540 4070 584 4101 2.
627 4056 806 4100 Arcem
847 4050 1031 4103 scribit
1069 4049 1133 4102 H.
1159 4048 1391 4100 Videtur

371 4128 630 4199 respicere
647 4128 803 4179 ovid.
825 4128 1039 4181 Metam.
1061 4128 1222 4193 xm,
1249 4146 1268 4179 1
1285 4146 1346 4179 ῐο
1368 4147 1382 4179 :

1471 1858 1497 1879 ι-
1514 1834 1623 1887 Nec
1643 1833 1866 1905 clypeus
1892 1841 2023 1889 vasti
2041 1838 2253 1891 caelatus
2273 1841 2498 1913 imagine

1472 1912 1661 1967 mundi
1687 1938 1727 1965 a.
1768 1913 1947 1968 Verba
2000 1919 2331 1987 sequentium
2378 1942 2493 1977 ver-

1469 2010 1658 2053 suum,
1689 2006 1808 2063 quae
1852 1992 2003 2046 uncis
2042 1994 2379 2065 inclusimus,
2412 2001 2497 2055 de-

1473 2068 1631 2123 lenda
1680 2083 1805 2123 sunt
1860 2083 1920 2123 ut
1948 2074 2127 2142 spuria
2152 2094 2165 2127 :
2204 2078 2351 2147 quod
2396 2081 2490 2135 de-

1471 2150 1891 2203 monstravimus
1914 2150 2153 2205 Excursu
2176 2158 2428 2213 secundo.

1546 2228 1662 2297 870.
1692 2234 1895 2287 Terras,
1918 2244 1968 2279 ee
1986 2232 2195 2285 cinctum
2214 2240 2377 2288 Nerea
2397 2245 2493 2292 cir-

1471 2326 1605 2366 caan,
1624 2308 1703 2359 sic
1728 2325 1912 2361 omnes
1936 2306 2065 2361 editi
2085 2329 2205 2364 cum
2234 2315 2327 2369 MS
2345 2317 2409 2371 G.
2434 2340 2459 2372 2
2479 2360 2494 2383 ,

1472 2387 1569 2457 qui
1597 2398 1769 2439 tamen
1798 2399 1851 2439 et
1876 2390 2075 2439 cineam
2106 2389 2285 2455 addit,
2302 2381 2505 2455 ’absur'ss

1471 2464 1555 2518 de.
1565 2465 1739 2518 Guelf.
1761 2485 1783 2517 1
1808 2466 2048 2538 quidem,
2069 2469 2132 2521 A.
2152 2482 2204 2523 et
2222 2474 2280 2525 L.
2300 2474 2497 2531 habent

1471 2548 1609 2595 eet-ris
1646 2559 1697 2595 et
1727 2548 1967 2607 cinctum,
2000 2548 2146 2618 quod
2191 2563 2363 2607 tamen
2396 2558 2494 2611 ad-

1472 2624 1609 2675 mitti
1652 2624 1869 2695 nequit,
1904 2644 2073 2697 quum
2110 2640 2163 2680 et
2198 2644 2383 2699 cert-hs,
2432 2652 2493 2690 ut

1470 2700 1773 2756 distinctam
1826 2717 2033 2775 partem
2097 2708 2357 2777 universi,
2408 2716 2496 2772 hic

1471 2782 1749 2835 nominare
1788 2800 1998 2836 necesse
2038 2786 2105 2837 sit
2122 2824 2137 2849 ,
2176 2802 2229 2841 et
2266 2793 2465 2849 Nereus
2484 2840 2498 2861 ‚

1472 2861 1525 2913 h.
1550 2880 1597 2914 e.
1620 2880 1797 2926 mare,
1820 2864 1969 2915 terris
2010 2866 2214 2921 cinctus
2258 2870 2362 2925 dici
2403 2896 2494 2927 ne-

1474 2952 1635 3011 queat
1654 2978 1669 3002 ‚
1694 2941 1789 3011 qui
1811 2954 1997 2995 contra
2022 2944 2189 3015 cingit
2211 2959 2387 3005 terras.
2408 2956 2494 3007 Sic

1473 3018 1629 3071 Ov'rid.
1654 3020 1777 3071 Met.
1798 3019 1879 3083 11,
1898 3023 1930 3071 6
1948 3058 1963 3083 ‚
1999 3038 2157 3093 quem
2176 3026 2367 3082 Noster
2383 3035 2496 3085 sine

1472 3096 1639 3150 dubio
1668 3098 1930 3168 respexit:
1976 3126 1999 3147 ι
2023 3104 2261 3173 AEquora
2288 3110 2497 3167 caelarat

1472 3177 1671 3230 medias
1708 3176 1974 3247 cingentia
2012 3191 2177 3234 terras
2196 3192 2245 3236 »ζ
2283 3187 2497 3243 Priscia-

1473 3274 1576 3308 nus
1595 3293 1609 3320 ,
1649 3256 1800 3309 initio
1829 3256 2087 3327 Perieges.
2140 3286 2165 3306 α
2184 3264 2453 3321 Oceanum
2480 3310 2495 3335 ,

1473 3334 1632 3389 tellus
1676 3353 1786 3406 quo
1825 3336 2055 3407 cingitur
2086 3358 2298 3411 aeqnore
2325 3358 2433 3403 tota
2453 3350 2494 3404 ἑ.

1471 3414 1537 3466 Et
1575 3415 1715 3466 cous.
1758 3432 1877 3485 qun
1916 3413 2148 3470 diximus
2192 3422 2260 3475 ad
2305 3426 2497 3482 Lucilii

1473 3497 1685 3545 AEtnam
1702 3531 1717 3558 ,
1742 3512 1789 3545 v.
1810 3490 1895 3560 93.
1922 3495 2205 3565 Propterea
2244 3514 2296 3555 et
2319 3504 2495 3560 Nostri

1473 3570 1640 3624 dictio
1670 3575 1879 3623 cineum
1916 3579 2081 3627 Nerea
2110 3579 2288 3633 cei-cum
2316 3602 2495 3657 suspe-

1473 3664 1555 3705 cta
1586 3652 1753 3705 videri
1776 3665 1964 3724 potest.
1997 3654 2244 3709 Bai-thius
2268 3662 2301 3713 l.
2324 3682 2367 3715 c.
2391 3666 2493 3737 legi

1475 3731 1589 3783 vult
1636 3747 1684 3783 ee
1724 3746 1912 3783 euntem
1953 3738 2141 3795 Nerea,
2194 3740 2339 3809 quod
2374 3762 2497 3800 sane

1477 3811 1725 3880 probo,et
1750 3813 1876 3883 quia
1902 3814 2087 3866 melius
2116 3815 2247 3869 nihil
2267 3825 2416 3881 novi.
2442 3828 2495 3879 in

1481 3902 1681 3943 textum
1702 3891 1893 3961 recepi.
1928 3890 2101 3945 Potest
2120 3904 2293 3950 tamen
2314 3905 2497 3958 cinctus

1481 3973 1661 4020 circum
1684 3982 1883 4023 mutato
1900 3988 2059 4023 sensu
2081 3972 2149 4023 ab
2174 3990 2389 4033 auctore
2408 4002 2499 4055 po-

1479 4049 1637 4101 situm
1662 4068 1774 4102 esse
1797 4068 1897 4121 pro
1920 4053 2273 4106 circumductus
2299 4062 2381 4113 vel
2408 4068 2501 4115 eir-

1477 4129 1726 4195 cemfiaesm
1743 4167 1758 4188 ,
1794 4140 1954 4199 atque
2006 4128 2139 4183 adeo
2174 4144 2245 4188 τῶ
2296 4142 2501 4195 cinctum
