2975 4684
601 347 1067 418 LICENTII
1117 347 1544 418 CARMEN
1594 349 1731 417 AD
1780 347 2338 418 AUGUSTIN.
2420 343 2513 440 59

465 477 561 541 xl
592 493 657 541 et
687 479 835 542 XII.
863 476 1046 541 Idem
1081 479 1148 540 in
1178 477 1438 543 duobus
1469 479 1949 568 Epithalamiis,
1978 500 2123 566 quae
2160 477 2397 543 dehinc
2424 499 2519 542 se-

378 599 698 671 quuntur,
723 583 1064 648 observare
1095 584 1346 668 licebit,
1374 585 1430 649 si
1459 609 1611 650 cum
1638 585 1777 650 aliis
1803 583 2101 674 pluribus
2118 631 2136 666 ‚
2165 606 2310 671 quae
2341 583 2515 673 apud

377 705 602 777 poetas
657 690 1058 777 antiquiores
1100 706 1367 767 *exstant
1385 739 1403 773 ‚
1445 691 1883 755 conserantur.
1933 689 2226 754 Alterum
2284 712 2513 754 eorum
2560 713 2567 724 ·

375 783 664 884 Auspicii
687 807 752 859 et
771 795 1004 876 Aelloe,
1030 813 1294 861 auctore
1310 845 1328 880 ,
1354 813 1433 861 ut
1459 812 1646 885 pute,
1671 797 2006 879 Prrmcm,
2031 795 2281 883 primus
2308 793 2512 860 edidit

373 899 676 964 Barthius
711 900 782 963 in
819 917 1168 966 comment.
1202 901 1286 966 ad
1321 901 1551 966 Claud.
1582 923 1728 990 pag.
1764 901 1931 983 462,
1959 899 2082 964 sub
2120 899 2315 966 finem
2357 901 2514 988 Epi-

376 1005 667 1069 thalamii
715 1005 980 1070 Palladii
1030 1023 1097 1071 et
1147 1007 1495 1091 Celerinae;
1528 1009 1801 1072 alterum
1844 1007 2205 1087 Laurentii,
2249 1021 2515 1070 auctore

375 1111 650 1194 incerto,
673 1112 818 1177 Nic.
833 1113 1138 1178 Heinsius
1161 1135 1197 1177 e
1214 1129 1471 1178 vetusto
1495 1111 1830 1178 Claudiani
1854 1111 2077 1178 codice
2100 1111 2515 1178 Bibliothecae

379 1216 824 1282 Ambrosianae
857 1217 1213 1308 descripsit.
1249 1221 1624 1307 Utrumque
1640 1222 2051 1285 Burmannus
2074 1218 2337 1283 Anthol.
2372 1217 2509 1283 Lat.

371 1321 542 1386 libro
566 1325 688 1406 VI,
723 1325 846 1389 sub
889 1323 1087 1390 finem
1131 1325 1425 1391 inseruit.
1471 1326 1801 1409 Quoniam
1837 1325 1920 1392 de
1954 1326 2057 1390 his
2089 1324 2515 1414 epithalamiis
2577 1349 2585 1357 ·

372 1448 740 1517 eorumque
774 1430 1184 1512 auctoribus,
1213 1447 1281 1496 et
1322 1431 1626 1496 universo
1673 1455 1941 1522 genere,
1973 1429 2251 1519 amplius
2286 1451 2512 1520 agere,

373 1533 684 1622 singulari
708 1536 1080 1625 praefatione
1095 1585 1114 1619 ‚
1139 1537 1218 1600 iis
1241 1537 1719 1625 praemittenda,
1742 1537 1905 1602 mihi
1927 1537 2357 1602 constitutum
2386 1550 2514 1620 est,

376 1662 558 1704 nunc
590 1640 856 1728 quidem
891 1642 1078 1730 plura
1115 1640 1329 1707 dicere
1365 1641 1777 1731 supersedeo,

461 1745 646 1812 xm.
686 1747 772 1811 Et
813 1733 899 1811 de
943 1748 1243 1814 Lxcmrm
1293 1751 1571 1812 carmine
1602 1747 1699 1812 ad
1726 1751 2159 1836 Augustinum
2175 1794 2197 1828 ,
2247 1747 2514 1834 ejusque

373 1866 642 1916 auctore
687 1868 754 1916 et
795 1851 1218 1942 argumente,
1249 1877 1544 1918 seorsum
1578 1877 1765 1944 agam
1806 1876 1927 1917 suo
1970 1853 2151 1938 1000,
2186 1876 2331 1942 quoe
2355 1874 2512 1916 vero

375 1955 608 2021 ultimo
660 1959 807 2023 loco
851 1961 1006 2024 XIV
1057 1961 1268 2048 posita
1317 1978 1417 2026 est
1459 1965 1752 2051 Epitome
1792 1959 2033 2025 Iliados
2078 1961 2340 2024 Homeri
2380 1975 2512 2022 tam

371 2063 695 2128 variarum
728 2089 946 2130 rerum
979 2066 1499 2155 disquisitionem
1530 2067 1849 2156 postulat,
1878 2067 1975 2130 uti
2016 2067 2328 2154 ampliore
2372 2087 2509 2128 ser-

374 2191 574 2233 mone
605 2193 708 2235 eas
743 2195 1066 2262 exponere
1099 2195 1358 2238 necesse
1393 2173 1496 2239 sit.
1527 2176 1756 2262 Itaque
1786 2190 1854 2239 et
1882 2174 2039 2238 huic
2070 2172 2352 2263 poemati
2384 2171 2514 2234 sin-

373 2276 596 2364 gulare
624 2281 1011 2366 prooemium
1041 2281 1374 2346 destinavi.
