2975 4684
743 421 878 488 AD
927 421 1272 490 SALEII
1335 423 1615 491 BASSI
1681 425 2126 494 CARMEN.
2352 427 2490 523 293

365 541 705 606 vernacula
751 557 974 606 nostra
1021 543 1172 606 satis
1218 542 1452 608 idonea
1490 544 1895 626 continetur,
1945 560 2020 609 ut
2067 544 2149 609 ad
2200 549 2492 615 Latinam

365 643 647 738 linguam
679 641 1030 733 confugere
1062 667 1198 708 non
1233 667 1497 710 necesse
1528 645 1629 708 sit.

427 744 554 810 Sed
577 741 659 809 de
679 745 897 832 phra‘si
917 745 1038 810 ista
1055 746 1148 810 ad
1161 748 1390 812 incitas
1413 745 1924 836 redigere‚'quam
1944 751 2243 836 superius
2271 773 2305 814 a
2330 752 2489 816 ludo

361 847 874 911 latrunculorum
908 845 1168 912 ductam
1203 871 1345 915 esse
1369 848 1648 913 diximus
1664 897 1683 931 ‚
1708 849 1913 914 facere
1946 871 2079 912 non
2107 873 2455 938 possumus
2472 903 2491 936 ,

361 947 522 1035 quin
549 948 677 1012 hoc
701 949 847 1027 loco
882 949 1100 1038 paullo
1135 949 1404 1015 uberius
1429 949 1857 1040 disputemus.
1892 951 1991 1014 De
2022 949 2207 1030 cujus
2239 953 2491 1042 origine

359 1064 426 1113 et
451 1071 646 1114 sensu
672 1051 982 1138 quoniam
1009 1051 1332 1138 Iosephus
1358 1051 1637 1142 Scaliger
1668 1073 1809 1115 eam
1842 1053 2225 1116 sententiam
2254 1055 2494 1142 profes-

358 1171 469 1214 sus
495 1167 624 1234 est,
649 1173 848 1239 quam
863 1201 882 1234 ,
901 1152 1098 1240 vulgo
1120 1151 1270 1217 licet
1296 1169 1617 1241 receptam
1642 1170 1708 1217 et
1728 1153 2149 1240 approbatam
2167 1203 2185 1236 ,
2208 1157 2489 1221 multum

356 1274 392 1316 a
412 1274 568 1316 vero
597 1253 894 1318 aberrare
919 1251 1286 1334 judicamus
1307 1303 1326 1336 ,
1351 1256 1561 1344 placet
1590 1277 1770 1318 nunc
1799 1277 1941 1319 eam
1974 1253 2343 1346 diligentius
2377 1280 2489 1322 ex-

355 1375 602 1443 ponere
621 1404 638 1430 ,
673 1371 739 1418 et
769 1377 808 1419 a
836 1377 1134 1444 perversa
1166 1356 1699 1445 interpretatione
1730 1354 2059 1421 vindicare
2078 1405 2097 1438 ,
2132 1379 2258 1444 qua
2292 1380 2490 1447 opera

353 1455 546 1520 simul
579 1457 894 1520 nonnulla
925 1455 1006 1521 ad
1039 1457 1371 1538 meliorem
1402 1458 1606 1546 ipsius
1630 1456 1769 1521 ludi
1802 1457 2297 1524 illustrationem
2333 1484 2491 1549 pro-

355 1558 520 1622 ferre
541 1558 776 1622 licebit.
804 1557 1074 1623 Phrasin
1096 1558 1191 1622 ad
1210 1562 1435 1624 incitas
1451 1560 1553 1624 vel
1578 1563 1770 1624 incita
1792 1558 2071 1648 redigere
2090 1561 2487 1650 antiquiores

353 1659 648 1748 inprimis
679 1661 1022 1749 scriptores
1061 1659 1434 1749 frequenter
1468 1676 1902 1748 usurparunt,
1943 1676 2008 1724 et
2034 1662 2289 1726 Nonius
2316 1663 2488 1726 Mar-

353 1762 584 1844 cellus,
605 1764 760 1849 Cap.
789 1785 824 1826 2
843 1811 862 1842 ,
898 1786 964 1826 n.
997 1765 1124 1840 422
1144 1811 1163 1844 ‚
1187 1763 1436 1850 aliquot
1461 1763 1638 1826 locos
1666 1761 1873 1825 Plauti
1904 1777 1967 1825 et
1984 1763 2213 1826 Lucilii
2240 1765 2483 1828 recitat.

353 1863 466 1926 Ille
491 1864 782 1928 Trinum.
813 1881 936 1928 act.
969 1865 1032 1928 II
1055 1912 1072 1945 ‚
1114 1868 1153 1942 4
1175 1914 1191 1941 ,
1230 1864 1388 1928 136:

631 2017 733 2070 Alii
761 2017 1051 2068 exsulatum
1077 2015 1344 2082 abierunt,
1373 2017 1462 2070 alii
1489 2017 1743 2083 emortui,
1772 2017 1861 2069 alii
1890 2035 1946 2069 se
1970 2017 2307 2087 suspendere.

633 2101 802 2154 Hem!
834 2119 976 2153 nunc
1004 2099 1094 2152 hic
1121 2103 1270 2172 cujus
1299 2111 1378 2152 est
1395 2139 1410 2165 ,
1444 2113 1504 2152 ut
1532 2099 1599 2153 ad
1627 2099 1816 2152 incitas
1845 2099 2109 2152 redactus.

355 2257 534 2322 Idem
572 2260 636 2322 in
674 2259 853 2322 Poen.
889 2257 1000 2338 IV,
1035 2281 1072 2320 2
1097 2305 1115 2337 ,
1145 2258 1260 2322 85:

642 2450 1220 2465 .................
1219 2398 1224 2404 ’
1244 2451 1256 2463 .
1278 2450 1290 2462 .
1314 2451 1326 2464 .
1349 2450 1361 2462 .
1384 2451 1397 2463 .
1419 2450 1432 2462 .
1454 2451 1466 2462 .
1490 2414 1701 2468 ‚tacitus
1737 2425 1849 2468 tace
1878 2413 2073 2478 modo,

633 2497 876 2550 Profecto
902 2496 970 2550 ad
997 2497 1182 2551 incitas
1209 2497 1455 2550 lenonem
1477 2497 1706 2569 rediget,
1743 2497 1787 2550 si
1816 2517 1903 2550 eas
1929 2497 2235 2562 abduxerit3

630 2581 774 2647 Quin
797 2582 948 2653 prius
971 2580 1270 2650 disperibit,
1295 2581 1418 2636 faxo
1438 2621 1453 2644 ‚
1483 2599 1643 2653 qnam
1678 2599 1837 2634 unam
1866 2583 2063 2656 calcem
2096 2583 2295 2636 civerit.

347 2744 652 2827 Lucilius„
674 2744 785 2808 lib.
821 2745 916 2809 III
931 2794 949 2827 ,
973 2745 1104 2809 Sat.

625 2894 768 2948 Illud
788 2894 856 2948 ad
875 2895 1034 2950 incita
1057 2914 1222 2966 quum
1249 2893 1412 2961 redit,
1432 2907 1587 2965 atque
1618 2895 2053 2946 internecionem.

345 3055 525 3122 Idem
540 3107 557 3140 ,
597 3058 706 3122 lib.
746 3057 927 3122 XXV
951 3082 967 3121 ε

626 3213 880 3265 villicum
895 3213 1264 3266 Aristocratem
1281 3251 1296 3278 ,
1323 3210 1695 3264 mediastinum
1720 3223 1875 3282 atque
1900 3209 2192 3262 bubulcum

627 3294 1110 3350 commanducatus
1137 3295 1406 3366 corrupit,
1435 3294 1503 3346 ad
1531 3295 1694 3348 incita
1723 3293 1909 3364 adegit.

344 3467 440 3530 De
471 3466 593 3530 hac
621 3466 818 3556 igitur
842 3467 1057 3554 phrasi
1083 3467 1210 3530 sos.
1240 3467 1519 3555 Scaliger
1547 3467 1611 3529 in
1640 3465 1938 3554 Append.
1974 3465 2057 3529 ad
2088 3466 2376 3544 Conject.
2404 3466 2471 3528 in

343 3567 523 3632 Varr.
559 3567 670 3632 lib.
689 3567 818 3649 VI,
853 3591 918 3656 p.
953 3568 1110 3650 186,
1143 3569 1230 3632 ita
1256 3567 1513 3632 disserit
1542 3592 1555 3632 :
1584 3567 1891 3655 «Antiqui
1916 3567 2075 3632 fines
2110 3590 2227 3630 seu
2253 3568 2473 3630 termi-

343 3691 494 3751 nos,
534 3692 700 3757 quos
733 3670 1006 3758 amplius
1039 3690 1420 3757 promovere
1449 3694 1583 3734 non
1614 3686 1742 3750 est,
1780 3671 2007 3734 incitos
2031 3667 2369 3732 vocabant.
2390 3667 2472 3729 Et

341 3773 454 3859 qui
487 3794 567 3836 eo
597 3795 820 3836 rerum
847 3771 1090 3836 redacti
1125 3789 1344 3853 erant,
1381 3789 1458 3835 ut
1488 3773 1743 3835 nullum
1778 3785 2025 3834 certum
2069 3791 2285 3832 rerum
2320 3791 2471 3830 sua-

339 3895 486 3938 rum
509 3875 850 3938 consilium
876 3896 1204 3962 capessere
1223 3890 1520 3961 possent,
1547 3874 1641 3938 ad
1662 3876 1881 3937 inclitas
1912 3871 2153 3936 redacti
2174 3868 2472 3934 diceban·

341 3989 476 4056 tur3
511 3975 627 4038 ubi
649 3973 1174 4040 subaudiendum
1202 3974 1417 4038 lineas.
1445 3976 1823 4063 Metaphora
1853 3975 2025 4036 enim
2058 3997 2095 4035 a
2123 3971 2279 4035 ludo
2303 3968 2471 4032 duo-

340 4075 546 4141 decim
583 4078 994 4164 scriptorum.
1029 4076 1194 4140 Nam
1238 4098 1441 4162 quum
1474 4075 1557 4138 ad
1592 4077 1882 4140 ultimam
1918 4077 2149 4138 lineam
2184 4070 2471 4160 promoti

339 4195 518 4243 erant
551 4179 812 4261 calculi,
849 4195 989 4243 tum
1020 4178 1070 4241 is
1105 4179 1291 4258 cujus
1319 4178 1655 4260 intererat,
1688 4177 1767 4241 ad
1806 4177 2030 4240 incitas
2060 4177 2255 4239 lineas
2284 4169 2471 4235 reda-
