2975 4684
736 378 873 449 AD
928 375 1323 445 LUCILII
1386 372 1602 443 JUN.
1657 376 2042 447 AETNAM.
2312 374 2454 445 203

328 498 599 563 moriam
620 541 639 579 ,
670 497 931 586 publice
958 496 1202 563 factum
1232 514 1371 561 esse
1384 544 1407 572 ‚
1436 496 1610 561 ultro
1644 496 2081 563 concedimus.
2121 498 2316 565 Nunc
2348 522 2458 563 ac-

326 598 499 665 cedit
512 648 533 682 ,
559 597 975 665 ut'traditum
1006 622 1045 663 a
1074 598 1498 687 scriptoribus
1531 598 1950 665 observemus
1967 648 1986 682 ,
2011 600 2162 691 igne
2187 600 2460 681 ituenes

324 718 670 791 parentum
728 700 979 780 bajulos
1026 700 1471 765 ‹ircumeunte
1485 748 1509 782 ‚
1546 701 1764 766 locu-
1811 724 2095 767 vacuum
2147 702 2456 767 effecum

324 824 499 885 esse,
531 802 718 893 quasi
759 802 1037 867 insulam
1084 800 1357 867 flumine
1397 802 1592 891 igneo
1637 803 2032 869 conclusam.
2077 804 2452 891 Lyeurgus:

324 918 540 987 Λέγεται
562 915 649 973 nd
674 918 837 987 ιώιλφ
860 916 943 971 τὸν
968 916 1119 971 τόπον
1146 916 1323 969 inim
1342 914 1634 987 πιριρῥσῦσα
1599 915 1736 967 ati-b
1764 920 1882 987 πῦρ,
1906 913 1994 969 καὶ
2021 918 2234 973 σωθῆναι
2257 916 2458 975 *οὕτως

323 1004 515 1084 m.
537 1004 1361 1093 EtexprecsiusGononza
1326 1007 2158 1084 οω-ιύτὺςδὶπρωηίΜοηι-ὺπῦρ
2183 1010 2360 1067 aaziae
2331 1030 2456 1081 σιπρ

324 1118 469 1177 νῆσος
499 1118 551 1171 ἂν
524 1123 647 1187 ντῇ
672 1118 811 1191 φλογὶ
834 1120 939 1178 mie
962 1118 989 1169 ὂ
1014 1136 1081 1171 m
1058 1116 1128 1189 ιὶρ
1110 1117 1330 1178 tim-obe
1357 1122 1512 1187 κῦρος
1541 1116 1673 1187 ὶγινι
1707 1106 2104 1171 mSimiliter
2145 1106 2458 1194 Apuleius

325 1207 409 1273 de
444 1208 727 1275 mundo.
754 1210 921 1275 Illa
956 1206 1375 1275 flammarum
1398 1208 1638 1275 fluenta
1675 1209 1898 1277 divino
1933 1226 2224 1325 separata
2261 1208 2456 1273 disci-

326 1308 477 1391 dio,
534 1312 721 1398 quasi
766 1308 903 1375 duo
950 1309 1223 1377 flumina
1276 1334 1356 1375 ex
1402 1332 1542 1375 uno
1595 1311 1777 1377 fonte
1829 1311 2192 1393 manantia,
2233 1310 2456 1375 locum

326 1411 513 1476 illum
542 1413 789 1479 ambire
821 1415 1191 1478 maluerunt
1226 1410 1571 1477 obsidione
1605 1413 1961 1479 innocenti.
2000 1356 2264 1479 Inerant
2297 1411 2455 1476 boni

324 1512 555 1595 bajuli,
586 1516 899 1605 religiosis
940 1514 1204 1579 sarcinis
1244 1513 1543 1603 occupati
1561 1546 1606 1579 a.
1633 1512 1788 1581 Haec
1831 1514 2048 1591 forma,
2083 1514 2210 1578 loci
2245 1512 2415 1577 illius
2435 1560 2454 1594 ,

324 1628 549 1703 postea
582 1615 761 1680 haud
792 1616 989 1681 dubie
1020 1615 1104 1681 ad
1133 1616 1518 1680 memoriam
1549 1633 1796 1681 servata
1826 1610 2192 1706 diligentius
2213 1662 2231 1697 ,
2259 1630 2456 1703 atque

328 1716 533 1781 instar
579 1718 807 1781 insulas
852 1718 1157 1783 conclusa
1176 1764 1196 1797 ‚
1240 1718 1307 1780 in
1358 1736 1585 1781 caussa
1623 1717 1753 1781 fuit
1768 1764 1786 1801 ,
1826 1732 1904 1781 ut
1941 1717 2344 1805 aptissimum
2395 1716 2456 1781 ei

327 1839 567 1883 nomen
608 1820 879 1911 Campus
917 1820 1208 1901 Piorum,
1236 1820 1504 1909 ipseque
1536 1820 1768 1883 insulis
1809 1820 2152 1884 beatorum
2189 1818 2456 1882 adsimi-

325 1919 557 1985 landus
590 1920 939 1988 videretur.
989 1924 1239 1987 Notum
1269 1937 1365 1987 est
1385 1970 1403 2004 ‚
1438 1921 1508 1985 in
1539 1937 1882 2010 poetarum
1911 1920 2148 1986 fabulis
2177 1920 2318 1984 loca
2353 1919 2456 1982 in-

324 2020 615 2087 ferorum
628 2070 647 2105 ,
664 2024 897 2089 animis
920 2021 1305 2113 recipiendis
1330 2022 1648 2087 destinata
1661 2070 1680 2104 ,
1711 2022 1924 2112 Stygis
1944 2023 2050 2089 vel
2071 2019 2454 2089 Acherontis

326 2122 519 2189 undis
539 2172 557 2207 ,
610 2140 938 2213 tamquam
988 2126 1261 2209 insulas,
1297 2124 1598 2191 coerceri.
1663 2124 1866 2212 (vid.
1909 2148 2056 2215 quae
2086 2124 2455 2188 notavimus

324 2219 405 2289 ad
436 2220 815 2317 Eleg.v11‚
854 2230 977 2312 24,
1008 2226 1209 2308 hujus
1242 2226 1396 2292 edit.
1428 2242 1478 2291 t.
1513 2228 1612 2310 ΙΙ,
1656 2250 1800 2317 pag.
1839 2224 1987 2293 265.
2032 2224 2180 2312 En.)
2229 2224 2454 2314 Campi

324 2326 569 2416 Elysii,
611 2330 869 2417 piorum
904 2328 1217 2395 habitatio
1260 2328 1435 2418 apud
1464 2328 1742 2410 inferos,
1779 2320 2082 2409 disjuncti
2115 2325 2386 2392 flumine
2417 2348 2455 2390 a

322 2430 587 2519 reliquis
608 2430 909 2514 sedibus,
934 2446 1000 2495 et
1029 2454 1173 2521 quoe
1194 2446 1514 2495 vocantur
1536 2431 1774 2496 Insulae
1795 2429 2169 2510 beatorum,
2187 2427 2453 2491 Oceano

322 2530 734 2597 circumfusae
782 2546 849 2596 et
889 2532 1181 2597 discretae
1224 2532 1307 2597 ab
1356 2531 1518 2597 orbe
1564 2532 1815 2621 reliquo
1863 2477 2197 2595 dicumui.
2257 2526 2452 2593 Unde

320 2632 487 2698 sedes
530 2634 817 2699 dzkcretoe
850 2636 1113 2725 pior-um
1149 2634 1468 2716 Horatio,
1499 2636 1712 2699 Carm.
1757 2635 1869 2717 ΙΙ,
1909 2631 2026 2713 13,
2063 2631 2184 2713 233
2227 2631 2462 2697 Scor-eti

314 2758 474 2823 pars
490 2736 656 2800 orbis
686 2735 1081 2825 mundusque
1095 2738 1353 2828 piorum
1368 2736 1546 2825 Calp.
1570 2736 1750 2817 VIII,
1775 2758 1860 2799 ao
1885 2782 1905 2817 ,
1937 2749 2276 2800 vocantur.
2299 2733 2454 2797 Hoec

320 2836 539 2927 imago
568 2836 769 2928 igitur
793 2837 1047 2903 sedium
1075 2854 1506 2927 separatarum
1530 2885 1549 2919 ‚
1568 2860 1728 2925 quas
1756 2852 1963 2927 poetas
1997 2830 2172 2925 apud
2207 2834 2451 2898 inferos

323 2936 593 3025 piorum
627 2938 929 3003 manibus
963 2938 1408 3029 assignabant,
1440 2955 1804 3026 comparata
1835 2956 1986 3003 cum
2021 2940 2268 3023 Campo
2299 2934 2452 2999 Pio·

317 3060 468 3103 rum
485 3088 508 3122 ,
550 3038 635 3103 ad
669 3040 992 3105 honorem
1042 3040 1303 3129 piorum
1335 3040 1652 3120 juvenum
1685 3039 1861 3129 apud
1899 3038 2192 3103 Catinam
2231 3058 2458 3101 conse·

318 3158 499 3207 erato
520 3189 541 3223 ,
564 3158 821 3231 poetam
845 3158 1145 3208 nostrum
1170 3166 1251 3208 eo
1286 3142 1506 3225 duxit,
1541 3157 1614 3206 ut
1638 3165 1790 3205 vere
1810 3164 1989 3205 nunc
2011 3162 2123 3203 eos
2148 3160 2452 3227 campum

316 3240 613 3330 Elysium
654 3258 720 3307 et
755 3242 1025 3308 Piorum
1074 3242 1258 3308 sedes
1298 3244 1582 3308 incolere
1613 3242 1878 3307 diceret.
1914 3246 2126 3330 Atque
2172 3240 2329 3305 hinc
2371 3240 2450 3304 li-

316 3358 477 3429 quet
494 3392 513 3426 ‚
552 3342 647 3407 sic
672 3366 938 3432 prorsus
962 3342 1313 3434 legendum
1345 3368 1483 3411 esse
1515 3344 1696 3409 hunc
1731 3366 1992 3408 versum
2016 3391 2035 3425 ,
2069 3342 2165 3408 uti
2195 3342 2452 3431 scripsi-

316 3464 465 3509 mus
480 3494 501 3527 ,
528 3460 623 3525 et,
656 3466 851 3533 quam
882 3460 1129 3510 veteres
1161 3444 1453 3533 quaedam
1484 3444 1802 3510 ediu'ones
1837 3445 2148 3509 exhibent
2167 3492 2184 3526 ‚
2224 3443 2450 3507 lectio-

316 3566 468 3609 nem
520 3544 653 3611 Sed
683 3546 837 3636 jure
870 3547 971 3611 vel
1004 3570 1169 3637 pure
1189 3595 1208 3627 ‚
1248 3563 1393 3629 aut,
1449 3570 1646 3636 quam
1703 3548 2001 3612 Barthius
2055 3545 2450 3609 substituere

315 3646 555 3727 voluit,
588 3646 719 3711 Sed
743 3650 910 3711 ven's
938 3671 1163 3713 cessere
1188 3648 1441 3729 domus,
1473 3648 1748 3713 alienam
1779 3650 1971 3737 plane
2005 3670 2144 3713 esse
2163 3694 2182 3729 ,
2210 3660 2278 3709 et
2302 3666 2449 3734 gra-

313 3768 461 3810 vem
508 3746 897 3811 sententiam
958 3750 1238 3813 auctoris
1291 3749 1649 3815 debilitare.
1703 3751 1958 3839 Nempe
2011 3752 2178 3813 veris
2222 3746 2447 3809 domus

314 3846 671 3937 legendum
714 3864 903 3938 putat
932 3850 1231 3915 Barthius
1252 3900 1269 3933 ,
1308 3851 1572 3917 Advers.
1607 3852 1859 3936 XLIX,
1889 3874 2026 3939 cap.
2059 3850 2135 3932 6,
2165 3846 2347 3937 quod
2367 3848 2442 3911 ‘in

316 3948 559 4037 campis
598 3949 833 4039 ‘Elysiis
854 3998 871 4031 ,
926 3966 1299 4017 sanctorum
1354 3970 1505 4043 post
1553 3952 1807 4019 obitum
1855 3952 2292 4017 amoenissimo
2342 3970 2449 4013 rc-

314 4071 537 4131 cessu,
568 4068 687 4114 ver
716 4068 1099 4141 perpetuum
1126 4064 1263 4117 esse
1298 4052 1574 4119 dioetur.
1617 4054 1758 4119 Hoc
1791 4054 1912 4118 etsi
1941 4069 2169 4116 verum
2207 4066 2306 4117 est
2327 4102 2343 4128 ‚
2384 4064 2450 4115 et

313 4148 593 4215 aliorum
616 4166 953 4240 poetarum
984 4152 1143 4218 locis
1174 4154 1357 4219 facile
1384 4154 1793 4245 probandum
1817 4203 1834 4237 ‚
1870 4168 1946 4219 ut
1968 4152 2210 4221 Tibulli
2250 4152 2280 4219 1
2297 4203 2314 4237 ‚
2371 4152 2407 4217 3
2427 4200 2446 4234 ,
