2975 4684
903 425 936 432 ’·
983 409 1466 480 AUCTORE
1515 409 1851 480 AETNAE.
2393 411 2483 486 25

361 540 660 629 exemplo
691 540 1146 634 subterraneos
1181 540 1306 604 sub
1329 539 1527 605 AEtna
1558 561 1787 629 specus
1823 540 2058 629 probat
2076 589 2095 624 ,
2118 565 2283 631 quos
2312 546 2489 610 venti

359 662 714 738 permeant.
729 646 854 712 Vix
873 646 1139 730 dubim,
1165 647 1474 713 Senecam
1499 647 1621 712 hos
1645 670 1869 713 versus
1891 633 2097 736 poetae
2117 649 2491 740 philosophi

361 771 428 819 et
461 754 652 819 amici
692 753 1002 818 libentius
1021 801 1040 837 ,
1085 775 1282 842 quam
1326 754 1603 818 aliorum
1619 801 1640 835 ,
1670 752 2106 818 adducturum
2136 755 2335 820 fuisse
2360 805 2378 838 ,
2436 759 2493 822 si

359 859 493 925 hoc
521 881 756 950 poema
783 860 998 924 visum
1025 859 1398 947 lectumque
1423 881 1460 924 a
1501 859 1743 924 Seneca
1780 858 2025 924 fuisset.
2061 861 2209 944 Qua
2239 862 2490 926 ratione

360 966 557 1031 etiam
600 967 812 1032 evinci
855 980 1109 1056 potest,
1145 988 1281 1032 non
1331 967 1709 1048 Cornelium
1759 967 2099 1050 Severum,
2131 984 2245 1034 aut
2292 969 2489 1034 alium

361 1073 736 1162 quempiam
771 1071 1206 1160 antiquiorem
1232 1071 1474 1138 Seneca
1494 1121 1513 1154 ,
1556 1072 1695 1153 ejus
1726 1088 2056 1139 auctorem
2090 1095 2247 1139 esse.
2282 1074 2488 1157 'Quod

359 1196 580 1246 autem
603 1195 834 1244 auctor
853 1179 1070 1246 AEtnae
1091 1180 1265 1244 inter
1291 1178 1523 1244 fluvios
1538 1228 1557 1262 ,
1594 1180 1711 1267 qui
1738 1195 1905 1244 terra
1930 1181 2233 1246 occultati
2261 1203 2487 1246 rursus

359 1284 489 1350 alio
544 1287 693 1352 loco
753 1301 1142 1374 erumpunt,
1187 1286 1433 1352 nullam
1477 1286 1814 1352 Arethusae
1862 1287 2264 1352 mentionem
2303 1286 2489 1369 facit,
2592 1305 2595 1310 ·

358 1393 491 1458 hoc
518 1391 732 1481 ipsum
755 1393 992 1482 probat
1007 1441 1030 1476 ,
1065 1391 1330 1458 AEtnam
1359 1417 1400 1458 a
1427 1392 1675 1458 Lucilio
1705 1393 2018 1482 scriptum
2051 1415 2208 1459 esse.
2236 1393 2489 1483 Nempe

359 1499 470 1564 hic
523 1499 688 1564 nihil
713 1493 1102 1564 ‘memorare
1153 1498 1236 1564 de
1279 1497 1601 1564 Arethusa
1617 1547 1637 1582 ,
1691 1521 1837 1588 quae
1886 1499 2073 1564 facile
2115 1523 2492 1565 succurrere

359 1620 617 1692 poterat
635 1653 654 1688 ,
680 1605 942 1671 volebat
959 1652 979 1688 ,
1025 1604 1208 1694 quod
1253 1603 1338 1670 de
1394 1627 1472 1670 ea
1527 1619 1678 1671 ante
1692 1653 1713 1688 ,
1767 1604 1893 1670 alio
1924 1621 2221 1695 poemate
2236 1655 2255 1684 ‚
2301 1607 2490 1671 lucu-

359 1711 536 1775 lente
577 1726 814 1802 egerat.

453 1817 1028 1901 Quemadmodum
1057 1841 1136 1886 ex
1167 1820 1482 1886 hactenus
1514 1819 1789 1885 laudatis
1816 1819 2073 1884 Senecas
2105 1818 2491 1883 testimoniis

357 1919 548 1986 facile
589 1923 914 2013 colligitur
931 1972 952 2003 ,
987 1925 1302 2014 scriptum
1336 1947 1374 1989 a
1412 1923 1661 1989 Lucilio
1686 1944 1923 2013 poema
1956 1922 2041 1987 de
2079 1921 2275 1986 AEtna
2316 1944 2456 1986 esse
2472 1971 2491 2004 ,

361 2029 656 2115 quamvis
681 2052 719 2093 a
745 2029 987 2096 Seneca
1013 2029 1314 2096 noudum
1343 2031 1587 2096 lectum
1608 2078 1627 2113 ,
1676 2030 1767 2094 ita
1800 2029 2016 2119 ipsum
2047 2050 2279 2117 poema
2310 2025 2493 2091 haud

359 2134 642 2200 obscure
669 2135 918 2223 prodit,
949 2153 1284 2202 auctorem
1308 2137 1445 2218 ejus
1467 2136 1751 2202 amicum
1779 2151 1845 2200 et
1868 2135 2259 2200 imitatorem
2293 2133 2495 2197 Sene-

357 2263 452 2306 cae
483 2263 624 2307 esse
643 2290 662 2326 ,
705 2242 821 2330 qui
849 2265 930 2307 ex
955 2241 1094 2322 ejus
1125 2242 1378 2332 scriptis
1405 2243 1529 2308 sibi
1570 2241 1879 2307 dedicatis
1923 2257 1990 2305 et
2034 2241 2243 2305 missis
2264 2289 2283 2322 ,
2320 2239 2495 2303 varia

357 2362 682 2437 praecepta
706 2363 774 2412 et
795 2348 1026 2436 placita
1060 2348 1130 2412 in
1165 2369 1360 2412 suum
1392 2371 1624 2438 poema
1657 2347 2079 2413 transtulerit.
2116 2347 2357 2411 Praeter
2394 2346 2494 2410 lo·

359 2473 514 2516 cum
549 2453 840 2534 Senecae,
877 2452 1080 2518 modo
1111 2453 1505 2538 adductum,
1542 2452 1626 2519 de
1653 2451 2031 2518 fluminibus
2064 2467 2234 2516 terra
2263 2451 2492 2515 absor-

357 2559 490 2647 ptis
506 2607 527 2641 ,
567 2580 764 2648 quem
809 2559 1088 2648 scriptor
1123 2558 1338 2625 AEtnae
1380 2561 1627 2651 pariter
1674 2561 1917 2650 attigit,
1964 2559 2239 2641 Seneca,
2286 2558 2493 2647 Epist.
2528 2558 2536 2566 ⁴

357 2664 678 2747 LXXIX,
713 2651 1013 2730 hortatur
1037 2666 1384 2751 Lucilium,
1409 2683 1488 2730 ut
1517 2665 1789 2755 propius
1818 2667 2117 2731 observet
2141 2685 2499 2729 conscenso

359 2786 622 2855 monte,
665 2793 749 2836 an
778 2792 1044 2853 verum,
1071 2787 1138 2836 et
1169 2795 1298 2862 qua
1331 2772 1584 2837 ratione
1610 2773 1725 2855 sit,
1762 2770 1945 2860 quod
1980 2771 2179 2862 vulgo
2212 2769 2499 2852 dicatur,

358 2877 604 2940 sensim
647 2877 950 2941 consumi
995 2893 1063 2942 et
1100 2876 1438 2944 subsidere
1473 2893 1769 2942 montem
1787 2926 1806 2960 ,
1852 2875 2269 2964 minoresque
2320 2897 2500 2942 nunc

357 2979 648 3046 flammas
674 2981 934 3066 ejicere,
958 3005 1156 3070 quam
1178 2983 1336 3048 olim
1361 2983 1540 3048 visus
1564 2983 1649 3048 sit
1672 2982 2003 3070 aliquanto
2032 2981 2292 3070 longius
2323 2981 2502 3044 navi-

358 3088 666 3180 gantibus
707 3087 822 3176 (1).
864 3089 1142 3179 Attingit
1181 3091 1354 3155 hanc
1393 3090 1575 3180 vulgi
1620 3089 1999 3179 opinionem
2032 3102 2260 3153 auctor
2287 3085 2501 3152 AEtnae

357 3217 554 3263 versu
577 3193 704 3260 363
730 3217 910 3284 seqq.
933 3217 1332 3284 quamquam
1359 3193 1444 3260 de
1460 3195 1925 3261 imminutione
1948 3192 2221 3259 flammae
2233 3191 2501 3258 AEtnaeae

358 3322 499 3364 non
534 3299 712 3368 idem
745 3303 944 3366 sentit
963 3349 983 3384 ,
1023 3302 1203 3390 quod
1247 3303 1508 3369 Senecae
1552 3301 1928 3383 videbatur,
1978 3299 2117 3366 fieri
2165 3308 2389 3389 posse,
2428 3315 2502 3363 ut

357 3408 464 3472 vel
489 3429 682 3472 mons
706 3406 858 3498 igne
883 3429 1008 3474 suo
1033 3410 1275 3474 sensim
1299 3409 1669 3492 devoretur,
1684 3410 1788 3473 vel
1810 3410 1949 3498 ipse
1976 3408 2145 3498 ignis
2168 3429 2303 3470 non
2327 3405 2501 3470 idem

359 3527 654 3595 maneat,
699 3515 965 3578 materia
992 3513 1276 3580 incendii
1308 3515 1485 3579 intus
1516 3514 1863 3578 imminuta
1888 3539 1908 3598 3
1948 3511 2065 3578 sed
2094 3510 2501 3576 imminutio·

359 3639 515 3683 nem
560 3640 702 3682 eam
743 3620 984 3685 montis
1031 3637 1228 3709 atque
1278 3617 1553 3684 flammoe
1601 3619 1793 3709 plane
1842 3635 2069 3710 negat,
2106 3614 2287 3705 quod
2331 3613 2502 3680 indi·

431 3821 513 3891 (1)
537 3847 564 3867 α
593 3819 817 3874 Audebo
839 3821 935 3874 tibi
959 3821 1212 3877 mandare
1228 3861 1244 3886 ,
1278 3823 1408 3876 utin
1426 3822 1691 3876 honorem
1709 3840 1889 3876 meum
1905 3823 2116 3874 AEtnam
2134 3816 2461 3874 conscendas
2480 3858 2496 3885 ,

362 3929 523 3982 quam
543 3909 786 3964 consumi
814 3922 866 3964 et
885 3911 1076 3964 sensim
1100 3911 1374 3967 subsidere
1399 3929 1460 3965 ex
1479 3911 1586 3966 hoc
1606 3911 1889 3984 colligunt,
1914 3908 2061 3983 quod
2089 3908 2364 3980 aliquanto
2381 3907 2498 3959 lon·

359 3998 482 4071 gius
503 3999 874 4072 navigantibus
905 3999 1107 4053 solebat
1127 4000 1354 4055 ostendi.
1393 4001 1572 4055 Potest
1591 4000 1698 4055 hoc
1718 3999 1958 4054 accidere
1976 4041 1993 4066 ,
2024 4015 2129 4051 non
2150 3996 2271 4069 quia
2298 3995 2493 4050 montis

361 4086 588 4141 altitudo
611 4085 846 4152 desedit,
879 4087 968 4142 sed
1005 4090 1130 4161 quia
1169 4089 1304 4160 ignis
1345 4089 1565 4144 evanuit
1582 4130 1599 4156 ,
1634 4101 1689 4143 et
1709 4090 1883 4144 minus
1910 4089 2193 4144 vehemens
2226 4103 2288 4138 ac
2320 4083 2505 4154 largus

361 4172 608 4232 effertur.
637 4186 738 4230 etc.
758 4201 784 4223 ι·
