2975 4684
811 328 946 404 An
1005 335 1464 408 LicENTn
1528 337 1976 408 CARMEN.
2316 342 2459 437 449

333 475 372 521 e
402 459 843 524 monumentis
869 458 1256 546 scriptorum
1281 457 1513 522 veteris
1540 455 1817 521 ecclesiae
1846 461 2219 546 cognoverit
2233 508 2254 542 ,
2275 459 2459 526 facile

336 563 677 626 nobiseum
695 560 948 640 sentiet,
963 559 1031 622 h.
1042 559 1082 632 l,
1098 579 1218 646 pro
1226 557 1587 646 praecordia
1600 555 1944 644 legendum
1962 579 2101 621 esse
2107 564 2456 647 praeconia.

333 663 592 730 Etenim
618 683 838 750 preces
861 659 1240 747 vespertinae
1265 659 1432 723 sicut
1452 677 1518 724 et
1541 658 1901 740 matutinae,
1936 657 2177 724 fiebant
2210 684 2332 749 pro
2360 662 2458 726 di-

334 767 533 830 versis
553 762 1194 844 catechumenorum,
1215 779 1834 851 energumenorum,
1859 764 2367 849 competentium
2391 787 2465 828 ac

336 864 789 954 poenitentium
821 860 1182 945 ordinibus,
1207 879 1370 950 quas
1387 861 1672 952 singulas
1705 860 2013 926 diaconus
2050 863 2329 928 ecclesiae
2360 867 2461 928 in-

337 967 552 1031 dicere
571 1011 590 1047 ,
615 982 810 1052 atque
840 962 1139 1026 ordinem
1175 985 1505 1052 quemque
1532 962 1808 1027 excitare
1836 979 1905 1027 et
1928 965 2173 1029 hortari
2202 965 2284 1030 ad
2314 990 2463 1056 pre-

339 1067 619 1133 oendum
636 1114 655 1148 ,
698 1066 1035 1155 ipsamque
1081 1064 1527 1152 precationum
1574 1062 1918 1127 formulam
1950 1067 2177 1153 proeire
2197 1114 2218 1147 ,
2265 1082 2331 1132 et
2367 1068 2467 1130 in·

338 1171 604 1234 stituere
635 1167 923 1256 singulos
943 1213 962 1248 ,
996 1165 1330 1253 quomodo
1360 1181 1424 1230 et
1463 1187 1585 1255 pro
1625 1163 1865 1252 quibus
1898 1167 2221 1232 orandum
2254 1185 2423 1233 esset
2442 1217 2461 1250 ,

337 1268 603 1334 solebat.
634 1269 785 1332 Haec
812 1265 1170 1330 exhortatio
1197 1277 1541 1348 προσφώνησις
1571 1263 1863 1347 diaconi,
1900 1284 1967 1332 et
1990 1281 2047 1333 τὸ
2070 1281 2322 1350 ampuri-tw
2353 1293 2463 1358 ap-

337 1370 717 1459 pellabatur,
746 1359 939 1456 atque
987 1365 1138 1432 inde
1181 1365 1438 1432 diaconi
1463 1381 1665 1448 κῆρυκις
1688 1364 1787 1429 v'el
1816 1379 2112 1451 ἱεροκήρυκας
2156 1375 2327 1434 sacri
2362 1395 2463 1436 ec-

339 1474 545 1536 clesioe
563 1492 888 1560 pnes-ones
915 1468 1288 1550 audiebant,
1313 1484 1391 1532 ut
1415 1470 1605 1536 latius
1631 1471 1823 1537 docet
1846 1469 2264 1559 Binghamus,
2286 1473 2463 1562 Orig.

339 1573 702 1637 Ecclesiast.
735 1571 848 1634 lib.
884 1571 981 1651 ΙΙ,
1023 1591 1162 1659 cap.
1193 1592 1276 1634 20
1298 1618 1316 1652 ,
1360 1576 1396 1651 s
1428 1593 1526 1635 ro.
1574 1573 1739 1638 Mihi
1768 1574 1989 1660 itaque
2018 1593 2152 1635 non
2186 1571 2467 1662 dubium

341 1691 442 1739 est
461 1723 478 1756 ,
520 1674 694 1738 illam
725 1671 1236 1736 admonitionem
1269 1670 1555 1754 diaconi,
1588 1697 1719 1761 qua
1750 1675 2039 1762 singulos
2072 1675 2234 1738 sacri
2266 1693 2469 1740 coetus

341 1773 602 1840 ordines
634 1771 716 1837 ad
747 1771 1144 1860 precandum
1178 1771 1525 1848 excitabat,
1564 1793 1629 1839 et
1670 1777 1867 1864 ipsas,
1901 1797 2045 1862 quae
2076 1797 2155 1837 ex
2190 1774 2465 1842 fonnula
2526 1780 2533 1790 ’

340 1901 386 1941 a·
432 1875 708 1940 diacono
761 1875 1024 1939 recitata
1073 1871 1340 1954 fiebant,
1387 1897 1623 1963 ‚preces
1640 1925 1657 1956 ‚
1715 1878 1817 1941 vel
1867 1891 2083 1940 totum
2136 1877 2467 1942 actionum

341 1997 668 2042 sacrarum
699 1974 899 2038 ritum
915 2022 936 2055 ,
966 1973 1114 2061 quia
1147 1995 1266 2061 per
1297 1973 1644 2040 diaconum
1682 1976 2117 2058 indicebatur,
2150 1977 2277 2042 hoc
2319 1979 2466 2045 loco

342 2079 538 2143 latine
574 2077 788 2140 vocari
830 2077 1178 2164 proeconia.
1227 2075 1622 2166 Binghamus
1673 2077 1935 2166 quidem
1982 2077 2241 2142 Latinos
2282 2080 2370 2143 ait
2412 2095 2469 2144 τὸ

341 2191 591 2262 κηρύττειν
615 2200 736 2267 per
767 2188 824 2240 τὸ
841 2176 1197 2266 praedicare
1220 2179 1637 2265 expressisse,
1675 2177 1855 2265 quod
1878 2169 2175 2266 inprimis
2202 2195 2473 2246 testatur

341 2282 589 2346 Concil.
621 2281 910 2344 Toletan.
951 2279 1067 2360 IV,
1099 2301 1157 2344 c.
1195 2279 1342 2342 XL:
1371 2309 1396 2334 υ.
1417 2280 1641 2343 Unum
1678 2281 1963 2344 orarium
1999 2295 2259 2368 oportet
2286 2285 2471 2347 Levi-

345 2399 478 2448 tam
511 2397 758 2472 gestare
788 2381 858 2442 in
897 2379 1158 2443 sinistro
1192 2379 1467 2444 humero
1488 2427 1507 2461 ,
1537 2399 1803 2469 propter
1834 2379 2007 2469 quod
2040 2398 2182 2445 orat
2202 2381 2312 2464 „id
2338 2401 2467 2466 est,

346 2483 648 2573 proedieat
663 2510 726 2568 »ς
755 2480 870 2546 sed
911 2503 1138 2546 vocem
1165 2485 1561 2570 praeconium
1602 2481 1685 2547 de
1720 2481 1937 2549 officio
1978 2483 2232 2548 diaconi
2278 2507 2470 2550 usur-

345 2602 560 2674 patam
575 2633 594 2666 ,
619 2584 745 2649 nisi
767 2585 1039 2649 fortasse
1065 2583 1299 2648 alicubi
1325 2585 1670 2673 reperitur,
1696 2601 1762 2648 et
1787 2583 2084 2648 nondum
2112 2587 2263 2652 satis
2289 2603 2473 2654 eruta

345 2711 426 2752 ex
473 2688 754 2775 antiquis
799 2685 1312 2751 Christianorum
1354 2687 1801 2752 monumentis
1838 2702 1969 2766 est,
1995 2687 2099 2751 vel
2140 2688 2317 2752 solus
2364 2689 2473 2754 hic

345 2789 618 2854 Licentii
663 2789 844 2854 locus
889 2787 1047 2852 mihi
1097 2787 1246 2853 satis
1291 2788 1661 2876 probaverit
1677 2837 1694 2870 ,
1738 2805 1803 2852 et
1839 2787 2019 2851 verbi
2060 2811 2431 2876 praeconat-e
2448 2839 2469 2870 ‚

327 2890 530 2980 ,quod
559 2891 880 2956 recentior
917 2889 1195 2954 latinitas
1231 2890 1484 2970 attulit,
1518 2912 1675 2954 usus
1695 2939 1713 2972 ,
1742 2889 1915 2954 idem
1948 2887 2128 2977 quod
2154 2902 2211 2952 τὸ
2224 2891 2472 2979 proedi·

337 3007 490 3056 ‘care
515 2989 950 3082 significantis.
996 2990 1102 3054 Sic
1137 2991 1311 3053 enim
1355 2989 1581 3054 Glossa
1611 2991 2006 3056 Graeco-Lat.
2038 3001 2287 3068 κηρύσσω,
2302 3013 2475 3081 pra?-

343 3116 502 3160 cono
519 3140 540 3173 ,
564 3091 869 3182 praedico.
895 3090 1042 3156 Vid.
1073 3090 1354 3180 Gangius
1372 3139 1390 3172 ‚
1421 3090 1701 3156 Glossar.
1729 3115 1870 3156 voc.
1890 3095 2465 3180 praeconare.Tum

349 3193 643 3262 eamdem
673 3217 902 3260 vocem
918 3195 1284 3283 proecom‘a,
1315 3207 1382 3256 et
1414 3215 1608 3280 quem
1646 3194 1703 3257 ei
1738 3193 1865 3258 hoe
1894 3194 2042 3259 loco
2072 3216 2337 3258 sensum
2367 3195 2480 3260 da-

351 3320 498 3362 mus
516 3344 536 3380 ,
567 3297 819 3388 gravius
845 3295 1104 3360 videtur
1134 3293 1465 3374 adserere,
1512 3295 1694 3382 quod
1728 3295 2041 3384 sequitur,
2074 3309 2481 3388 sanctumque

349 3422 532 3489 super
566 3397 954 3462 benedixeris
997 3399 1224 3486 ignem.
1269 3398 1415 3462 Hoc
1451 3399 1625 3461 enim
1663 3399 2213 3488 complementum
2262 3423 2483 3488 preca-

349 3500 606 3564 tionum
657 3497 1058 3587 publicarum
1073 3547 1092 3582 ,
1138 3513 1205 3562 et
1249 3499 1511 3562 alteram
1556 3514 1803 3586 *partem
1821 3546 1840 3580 ,
1886 3523 2031 3588 quae
2080 3503 2477 3588 praeconium

351 3599 606 3664 diaconi
635 3600 1172 3687 consequebatur,
1209 3599 1469 3665 indicat.
1496 3601 1741 3665 Omnes
1766 3601 1940 3665 enim
1965 3625 2183 3690 preces
2204 3603 2479 3691 publieae

353 3699 597 3766 fiebant
617 3700 850 3788 partim
879 3698 1136 3775 diaconi
1156 3711 1517 3780 προσφωνῆσιι,
1540 3701 1675 3765 sive
1698 3702 2053 3767 indictione
2084 3703 2479 3770 diversarum

353 3803 742 3892 petitionum
764 3851 781 3886 ,
831 3803 1065 3890 partim
1103 3803 1388 3891 episcopi
1425 3814 1705 3878 ἐπικλήσει,
1738 3803 2142 3870 invocatione
2161 3853 2179 3884 ,
2210 3805 2341 3869 sive
2373 3806 2485 3870 be-

355 3902 759 3984 nedictione,
793 3925 948 3967 cum
980 3901 1398 3990 impositione
1430 3925 1746 3967 manuum
1777 3903 1978 3991 ipsius
1996 3950 2013 3983 ,
2038 3903 2348 3990 ad'quam
2380 3907 2483 3968 ἱππ-ὲ

355 4005 594 4071 ciinare
639 4007 846 4093 capita
885 4005 1288 4084 jubebantur
1325 4026 1442 4092 per
1469 4003 1838 4069 diaconum.
1878 4003 2023 4068 vid.
2060 4004 2485 4093 Binghamus,

606 4113 743 4177 m.
2108 4129 2198 4200 29
