2975 4684
518 375 655 462 254

1234 375 1569 444 SALEII
1629 374 1911 442 BASSI

610 507 811 572 Hunc
843 498 988 567 fora
1024 511 1371 592 pacatum,
1400 496 1762 567 bellantem
1801 511 2018 566 castra
2055 495 2406 568 decebunt.

610 599 793 681 Felix
830 607 942 678 illa
984 607 1164 694 dies,
1207 622 1560 703 totumque
1596 606 1898 678 canenda
1935 633 2057 702 per
2087 609 2318 680 orbem
2340 663 2360 698 ‚

611 724 781 812 Quae
819 719 977 807 tihi,
1010 717 1242 788 vitales
1276 743 1486 814 quum
1531 717 1829 813 primum
1867 717 2161 790 traderet
2201 745 2438 810 auram,
2523 791 2528 796 .

612 830 919 906 Contulit
956 833 1343 900 innumeras
1384 830 1564 899 intra
1601 844 1717 899 tua
1757 843 2030 924 pectora
2065 829 2276 900 dotes.

609 944 789 1014 Mira
824 941 1051 1029 subest
1084 940 1375 1034 gravitas
1416 941 1592 1010 inter
1619 939 1766 1010 fora
1795 965 1814 1008 :
1847 940 2057 1010 mirus
2077 995 2098 1028 ‚
2131 942 2374 1012 omissa
2577 963 2646 1001 ¹⁵·

611 1051 958 1147 Paulisper
992 1051 1319 1146 gravitate
1338 1104 1359 1138 ‚
1392 1048 1578 1144 lepos
1609 1077 1624 1119 ε
1667 1051 1722 1118 si
1759 1049 2060 1119 carmina
2090 1049 2263 1120 forte

610 1167 889 1236 Nectere
923 1159 1179 1230 ludenti
1209 1159 1386 1253 juvit
1420 1161 1758 1230 fluitantia
1801 1183 1998 1230 versu
2013 1213 2034 1248 ,

612 1275 900 1346 Aonium
939 1270 1151 1342 facilis
1188 1270 1456 1342 deducit
1490 1272 1738 1366 pagina
1777 1295 2050 1341 carmen
2079 1297 2094 1339 :

614 1387 766 1456 Sive
803 1381 1037 1477 chelyn
1078 1381 1345 1476 digitis,
1375 1395 1443 1451 et
1476 1381 1738 1451 eburno
1780 1381 2052 1451 verbere
2095 1381 2359 1476 pulsam,

614 1493 851 1566 Dulcis
884 1491 1238 1588 Apollinea
1276 1492 1578 1586 sequitur
1613 1492 1946 1562 testudine
1989 1507 2264 1576 cantus,
2577 1513 2651 1552 πει

612 1609 698 1676 Et
736 1621 801 1674 te
835 1601 1152 1674 credibile
1185 1617 1286 1672 est
1320 1601 1574 1672 Phoebo
1608 1603 1914 1673 didicisse
1947 1603 2286 1698 magistm.

612 1719 753 1786 Nec
791 1713 1043 1810 pudeat
1078 1711 1413 1807 pepulisse
1449 1711 1698 1806 lyram,
1731 1739 1941 1808 quum
1978 1739 2142 1808 pace
2177 1738 2410 1784 serena

616 1824 896 1896 Publica
933 1822 1183 1892 securis
1222 1821 1558 1892 exsultent
1591 1824 1727 1892 otia
1767 1825 2000 1909 terris;

616 1941 762 2010 Nec
796 1933 1045 2030 pudeat
1084 1933 1373 2004 Phoebea
1417 1933 1672 2028 chelyS,
1711 1935 1765 2003 si
1805 1933 2104 2004 creditur
2135 1933 2263 2004 illis

596 2153 716 2220 147.
766 2149 1004 2198 canenda
1040 2165 1137 2213 per
1173 2149 1349 2196 orbem.
1396 2144 1502 2196 Alii
1528 2162 1543 2195 z

520 2231 755 2282 canenda
775 2245 867 2296 per
890 2243 1044 2276 aevum
1059 2263 1073 2285 ,
1098 2224 1256 2277 bene.
1284 2224 1348 2276 C.
1370 2255 1443 2264 —
1462 2225 1546 2276 Ita

522 2309 653 2361 dant
696 2305 823 2358 Mic.
864 2305 1065 2356 Berms.
1108 2300 1222 2358 Col.
1259 2303 1323 2354 In
1358 2301 1546 2355 eodem

522 2405 675 2440 versu
706 2383 919 2455 legerim
945 2399 959 2434 ε
1007 2406 1030 2429 ι
1062 2378 1207 2433 vitali
1234 2399 1405 2451 quum
1428 2381 1542 2454 pri-

521 2483 671 2519 mum
719 2461 948 2514 traderet
988 2477 1129 2512 aurae
1156 2485 1198 2512 a.
1250 2461 1500 2513 Lucanus
1525 2498 1541 2523 ,

520 2545 666 2609 vn,
707 2543 843 2594 266:
895 2564 917 2585 ι
942 2539 1155 2610 privatae
1190 2538 1414 2611 cupidus
1456 2559 1544 2593 me

519 2620 745 2678 reddere
772 2620 893 2672 vitat
915 2643 961 2670 ι.
1001 2618 1211 2671 Lacon.

598 2703 718 2756 152.
744 2705 949 2752 Nee-tere
965 2700 1546 2771 Iudenoe'juve'tfhdeante'a

522 2802 690 2839 ver-su.
714 2779 959 2836 Carmina
970 2781 1233 2850 ffiticanct‘a
1253 2791 1405 2844 sunt,
1427 2798 1546 2852 quae

414 2860 425 2874 ’
520 2864 695 2920 verbis
742 2860 918 2916 adhuc
970 2859 1327 2930 incompositis
1379 2872 1505 2913 sunt
1529 2901 1544 2926 ,

520 2957 691 3000 metro
712 2937 1023 2995 vinciendis.
1064 2938 1222 2992 Ovid.
1244 2939 1408 2992 Trist.
1440 2940 1542 3005 lv,

526 3045 612 3094 ιο,
638 3023 701 3077 25
716 3040 730 3076 :
748 3021 979 3093 «Sponte
1000 3037 1095 3071 sua
1117 3037 1329 3071 carmen
1352 3038 1543 3072 nurne-

518 3125 606 3160 ros
618 3101 863 3158 veniebat
879 3096 947 3151 ad
964 3109 1112 3170 aptos
1124 3123 1165 3148 ιο.
1188 3097 1359 3166 Idem,
1382 3099 1538 3152 Pont.

520 3187 623 3246 IV,
656 3202 681 3233 2
701 3219 716 3243 ,
756 3181 823 3233 30
840 3219 855 3244 ,
894 3203 920 3222 α
940 3177 1173 3231 numeris
1196 3189 1404 3231 nectere
1422 3197 1538 3232 ver-

518 3267 629 3317 ba.
671 3259 818 3312 dicit.
858 3257 925 3310 Et
958 3257 1183 3321 Statius,
1218 3255 1435 3324 Silv.V,
1468 3258 1499 3310 3
1520 3273 1568 3320 ,·

524 3363 617 3397 10¹.
640 3383 655 3408 ‚
683 3365 709 3386 α
732 3337 841 3390 sive
866 3353 983 3388 orsa
1006 3335 1202 3388 libebat
1224 3338 1403 3390 Aoniis
1424 3340 1540 3391 vin·

516 3425 625 3478 cire
652 3416 822 3471 modis
842 3441 882 3464 n.

596 3499 715 3563 154.
762 3501 833 3547 Ee
870 3497 1051 3545 eburno
1103 3497 1305 3546 verbere
1332 3501 1509 3564 pulsas
1520 3537 1537 3559 ,

514 3583 733 3658 plectro.
752 3573 981 3627 Videtur
1028 3574 1286 3644 respicere
1328 3594 1540 3629 versum

516 3658 727 3733 Virgilii
747 3695 761 3718 ‚
798 3657 919 3707 AEn.
939 3653 1017 3704 VI
1038 3690 1054 3716 ,
1094 3655 1234 3723 647:
1271 3655 1540 3729 «Jamque

520 3743 705 3798 eadem
733 3736 908 3807 digitis
926 3773 942 3797 ,
986 3735 1095 3804 jam
1123 3734 1331 3806 pectine
1370 3738 1542 3806 pulsat

515 3825 719 3879 eburno
738 3845 778 3869 ω.
816 3813 1137 3869 Claudianus
1164 3815 1218 3866 in
1244 3816 1447 3887 praefat.
1472 3815 1540 3870 ad

515 3905 573 3957 ΙΙ
600 3901 666 3953 de
688 3899 867 3967 Raptu
894 3893 1135 3966 Proserp.
1168 3897 1267 3948 16:
1302 3919 1326 3941 ι
1344 3894 1541 3950 Pollice

514 3981 704 4036 festino
722 3973 921 4027 mobile
938 3972 1089 4025 duxit
1105 3971 1237 4025 ebur
1255 3998 1297 4024 n.
1319 3972 1542 4046 Proper-

515 4063 649 4118 tius,
671 4057 765 4118 11,
800 4071 851 4116 1,
872 4069 903 4120 9
927 4069 942 4103 ε
972 4079 997 4100 α
1015 4052 1137 4105 Sive
1162 4054 1288 4125 lyrae
1322 4071 1538 4109 carmen

514 4139 691 4211 eligitis
744 4133 1003 4204 percussit
1061 4133 1275 4186 eburnis
1302 4175 1317 4199 ,
1370 4133 1536 4188 Mira.

1632 2161 1776 2206 mur,
1795 2141 1976 2196 faciles
1989 2154 2048 2194 ut
2060 2154 2266 2214 preum
2283 2155 2392 2195 arte
2409 2161 2601 2198 manus
2613 2171 2655 2197 a.

1711 2223 1826 2278 155.
1853 2226 2084 2290 Sequitur
2099 2225 2344 2276 testudine
2361 2238 2538 2276 cannas
2556 2245 2576 2274 .·
2595 2225 2658 2276 fit

1635 2315 1818 2356 cantus
1846 2303 1960 2374 ipsa
2001 2302 2265 2356 testudine
2290 2303 2549 2376 Apollinis
2575 2302 2656 2356 di-

1633 2399 1787 2455 gnus.
1819 2381 2107 2448 Quomodo
2146 2383 2387 2455 Proper-t.
2425 2385 2483 2436 11
2497 2421 2514 2448 ‚
2554 2385 2622 2447 34
2636 2421 2654 2446 ,

1633 2479 1733 2530 79:
1757 2461 1918 2514 «Tale
1939 2463 2066 2516 facis
2085 2481 2297 2514 carmen
2317 2461 2475 2515 docta
2495 2475 2657 2516 testu-

1631 2538 1779 2603 dine,
1797 2541 1956 2611 quale
1975 2540 2234 2615 Cynthius
2253 2541 2509 2614 impositis
2523 2553 2658 2596 tem-

1630 2633 1784 2690 perat
1809 2620 2046 2676 articulis
2064 2647 2106 2674 n.
2124 2651 2194 2662 —-
2219 2621 2420 2674 Pariter
2441 2621 2654 2677 Phoedr.

1632 2698 1768 2751 Fab.
1793 2699 1910 2762 111,
1964 2705 2058 2768 16,
2110 2718 2212 2754 12:
2257 2701 2501 2754 «Cantus
2535 2705 2654 2770 tui,

1632 2777 1832 2832 Sonare
1866 2779 2071 2833 cithara
2106 2797 2242 2853 quos
2266 2791 2420 2852 putes
2455 2783 2656 2854 Apolli-

1633 2875 1758 2909 nem
1784 2883 1830 2911 υ.
1869 2859 1976 2912 ΕΙ).

1710 2938 2006 2991 156.1³11oebo
2019 2941 2248 2992 didicisse
2259 2943 2519 3010 magistre.
2533 2943 2658 2996 Pro-

1630 3031 1768 3088 pert.
1791 3018 1855 3081 1,
1894 3037 1922 3072 s
1944 3059 1959 3084 ,
2001 3036 2099 3088 27:
2138 3045 2164 3066 α
2187 3019 2370 3084 Quum
2396 3021 2494 3074 tibi
2515 3038 2654 3093 pre-

1630 3098 1811 3150 sertim
1833 3097 2064 3151 Phoebus
2079 3116 2178 3152 sua
2197 3099 2432 3152 carmina
2457 3098 2620 3155 donet
2634 3141 2652 3166 ,

1629 3177 1960 3247 Aoniamque
1971 3177 2138 3231 libens
2151 3177 2415 3250 Calliopea
2431 3178 2600 3252 lyram
2609 3209 2654 3238 u.

1625 3257 1695 3309 Et
1711 3258 1821 3312 vid.
1847 3259 1995 3332 Eleg.
2015 3260 2073 3312 in
2097 3261 2226 3312 obit.
2251 3261 2402 3315 Maec.
2425 3282 2470 3313 v.
2496 3281 2580 3334 17.

1707 3339 1824 3391 158.
1855 3343 2124 3391 Exsultenc
2139 3342 2258 3400 otia,
2285 3341 2322 3392 i.
2345 3361 2393 3393 e.
2415 3343 2654 3413 gauden-

1629 3416 1686 3470 di
1704 3429 1757 3470 et
1781 3417 2083 3470 exsultandi
2105 3437 2346 3474 caussam
2361 3423 2651 3493 praebeant.

1629 3498 1826 3551 Catull.
1845 3497 1939 3550 52:
1971 3523 1994 3546 ι
2009 3499 2134 3551 Otio
2155 3499 2383 3554 exsultas
2403 3503 2653 3556 nimium-

1627 3595 1732 3649 que
1752 3574 2006 3649 gaudes».
2031 3578 2190 3643 Quod
2213 3580 2380 3632 otium
2395 3593 2447 3634 et
2463 3601 2652 3654 pacem

1629 3668 1891 3710 terrarum
1931 3659 2020 3711 hic
2055 3659 2236 3713 laudet
2274 3661 2476 3716 Saleius
2493 3701 2509 3728 ,
2553 3665 2655 3717 sub

1628 3737 1836 3790 Nerone
1861 3739 2097 3792 scribens
2119 3781 2134 3806 ,
2165 3740 2270 3795 boc
2297 3744 2560 3814 pertinere
2583 3744 2653 3798 ad

1629 3829 1802 3871 suetas
1838 3817 2166 3872 adulationes
2192 3821 2436 3889 videtur,
2459 3824 2655 3895 quibus

1627 3909 1796 3970 poete
1821 3899 1938 3969 ejus
1962 3900 2210 3970 temporis
2227 3902 2475 3955 extollere
2489 3903 2656 3956 Nero·

1627 3978 1712 4029 nis
1747 3977 2031 4050 imperium
2059 3980 2322 4048 solebant,
2351 4001 2482 4054 quas
2499 3981 2654 4037 vehe-

1626 4057 2052 4112 menterTurnus
2068 4059 2122 4111 in
2139 4061 2434 4133 fragmento
2449 4063 2653 4126 Satira,

1627 4155 1676 4187 v.
1701 4137 1732 4188 3
1761 4155 1872 4208 seq.
1901 4139 2136 4210 exagitat.
