2975 4684
508 354 1603 375 mmmm-”mmmmm
1612 352 1795 373 m
1802 353 1894 373 m
1902 352 2641 378 mmm-mmmm

733 688 1208 809 DIDO
1313 688 1563 809 AD
1664 686 2403 815 AENEAM.

509 1392 518 1401 -
613 1301 941 1422 Dssnmr
983 1352 1246 1447 ingrato
1275 1348 1531 1421 nullam
1556 1350 1807 1421 dictare
1836 1348 2112 1421 salutem

608 1466 836 1533 Laesus
863 1486 1074 1548 amor,
1101 1461 1218 1531 sed
1244 1460 1426 1531 nulla
1455 1462 1691 1551 juvant
1716 1464 2019 1532 convicia
2047 1463 2314 1531 flentem
2336 1516 2356 1549 ‚

613 1574 682 1641 Si
715 1571 915 1642 niodo
943 1572 1101 1641 flere
1124 1586 1345 1657 vacet3
1378 1596 1535 1641 nam
1564 1596 1673 1641 mc
1700 1573 1911 1668 magis
1938 1572 2242 1667 improba
2271 1574 2507 1642 mortis

611 1683 774 1750 Fata
803 1697 1070 1752 vocant.
1099 1682 1393 1776 Trojane
1421 1706 1701 1769 nocenS,
1728 1682 1871 1751 haec
1898 1683 2074 1751 dona
2103 1681 2426 1752 remittis?

611 1790 935 1881 Quamvis
965 1818 1137 1888 saepe
1165 1793 1353 1887 gravi
1383 1815 1795 1888 componam
1826 1792 2123 1861 carmine
2151 1791 2381 1879 ssetuS‚
2630 1814 2652 1851 ⁵

611 1902 770 1972 Plus
798 1902 1001 1974 habet
1027 1904 1167 1998 ipse
1195 1899 1419 1989 dolor3
1447 1926 1574 1971 nec
1598 1900 1947 1997 complent
1972 1901 2173 1971 verba
2201 1899 2503 1972 dolorem
2522 1956 2541 1989 ,

605 2017 825 2104 Quem
853 2038 1082 2085 sensus
1109 2014 1424 2109 patientis
1451 2012 1691 2099 habet,
1718 2010 1819 2081 vel
1852 2036 2054 2107 regna
2084 2010 2353 2106 requiro
2370 2063 2391 2095 ‚

609 2126 780 2213 Quae
815 2124 1166 2194 maledicta
1205 2122 1396 2211 dedi,
1431 2124 1687 2193 miseris
1726 2122 2133 2193 circumdata
2172 2121 2344 2191 fatis,

593 2400 641 2433 1.
665 2384 866 2431 Dictat-e
887 2385 1112 2433 salutem.
1153 2382 1304 2434 More
1332 2382 1542 2453 sequio-

515 2461 590 2511 ris
617 2458 715 2512 aevi
735 2461 924 2511 dictare
950 2464 1157 2511 salutem
1184 2478 1284 2533 pro
1310 2460 1543 2514 scribere

519 2538 815 2671 ἶῖἱεῖῐῐοιὶίιω.
845 2537 974 2670 νὲἀ.
1017 2536 1195 2672 Savagr.
1241 2539 1332 2671 add
1354 2538 1541 2591 Sidon.

543 2618 558 2670 i
603 2658 616 2670 .
856 2656 869 2669 .
1028 2659 1040 2671 .
1193 2637 1208 2671 :
1238 2618 1290 2669 in
1333 2638 1362 2671 e
1387 2622 1546 2669 dicta-

521 2712 617 2749 tum
644 2636 1027 2769 proffpnistoiap,
1053 2624 1346 2749 gaietam,-
1373 2700 1547 2765 episto-

523 2782 680 2828 larum
695 2786 752 2827 et
778 2774 932 2827 simil.
957 2773 1068 2829 vid.
1090 2774 1274 2829 Barth.
1297 2776 1366 2828 ad
1393 2774 1550 2829 Clau-

524 2854 673 2908 dian.
706 2853 762 2905 in
794 2854 916 2907 Rus.
949 2854 1038 2919 11,
1081 2856 1213 2922 169,
1240 2867 1295 2908 et
1324 2873 1552 2927 operose

525 2935 746 2988 salmas.
771 2932 840 2987 ad
857 2932 1078 3006 Vopisci
1100 2928 1301 2987 Carum
1316 2973 1332 2999 ‚
1355 2950 1474 3004 cap.
1504 2932 1551 2986 8.

525 3014 702 3067 Βυιιιι.
1181 3078 1198 3089 ·

597 3100 650 3158 4.
679 3096 804 3144 Fata
827 3107 1048 3155 vocant,
1085 3095 1297 3161 Djojane
1329 3112 1513 3144 nocens
1534 3113 1555 3143 .·

453 3234 456 3239 Ι
527 3176 632 3223 hoec
671 3176 810 3222 dona
850 3174 1088 3223 remittis?
1129 3172 1200 3225 ita
1241 3170 1457 3227 Salmas.
1503 3184 1555 3225 et

531 3248 684 3303 Leid.
737 3250 802 3301 In
853 3248 1042 3303 Divion
1050 3251 1164 3305 ensi
1213 3249 1555 3325 distinguitur

529 3334 652 3379 Fata
689 3340 919 3380 vocant.-
964 3332 1177 3399 Trojane
1217 3350 1402 3383 nocens
1445 3335 1551 3382 kcec

529 3412 665 3459 dona
689 3409 907 3459 renu‘teis.
927 3408 1154 3477 Respicit
1182 3408 1320 3461 forte
1355 3409 1423 3461 ad
1451 3410 1553 3462 ini-

527 3487 658 3539 tium
678 3486 908 3556 epistola
927 3482 1093 3537 Didus
1112 3485 1389 3540 Ovidianae
1401 3506 1414 3539 :
1427 3489 1549 3543 «Sic

532 3565 622 3618 ubi
651 3565 756 3618 fata
779 3574 970 3619 vocant
991 3588 1035 3617 ι.
1079 3566 1182 3618 Per
1199 3570 1334 3617 dona
1353 3567 1552 3621 intelli·

529 3644 607 3716 git
630 3662 809 3697 ensem
837 3642 984 3695 illum
1012 3642 1340 3697 Dardanium
1367 3647 1434 3699 ab
1457 3652 1554 3701 ΛΕ-

531 3742 632 3776 nea
675 3721 871 3776 Didoni
910 3722 1160 3787 missum,
1205 3742 1313 3795 quo
1349 3744 1406 3778 se
1443 3726 1560 3798 ipsa

536 3801 727 3855 deinde
747 3802 1009 3855 interfecit
1027 3842 1042 3869 ,
1066 3827 1092 3847 α
1114 3821 1224 3856 non
1250 3803 1348 3857 hos
1369 3806 1560 3876 quaesi-

541 3894 655 3933 tum
692 3900 886 3935 munus
923 3881 978 3933 in
1016 3898 1225 3945 ususw3
1261 3894 1322 3935 ut
1338 3882 1561 3955 Virgilio

537 3959 749 4025 dicitur,
778 3966 899 4015 AEn.
934 3961 1038 4024 IV,
1076 3964 1196 4026 646.
1239 3962 1416 4017 Bum-
1447 3964 1561 4037 Ego

535 4038 694 4091 verba
722 4042 829 4093 laoee
867 4046 1000 4093 dona
1036 4044 1234 4093 remittis
1271 4041 1342 4094 sic
1371 4042 1559 4115 simpli-

1629 2381 1761 2436 citer
1773 2382 2035 2453 intelligo:
2064 2381 2169 2435 hoc
2188 2380 2318 2433 mihi
2336 2381 2658 2433 beneficium

1628 2480 1729 2534 pro
1746 2460 1879 2515 meis
1902 2460 2105 2515 meritis
2124 2459 2411 2515 retribuis?

1704 2557 1754 2609 7.
1804 2546 1957 2608 Quem
1998 2560 2169 2593 sensus
2202 2543 2439 2609 patientis
2482 2544 2659 2601 habet,

1632 2620 1687 2671 h.
1718 2636 1763 2671 e.
1784 2638 1943 2692 quem
1971 2620 2179 2673 animus
2202 2619 2447 2691 patientis
2466 2656 2483 2683 ,
2516 2619 2660 2691 inju-

1632 2700 1737 2753 rias
1758 2712 1811 2751 et
1826 2699 2107 2772 perfidiam
2134 2702 2311 2753 AEneae
2326 2699 2667 2773 perferentis,

1638 2779 2016 2851 concoquentis
2038 2818 2053 2843 ,
2093 2780 2291 2833 sentit:
2332 2793 2394 2833 ut
2430 2780 2665 2845 Seneca,

1640 2858 1951 2929 Agamemn.
1994 2860 2099 2913 688
2128 2876 2143 2911 z
2190 2883 2214 2906 ι
2243 2859 2390 2913 Dura
2437 2858 2666 2929 virago,

1639 2942 1945 3009 patiensque
1962 2940 2321 3003 mali,1³0teris
2348 2950 2523 2993 tantas
2540 2936 2667 2989 flere

1640 3017 1817 3071 ruinas
1838 3042 1883 3069 ι.
1926 3018 2261 3073 Burmannus
2296 3038 2397 3091 pro
2434 3020 2665 3087 pacientis

1640 3096 2063 3149 substituendum
2108 3099 2390 3151 arbitratur
2426 3099 2628 3166 pietatis
2642 3135 2661 3157 2

1641 3188 1700 3228 ut
1714 3176 1905 3231 innuat
1924 3176 2091 3243 Dido,
2112 3180 2398 3232 verborum
2418 3176 2665 3232 consola·

1640 3255 1782 3308 tione
1798 3275 1907 3309 non
1933 3257 2179 3310 imminui
2206 3256 2449 3311 dolorem
2462 3294 2482 3320 ‚
2505 3274 2667 3327 quern

1637 3334 1835 3406 perfert
1872 3334 2081 3388 animus
2124 3336 2335 3409 pietatis
2353 3376 2372 3402 ‚
2412 3354 2505 3387 seu
2538 3332 2667 3387 fidei

1618 3425 1693 3467 'et
1730 3414 2036 3467 constantia
2057 3453 2073 3480 ,
2118 3416 2381 3468 conscius.
2424 3414 2578 3467 Hanc
2620 3413 2668 3466 ei

1637 3493 1991 3566 conjecturam
2012 3495 2164 3549 facile
2176 3494 2440 3566 indulgeo.
2456 3492 2667 3565 Higtius

1640 3583 1818 3625 tamen
1836 3572 2043 3626 volebat
2057 3614 2073 3639 ,
2096 3599 2118 3619 ι
2140 3574 2251 3627 Nec
2276 3573 2542 3646 com'plent
2562 3590 2669 3624 ver·

1643 3652 1712 3703 ba
1738 3648 1946 3705 dolores
1959 3693 1974 3718 ,
2009 3652 2142 3717 Qum
2188 3670 2371 3705 sensus
2416 3649 2667 3724 patientis

1646 3730 1844 3783 habent
1868 3758 1913 3783 n.

1720 3811 1770 3880 8.
1804 3816 1899 3863 Vel
1920 3830 2080 3879 regna
2114 3816 2309 3881 requiro
2352 3816 2478 3879 Quoe
2514 3814 2667 3861 male·

1648 3892 1781 3958 dicta
1824 3894 1956 3944 dedi.
2021 3890 2187 3944 Plane
2234 3891 2349 3944 hec
2402 3900 2667 3959 corrupta.

1648 3968 1857 4039 Higtius
1898 3968 2214 4022 emendabat
2237 4010 2253 4036 ,
2300 3994 2324 4017 α
2362 3986 2461 4021 nec
2505 3987 2667 4039 regnu

1647 4048 1861 4119 requiro
1888 4088 1903 4115 ,
1944 4049 2076 4113 Quoe
2120 4050 2255 4103 male
2298 4048 2434 4101 victa
2479 4046 2601 4100 dedi
2620 4072 2663 4097 a.
