2975 4684
891 380 999 449 IN
1062 381 1465 477 ΗΟΜΕΒΙ
1526 382 1985 451 ILIADEM.
2366 380 2507 452 623

869 600 1386 670 PERIOCHA
1444 602 1519 667 ΙΙ
1581 601 2024 669 ILIADOS.

663 774 932 844 caelestes,
955 776 1340 850 hominumque
1372 797 1538 850 genus
1566 779 1863 852 superabile
1888 780 2055 843 curis,

661 864 964 937 Tranquilla
991 866 1200 919 obscuri
1229 866 1518 938 carpebant
1544 884 1767 921 munera
1790 866 1975 920 somni.

657 953 726 1003 At
751 968 860 1005 non
885 953 1192 1025 pervigilem
1217 973 1323 1007 nox
1345 954 1625 1026 irrequieta
1637 956 1936 1011 Tonantem

665 1040 838 1094 Leniit
853 1082 870 1107 ‚
893 1040 1204 1097 immodicos
1230 1043 1535 1099 volventem
1558 1042 1717 1097 corde
1742 1054 1987 1115 paratus,

661 1127 908 1183 Gadibus
931 1141 992 1182 ut
1013 1129 1236 1183 Graium
1263 1130 1444 1183 losum
1473 1132 1755 1187 ulciscatur
1776 1130 2049 1185 Achinem.
2480 1152 2501 1189 5

467 1272 718 1359 Jupiter
737 1262 1290 1361 Agamemnonem
1309 1294 1545 1337 somno
1566 1291 1788 1338 monet
1815 1273 2013 1361 praelii
2050 1272 2324 1338 faciendi
2350 1290 2509 1338 tem·

378 1398 502 1463 pus
536 1375 756 1441 adesse
778 1426 798 1457 ,
853 1400 937 1442 ne
969 1394 1310 1443 cunctetur
1341 1377 1665 1443 dimicare.
1693 1381 1862 1443 Tum
1905 1378 2011 1443 ille
2050 1377 2132 1442 ad
2162 1379 2509 1443 concilium
2612 1408 2619 1417 ·

377 1481 754 1567 proceribus
788 1486 1028 1548 vocatis
1046 1532 1065 1564 ,
1096 1482 1471 1549 mandatum
1502 1485 1536 1547 J
1540 1484 1675 1547 ovis
1693 1530 1712 1565 ,
1760 1500 1825 1548 et
1860 1484 2137 1573 speciem
2172 1501 2507 1549 nocturnae

376 1586 614 1672 quietis
651 1587 964 1674 explanat.
992 1588 1149 1653 Mox
1178 1589 1248 1651 in
1283 1588 1620 1671 concione,
1650 1588 2071 1654 multitudine
2100 1606 2507 1679 congregata,

377 1708 700 1779 pertentat
727 1694 1007 1759 militum
1035 1696 1474 1778 voluntatem,
1512 1710 1715 1782 utque
1751 1694 2049 1783 deposito
2073 1696 2244 1761 bello
2274 1695 2353 1760 ad
2386 1720 2503 1761 sua

376 1798 621 1885 quique
645 1799 946 1882 redeant,
979 1801 1376 1865 cohortatur.
1397 1802 1669 1888 Jamque
1693 1799 1999 1866 omnibus
2028 1802 2500 1890 navigationem

375 1900 844 2009 ador-nantibus
868 1955 886 1988 ,
933 1905 1100 1970 foeda
1150 1905 1453 1969 discessio
1502 1905 1583 1969 ab
1616 1906 1823 1993 Ulyxe
1870 1906 2253 1971 cohibetur:
2286 1930 2321 1971 a
2370 1930 2503 1995 quo

374 2010 565 2074 etiam
583 2011 909 2075 Thersites
936 2010 1277 2094 deformis,
1303 2028 1369 2075 et
1396 2012 1655 2097 loquax,
1680 2012 1745 2074 in
1778 2011 2053 2076 heroum
2082 2014 2503 2078 contumelias

373 2116 721 2181 verborum
758 2118 1011 2182 licentia
1036 2134 1411 2206 promptuS,
1439 2140 1590 2181 cum
1622 2117 1845 2181 acerba
1880 2117 2328 2207 objurgatione
2356 2122 2504 2207 pul·

373 2240 590 2305 satur3
618 2224 756 2311 ipse
779 2224 1086 2289 Minervae
1118 2224 1373 2287 monitu
1401 2239 1674 2287 cunctos
1706 2247 1741 2288 a
1769 2224 2170 2312 profectione
2201 2223 2501 2291 deterret.

371 2330 650 2418 Sumpto
679 2328 915 2394 deinde
936 2330 1082 2393 cibo
1107 2344 1394 2393 armatur
1427 2332 1765 2393 exercitus.
1794 2330 2024 2418 Neque
2050 2330 2256 2394 secius
2282 2354 2319 2395 a
2344 2334 2505 2395 Tro·

357 2437 532 2515 ‚janis
563 2438 874 2501 instructa
906 2437 1072 2500 acies
1094 2486 1112 2517 ,
1139 2434 1311 2499 Iride
1347 2436 1429 2499 ita
1466 2452 1809 2518 monente,
1832 2436 2239 2525 producitur.
2277 2438 2504 2527 Sequi-

373 2558 480 2603 tur
519 2542 922 2606 enumeratio
973 2542 1307 2629 copiarum
1354 2541 1634 2622 viritim,
1677 2556 1751 2603 ut
1803 2564 1920 2629 per
1962 2543 2229 2632 catalogi
2273 2544 2499 2607 seriem

371 2646 636 2728 milite-⁵,
673 2668 897 2727 naveS,
936 2646 1169 2728 duces,
1209 2646 1427 2733 'patriae
1462 2648 1841 2709 referantur.

830 2864 1340 2960 PERIOCHA
1404 2864 1525 2929 ΙΙΙ
1591 2862 2030 2929 ILIADOS.

653 3045 872 3115 Argivos
894 3064 988 3096 sua
1015 3060 1279 3115 quemque
1299 3047 1376 3112 (ι)
1397 3043 1534 3097 acies
1567 3044 1621 3093 in
1648 3042 1791 3095 bella
1817 3044 2109 3115 sequuntur
2133 3063 2145 3096 :

650 3131 904 3204 Dispositi
928 3131 980 3183 in
1011 3143 1211 3183 turmas
1238 3130 1474 3200 equitum
1495 3146 1834 3201 ‚cuneosque
1854 3129 2119 3201 pedestres
2134 3173 2149 3197 ,

644 3222 882 3277 Turbida
912 3221 1212 3293 clangentes
1236 3220 1569 3274 confundunt
1594 3220 1803 3291 agmina
1822 3220 2005 3273 Troes.

453 3386 854 3447 Instructam
904 3382 1120 3471 praelio
1161 3381 1509 3445 exercitum
1534 3428 1551 3461 ,
1592 3381 1970 3469 priusquam
2018 3380 2234 3445 feriret
2289 3384 2485 3468 acieS,

367 3490 658 3554 Priamus
718 3468 962 3577 spectat
1008 3510 1044 3552 e
1086 3487 1334 3568 muris;
1381 3502 1444 3550 et
1501 3501 1863 3550 monstratu
1904 3486 2162 3551 Helenae
2216 3487 2299 3551 de
2342 3491 2493 3555 viris

431 3701 510 3769 (r)
546 3703 756 3767 Argivos
785 3718 878 3750 sua
905 3717 1159 3765 quemque.
1201 3696 1460 3768 prolepsis
1486 3708 1595 3759 est,
1615 3694 1785 3767 figura
1813 3695 2002 3749 lexeos.
2030 3695 2181 3747 Acies
2206 3708 2497 3767 sequuntur

361 3788 575 3841 Grecos
601 3787 762 3839 duces
803 3787 856 3839 in
901 3786 1080 3857 pmlia
1095 3826 1111 3851 ‚
1155 3800 1591 3856 unumquemque
1617 3802 1712 3836 sua
1741 3784 1900 3837 acies.
1922 3782 2005 3836 Sic
2018 3783 2261 3835 vinetus.
2285 3783 2385 3837 Sed
2408 3785 2495 3837 hic

361 3876 619 3947 Mar-iang.
641 3874 922 3929 Accursius
937 3874 1118 3929 scribit
1134 3893 1228 3925 saa
1246 3892 1489 3941 quosque,
1517 3890 1579 3925 ac
1601 3872 1777 3945 legere
1796 3870 1911 3925 vult
1926 3890 2150 3938 quaeque.
2168 3871 2279 3924 Nec
2300 3882 2495 3925 temere

359 3962 602 4029 aliunde,
637 3982 798 4035 quam
831 3980 892 4015 ex
925 3962 1160 4018 Homero
1206 3961 1321 4033 ipso
1363 3960 1657 4015 intellectus
1696 3958 1929 4031 aperitur
1948 3994 1964 4019 ,
1997 3958 2089 4028 qui
2122 3971 2201 4011 est
2219 3995 2235 4020 ‚
2278 3964 2494 4027 Quoeque

357 4055 491 4103 acies
518 4067 786 4120 sequuntur
808 4053 1019 4121 Argivos
1047 4056 1098 4103 in
1139 4070 1232 4102 sua
1267 4053 1425 4109 bella,·
1448 4054 1597 4101 Tmes
1625 4060 1800 4101 autem
1829 4048 2051 4113 de‘spose'te'
2074 4049 2125 4096 ιή
2150 4058 2331 4099 ειη-ωας
2356 4052 2493 4116 equi-

356 4156 456 4191 teem
471 4181 487 4203 ‚
523 4144 798 4207 cuneosque
815 4144 1066 4207 pedestres
1080 4179 1096 4201 ,
1130 4142 1416 4207 clangentes
1440 4138 1631 4188 turbida
1654 4136 1961 4203 confundunt
1978 4136 2201 4201 agmina.
