2975 4684
493 334 632 407 328
1277 340 1829 409 REPOSIANI

586 464 798 530 Tutus
829 460 1188 547 adulterio,
1225 460 1470 553 dignus
1504 484 1706 555 quem
1750 460 1989 555 Cypris
2016 474 2307 546 amaret,
2574 480 2623 517 ³⁵

588 574 808 661 Quem
841 572 1082 666 Byblos
1117 570 1392 659 coleret,
1419 571 1665 669 dignus
1700 596 1897 665 quem
1929 572 2164 641 Gratia
2196 583 2427 639 servet.

587 680 764 751 Vilia
793 707 929 751 non
969 680 1086 752 illo
1115 681 1478 777 surgebant
1506 682 1809 775 gramina
1846 680 2041 768 luco;

587 793 886 885 Pingunt
925 816 1300 887 purpureos
1343 792 1699 861 candentia
1738 790 1871 860 lilia
1910 790 2137 877 flores;

587 906 806 972 Ornat
835 918 1012 971 terra
1043 928 1314 989 nemm,
1341 900 1569 972 nunc*
1600 901 1781 971 locos
1806 902 1967 971 vitis
2000 900 2377 983 inumbrat,

586 1015 786 1082 Nunc
813 1012 1041 1081 laurus
1061 1067 1082 1100 ‚
1107 1038 1289 1087 nunc
1319 1012 1883 1108 myrtus(habent
1898 1036 2021 1081 sua
2048 1036 2327 1081 munera
2354 1008 2589 1105 lauri):

578 1125 883 1217 Namque
914 1122 1024 1191 hic
1059 1148 1178 1217 per
1212 1122 1482 1195 frondes
1526 1121 1893 1193 redolentia
1924 1121 2058 1192 lilia
2091 1120 2417 1217 pendent,
2571 1143 2623 1185 ιι

586 1234 714 1303 Hic
753 1256 902 1301 rosa
937 1258 1090 1303 cum
1127 1232 1352 1321 violis,
1403 1233 1513 1301 hic
1548 1232 1769 1302 omnis
1809 1232 2023 1328 gratia
2054 1232 2325 1317 florum,

579 1345 708 1413 Hic
737 1344 913 1411 inter
955 1343 1163 1412 violas
1199 1368 1390 1413 coma
1423 1341 1642 1413 mollis
1674 1343 1820 1412 laeta
1852 1342 2216 1439 hyacinthi.

585 1452 852 1547 Dignus
887 1478 1116 1521 amore
1158 1453 1378 1540 locus,
1407 1456 1521 1523 cui
1555 1468 1659 1523 tot
1684 1468 1843 1523 sunt
1871 1478 2151 1523 munera
2184 1478 2451 1535 rerum,

519 1602 528 1612 ·
583 1566 742 1633 Non
774 1579 994 1632 tamen
1029 1566 1100 1631 in
1131 1563 1294 1633 lucis
1322 1588 1591 1652 aurum,
1626 1590 1766 1635 non
1794 1588 2093 1659 purpura
2123 1562 2363 1659 fulget,
2572 1588 2627 1631 4⁵

585 1671 736 1741 Flos
773 1672 1015 1763 lectus,
1052 1674 1172 1741 flos
1210 1672 1429 1744 vincla
1464 1677 1663 1758 toris,
1696 1676 2143 1745 substramina
2172 1674 2404 1743 flores:
2606 1668 2617 1687 '

485 1894 603 1948 cap.
625 1878 746 1941 131,
761 1874 1170 1947 descriptionem
1191 1876 1297 1930 loci
1319 1877 1509 1930 amoni

487 1956 796 2009 continente
813 1996 829 2023 ,
857 1956 1066 2027 legitur.

483 2074 486 2079 -
559 2036 644 2089 35.
685 2041 827 2087 sstem
875 2039 1136 2089 adulterio.
1197 2037 1282 2091 Sic
1329 2037 1511 2091 lucum

487 2134 752 2169 amoenum
771 2152 788 2178 ‚
823 2114 1046 2169 densum
1067 2116 1270 2169 umbris
1289 2128 1344 2169 et
1363 2118 1517 2189 aquis

489 2195 770 2265 irriguum,
787 2196 940 2265 quasi
957 2194 1180 2247 similem
1205 2195 1331 2248 huic
1340 2197 1515 2250 Vene-

489 2276 566 2327 ris
590 2310 606 2338 ,
645 2274 894 2330 describit
936 2274 1196 2345 Regianus
1247 2264 1322 2327 in‘
1347 2276 1513 2347 epigr.

490 2352 708 2406 Anthol.
729 2352 822 2407 lib.
842 2354 929 2404 111
949 2390 965 2417 ,
995 2352 1097 2407 53:
1141 2377 1164 2399 ι
1193 2352 1513 2425 Bellipotens

491 2432 710 2486 Mavors
722 2432 938 2495 ,Veneri
957 2432 1270 2503 gratissime,
1288 2432 1511 2486 furtum.

491 2511 593 2565 Hic
611 2530 828 2565 securus
847 2530 965 2565 ama
981 2552 997 2578 ,
1021 2511 1170 2565 locus
1197 2512 1284 2565 hic
1315 2513 1513 2584 ample·

491 2592 644 2645 xibus
675 2602 828 2661 aptus
849 2608 864 2643 :
887 2591 1164 2645 vulcanus
1199 2591 1515 2663 prohibetur

489 2670 640 2742 aquis
658 2708 675 2735 ,
705 2669 800 2724 Sol
821 2670 1040 2743 pellitur
1059 2672 1248 2725 umbra
1261 2698 1302 2721 n.

565 2751 653 2805 36.
675 2756 830 2818 Quem
865 2755 1043 2817 Byblos
1081 2756 1287 2812 coleret,
1333 2754 1515 2820 dignus

494 2849 657 2897 quem.
679 2830 885 2883 vitiose
901 2830 958 2883 in
977 2830 1182 2884 Divion.
1201 2834 1424 2900 dignum.
1450 2832 1517 2883 In

497 2908 646 2963 Laid.
687 2909 810 2963 cod.
845 2916 998 2978 Quem
1036 2912 1198 2963 Biblos
1233 2914 1404 2964 celer-ie
1440 2915 1520 2963 di-

490 3008 720 3058 gnusque
747 2994 918 3059 gratia
942 2994 1102 3044 servit.
1135 2990 1385 3061 Intelligit
1418 2991 1520 3064 By·

495 3068 626 3123 blon
639 3068 826 3123 urbem
837 3070 1023 3143 Syrie,
1039 3069 1274 3125 Adonidi
1293 3088 1520 3136 sacram,

497 3148 591 3201 ubi
612 3148 870 3221 templum
895 3150 1097 3222 Byblioe
1114 3149 1342 3203 Veneris
1377 3161 1519 3215 erat,

495 3238 550 3279 et
568 3226 825 3281 Adonidis
847 3229 996 3300 orgia
1017 3230 1414 3301 peragebatur.
1437 3230 1521 3283 De

497 3323 606 3377 qua
649 3305 772 3361 vide
820 3306 1034 3362 Lucina.
1075 3307 1144 3362 de
1177 3310 1288 3364 Dea
1331 3310 1484 3383 Syria
1502 3350 1520 3375 ,

499 3384 532 3451 S
556 3388 624 3452 6,
665 3398 717 3441 et
747 3384 926 3440 Strab.
951 3387 1042 3442 lib.
1068 3388 1232 3456 xvl,
1257 3407 1378 3461 pag.
1399 3388 1520 3461 755.

495 3463 676 3519 Bm.
701 3464 928 3519 Videtur
955 3478 1110 3537 poeta
1147 3468 1328 3522 lucum
1349 3469 1523 3522 Vene-

497 3543 600 3610 ris,
629 3562 788 3617 quem
806 3544 894 3600 hic
915 3545 1192 3613 describit,
1210 3547 1382 3621 Byblo
1397 3548 1521 3602 urbi

501 3622 734 3677 vicinum
753 3624 926 3679 faeere
939 3664 956 3691 ,
972 3626 1118 3698 quod
1135 3626 1294 3680 etiam
1317 3626 1523 3699 signifi-

499 3715 587 3758 cet
600 3722 781 3759 versus
798 3707 889 3760 66.

573 3784 658 3852 39.
680 3789 828 3837 Nunc
854 3790 987 3838 locos
1009 3788 1127 3837 υἱώ
1151 3789 1414 3840 inumbrat.
1440 3788 1526 3843 Sic

493 3861 714 3917 Salmas.
759 3876 814 3917 et
849 3864 1062 3919 Divion.
1095 3870 1230 3918 Iocus
1275 3866 1330 3919 in
1374 3866 1524 3921 Leid-

499 3941 646 4006 Quid
679 3941 726 3996 si
753 3962 887 3995 nunc
917 3948 1053 3996 lucos
1084 3948 1234 4007 vitis,
1272 3946 1358 3999 vel
1383 3967 1519 3999 nunc

499 4023 620 4071 eom
674 4022 796 4071 mitis
843 4026 1106 4077 inumbrat.
1148 4024 1327 4079 Bou.
1374 4032 1519 4077 Ιιοωε

499 4100 623 4149 unias
651 4098 808 4153 facile
839 4102 1164 4171 ιιι-κωπίω
1183 4140 1200 4168 ,
1227 4104 1330 4158 nisi
1351 4104 1414 4159 in
1439 4110 1518 4157 10-

1599 1898 1683 1929 cos
1705 1888 1983 1949 peccatum
2020 1877 2091 1929 ab
2128 1876 2245 1947 ipso
2280 1887 2432 1946 poeta
2476 1892 2593 1927 esse
2612 1914 2630 1940 ,

1598 1957 1692 2029 qui
1712 1956 1845 2009 alias
1858 1957 2185 2029 syllabarum
2202 1972 2509 2007 mensuram
2528 1972 2631 2006 ne-

1600 2036 1749 2110 gligit
1762 2075 1777 2097 ,
1795 2036 2093 2089 existimare
2115 2035 2267 2090 velis.

1673 2123 1760 2179 40.
1820 2120 2015 2167 Habent
2061 2134 2155 2165 sua
2210 2133 2417 2165 muno-a
2480 2113 2632 2163 lanei.

1602 2194 1855 2259 Quamvis
1872 2191 2285 2265 Oudendorpius
2304 2206 2355 2245 et
2370 2190 2637 2243 Burman-

1602 2292 1703 2327 nus
1736 2273 1889 2326 aliter
1918 2271 2243 2344 distinguere
2277 2272 2391 2325 hnc
2426 2268 2625 2335 verba,

1603 2367 1655 2407 et
1678 2374 1884 2405 mmmm
1910 2365 2115 2407 mutare
2142 2353 2199 2405 in
2224 2355 2431 2404 numism
2448 2349 2637 2403 volue-

1600 2436 1709 2487 rint
1726 2473 1742 2498 ‚
1766 2452 1867 2507 ego
1894 2446 2073 2487 tamen
2095 2433 2315 2504 planum
2342 2432 2521 2485 locum
2538 2467 2557 2495 ,
2578 2440 2637 2482 et

1600 2515 1734 2568 nihil
1768 2515 1825 2566 in
1850 2533 1915 2567 eo
1944 2510 2259 2566 mutandum
2282 2530 2395 2565 esse
2426 2527 2633 2564 censeo.
2660 2556 2678 2565 ,

1602 2594 1797 2647 Sensus
1806 2608 1904 2647 est:
1914 2594 2111 2647 Protei·
2124 2590 2343 2647 frondes
2356 2608 2479 2644 snas
2491 2589 2635 2643 lauri

1603 2674 1805 2727 habent
1827 2673 2113 2746 singularia
2138 2690 2357 2725 munera
2370 2710 2388 2735 ‚
2410 2670 2538 2742 quia
2564 2686 2635 2721 ex

1602 2752 1768 2805 lauris
1790 2754 2011 2825 insuper
2031 2752 2141 2807 lilia
2166 2750 2421 2824 pendent.

1678 2839 1765 2896 41.
1797 2836 2087 2887 Reddenda
2118 2836 2243 2887 lilia.
2280 2832 2369 2886 Sic
2400 2831 2632 2885 Salmas.

1606 2926 1657 2965 et
1685 2912 1931 2967 Leidens.
1958 2912 2077 2967 cod.
2098 2914 2165 2967 In
2185 2910 2489 2966 Divionensi
2514 2914 2636 2963 lan·

1602 2996 1803 3061 guentia
1825 2998 1949 3047 lilia.

1680 3076 1763 3137 46.
1791 3074 2131 3125 Subur-omina
2152 3076 2330 3145 stom.
2380 3068 2633 3124 Laidem.

1608 3150 1775 3207 codex
1799 3156 1887 3204 sub
1916 3156 2158 3215 mina,
2181 3168 2235 3207 et
2260 3153 2316 3205 in
2342 3166 2515 3221 marg.
2542 3152 2638 3199 sub

1604 3236 1858 3299 gmmine,
1883 3233 2053 3297 male3
2078 3232 2243 3299 infra,
2258 3252 2310 3286 v.
2328 3232 2426 3285 53:
2449 3230 2537 3282 Tu
2556 3228 2637 3283 le-

1608 3322 1758 3367 ctum
1796 3324 2073 3367 constet-ne
2104 3313 2236 3367 rosis
2249 3352 2266 3378 ,
2298 3323 2359 3364 tn
2388 3322 2529 3363 serta
2546 3328 2639 3381 pa-

1610 3402 1727 3444 rato
1742 3416 1789 3445 ι.
1808 3390 1913 3446 Sed
1937 3394 2077 3446 forte
2098 3391 2435 3446 distinctione
2456 3400 2508 3442 et
2526 3388 2639 3443 levi

1608 3470 1977 3526 emendatione
2006 3470 2298 3546 adjuvandi
2332 3469 2391 3524 hi
2416 3485 2631 3523 versus:

1610 3550 1771 3604 «Flos
1803 3552 1951 3607 lectis
1985 3550 2076 3605 dat
2105 3551 2281 3605 vincla
2300 3588 2317 3616 ,
2346 3548 2473 3604 toris
2508 3548 2637 3602 sub-

1608 3630 1865 3685 stramina
1918 3631 2073 3687 flores
2094 3672 2111 3699 ,
2156 3630 2373 3687 Deliciis
2416 3629 2638 3683 Veneris

1612 3707 1763 3763 dives
1788 3722 1979 3767 nature
2006 3712 2213 3765 laborat
2232 3736 2277 3765 n.
2304 3710 2389 3765 Cl.
2414 3706 2637 3762 Ouden-

1614 3788 1835 3864 dorpius
1870 3792 2213 3864 conjiciebat,
2246 3816 2273 3837 ιι
2290 3790 2411 3843 Flos
2438 3789 2633 3853 lectos,

1614 3868 1713 3924 flos
1736 3871 1906 3926 vincla
1924 3912 1940 3939 ,
1956 3872 2084 3926 toris
2100 3871 2463 3925 substramina
2478 3868 2635 3922 flores

1606 3950 1817 4005 Deliciis
1843 3952 2067 4006 Veneris
2094 3950 2243 4003 dives
2268 3961 2457 4003 natura
2484 3948 2635 4001 labo-

1606 4042 1691 4083 rat
1704 4056 1745 4084 ι.
1760 4032 1942 4085 Bmm.
1964 4030 2099 4083 Mihi
2124 4029 2251 4083 satis
2274 4026 2559 4083 commoda
2582 4038 2637 4081 et

1606 4108 1750 4163 clara
1778 4110 1935 4164 lectio
1951 4107 2193 4172 videtur,
2222 4124 2339 4181 qun
2360 4106 2503 4161 edita
2520 4120 2601 4160 est
2616 4142 2633 4170 ,
