2975 4684
547 353 680 419 AD
747 300 1278 425 EPITOMEN
1339 356 1759 425 1L1Anos
1826 358 2244 426 HoMEm.
2318 354 2461 427 613

342 471 631 535 rectione
662 492 828 559 opus
867 494 1004 537 esse
1029 494 1262 539 censeo
1281 523 1300 557 ,
1331 493 1408 541 ut
1441 475 1797 541 scribamus
1820 499 1837 541 ε
1860 499 2019 540 mox
2044 476 2215 543 hoste
2237 478 2467 567 rqmlsi

341 572 582 659 legatos
637 576 926 653 ηιὶιτιιητς
977 590 1054 638 ut
1073 578 1358 641 fortasse
1407 576 1757 666 respexerit
1806 593 2031 641 auctor
2070 599 2329 641 versum
2384 602 2409 641 1
2422 580 2460 641 3

340 679 488 743 libri
515 681 579 744 11
613 678 873 745 AEneid.

631 851 995 867 ...........
1008 816 1160 869 tracti
1179 816 1345 880 bello,
1375 817 1598 889 fatisque
1625 816 1821 888 repulsi

624 898 880 951 Ductores
906 898 1161 953 Danaum.

339 1068 589 1157 Nempe
623 1070 828 1136 Groeci
859 1073 941 1152 ii,
979 1073 1094 1159 qui
1123 1074 1214 1137 ita
1259 1074 1503 1161 repulsi
1540 1074 1621 1137 ab
1656 1074 1880 1153 hoste,
1912 1089 1979 1137 et
2017 1075 2187 1137 intra
2222 1075 2459 1139 vallum

339 1193 532 1235 suum
557 1174 796 1255 eoacti,
819 1196 934 1238 sua
957 1177 1082 1239 fata
1103 1175 1478 1263 gemebant,
1504 1198 1659 1239 mox
1683 1176 1915 1239 timore
1940 1171 2061 1239 suo
2086 1190 2282 1263 atque
2308 1198 2461 1241 cura

338 1290 822 1361 permoventur,
855 1290 933 1339 ut
952 1276 1194 1365 legatos
1221 1276 1305 1339 ad
1329 1276 1639 1341 Achillem
1659 1325 1677 1357 ,
1709 1277 1929 1341 auxilii
1958 1276 2221 1366 petendi
2238 1298 2455 1343 mussa

337 1375 614 1440 mittant.
650 1375 788 1440 Sub
818 1391 1014 1440 nocte
1039 1376 1180 1441 haec
1202 1379 1420 1441 omnia
1440 1378 1607 1442 facta
1630 1400 1767 1443 esse
1783 1427 1801 1460 ,
1834 1402 1985 1442 mox
2012 1392 2239 1442 auctor
2266 1401 2459 1442 versu

335 1474 464 1561 698
497 1474 800 1541 distincte
831 1493 896 1540 et
938 1476 1176 1543 diserte
1206 1477 1468 1545 indicat.
1506 1479 1721 1543 Subiit
1763 1497 2071 1569 praeterea
2112 1479 2417 1567 cogitatio
2440 1530 2457 1555 ,

335 1576 604 1641 fortasse
628 1599 780 1641 sana
809 1600 946 1642 esse
961 1578 1158 1642 verba
1197 1579 1370 1643 hoste
1399 1579 1675 1668 repukO,
1711 1597 1777 1643 et
1793 1596 2157 1659 auctorem,
2186 1580 2299 1667 qui
2323 1603 2455 1643 non

334 1676 580 1765 ubique
627 1679 890 1773 vestigia
926 1680 1229 1763 Homeri,
1263 1680 1378 1744 sed
1412 1681 1688 1746 subinde
1732 1698 1796 1745 et
1831 1683 2107 1746 aliorum
2142 1684 2458 1769 sequitur,

333 1778 600 1843 fortasse
629 1775 715 1842 ad
746 1780 934 1845 aliam
968 1779 1318 1845 hostilem
1301 1782 1733 1859 invasionem,
1772 1806 1843 1847 ea
1878 1798 2069 1847 nocte
2096 1782 2327 1849 factam
2346 1831 2365 1865 ,
2392 1800 2457 1847 et

333 1878 414 1943 ab
444 1880 568 1943 alio
595 1881 904 1968 scriptore
927 1898 1347 1946 memoratam
1365 1886 1787 1971 ,respexisse,
1825 1899 2051 1970 atque,
2088 1898 2161 1945 ut
2188 1883 2453 1947 brevius

333 1980 632 2068 eloquar,
666 1981 848 2070 quod
871 1982 1082 2046 sentio
1098 2030 1116 2062 ,
1151 1981 1275 2046 sub
1299 1985 1469 2049 hoste
1496 1985 1739 2073 repulso
1766 1985 1979 2071 ipsum
2012 1983 2327 2048 Achillem
2356 1985 2455 2047 in-

333 2080 561 2163 dicari,
599 2104 796 2169 quem
837 2105 990 2145 mox
1017 2084 1567 2149 reconciliandum
1596 2084 1718 2148 sibi
1752 2102 1817 2148 et
1847 2080 1928 2147 ad
1968 2084 2200 2147 auxilia
2232 2106 2451 2149 secum

325 2179 654 2271 jungenda
669 2182 1078 2248 invitandum
1102 2183 1429 2249 duxerunt
1454 2184 1679 2261 Graeci.
1700 2186 2021 2251 Nimirum
2054 2186 2275 2273 Dictys
2298 2189 2453 2249 Cre-

328 2284 528 2347 tensis
569 2300 917 2365 memorat‚
952 2286 1262 2350 Achillem
1305 2286 1686 2374 aliquand0‚
1746 2310 1952 2375 quum
2002 2288 2261 2367 injurias
2305 2310 2451 2351 suas

327 2384 550 2449 ulcisci
577 2404 844 2474 cuperet
859 2436 878 2468 ,
916 2385 1291 2451 Graecorum
1315 2406 1522 2453 castra
1540 2438 1557 2467 ‚
1590 2389 1753 2453 clam
1774 2389 2039 2477 quidem
2059 2438 2079 2469 ,
2100 2405 2175 2453 ut
2195 2389 2299 2453 ille
2324 2390 2413 2452 ait
2434 2440 2449 2463 ‚

327 2485 442 2551 sed
463 2504 539 2551 ut
553 2488 800 2576 reliqua
817 2511 1036 2553 rerum
1065 2490 1258 2553 series
1286 2490 1529 2555 indicat
1546 2540 1561 2569 ,
1600 2508 1803 2555 noctu
1828 2489 2127 2555 invadere
2150 2506 2448 2556 tentasse.

323 2586 492 2652 Nam
541 2590 973 2653 narrationem
1022 2612 1160 2653 eam
1209 2590 1295 2654 ita
1342 2592 1657 2671 instituit,
1705 2609 1778 2655 ut
1829 2608 1977 2655 ante
2010 2614 2149 2655 eam
2186 2591 2449 2679 quidem

327 2687 700 2754 conflictum
731 2690 1110 2755 Graecorum
1144 2714 1294 2755 cum
1319 2692 1611 2771 Trojanis
1646 2693 2119 2781 improsperum
2138 2740 2155 2772 ,
2186 2716 2449 2756 eorum·-

326 2812 456 2879 que
483 2791 566 2857 ad
595 2814 788 2857 naves
822 2794 1286 2882 regressionem
1325 2809 1673 2875 memoret,
1708 2810 1856 2881 post
1894 2816 2031 2857 eam
2070 2808 2287 2857 autem
2316 2794 2450 2857 Do-

322 2893 492 2959 lonis
522 2916 560 2958 a
589 2894 879 2975 Trojanis
911 2892 993 2957 ad
1027 2894 1448 2980 explorandas
1482 2917 1583 2957 res
1620 2895 1994 2958 Graecorum
2028 2894 2238 2972 missi,
2274 2908 2338 2957 et
2364 2894 2446 2959 ab

325 2996 552 3083 Ulysse
585 2996 960 3082 intercepti,
1001 2997 1207 3059 fatum
1239 3011 1493 3083 ponat,·
1517 2992 1809 3080 adeoque
1848 3007 2053 3057 totam
2085 3015 2257 3075 rem,
2296 2994 2447 3059 licet

323 3120 460 3163 non
511 3120 588 3161 ex
634 3098 952 3163 sententia
989 3097 1291 3177 Homeri,
1341 3112 1556 3160 tamen
1604 3094 1864 3176 eadem,
1903 3117 2033 3181 qua
2082 3093 2441 3177 Homerus,

322 3201 728 3265 connexione
765 3215 1002 3263 narret.
1049 3196 1244 3261 Nunc
1281 3198 1527 3287 integra
1580 3198 1847 3285 Dictyos
1896 3197 2218 3262 Cretensis
2252 3199 2444 3261 verba

320 3298 646 3388 adponam
693 3322 770 3364 ex
823 3299 933 3364 lib.
971 3300 1002 3362 Ι
1017 3347 1037 3378 ,
1081 3321 1216 3387 cap.
1269 3298 1396 3385 37:
1431 3328 1456 3355 σι
1474 3300 1745 3388 Jamque
1795 3299 2002 3364 Graeci
2059 3301 2329 3389 regressi
2362 3302 2443 3365 ad

321 3422 512 3465 naves
543 3423 720 3467 arma
741 3400 1095 3489 deponere,
1129 3422 1203 3465 ac
1228 3399 1464 3489 singuli
1498 3421 1613 3487 per
1642 3398 1783 3464 loca
1816 3400 2003 3467 solita
2029 3422 2266 3489 corpus
2293 3400 2441 3465 cibo

320 3524 548 3567 curare
579 3518 984 3590 occoeperant
1001 3550 1018 3582 ,
1054 3522 1260 3589 quum
1293 3500 1573 3565 Achilles
1602 3500 1814 3565 ultum
1846 3501 1941 3565 ire
1972 3501 2239 3588 cupiens
2270 3500 2441 3581 inju-

317 3604 476 3685 rias,
522 3604 780 3693 ignaros
813 3603 1062 3669 consilii
1094 3603 1194 3667 sui
1231 3617 1490 3667 nostros
1508 3650 1525 3684 ,
1560 3616 1625 3666 et
1657 3601 1744 3667 ob
1785 3601 1854 3666 id
1898 3604 2105 3667 otiose
2140 3617 2437 3690 agentes,

319 3705 483 3775 elam
505 3703 806 3771 invadere
833 3720 1056 3771 tentat.
1093 3707 1178 3768 At
1203 3704 1320 3768 ubi
1343 3703 1601 3791 Ulysses
1636 3726 1672 3766 a
1704 3701 2083 3768 custodibus
2100 3751 2119 3784 ‚
2153 3701 2266 3790 qui
2295 3724 2439 3765 eru-

317 3806 610 3896 ptionem
643 3806 780 3887 ejus
817 3820 1282 3895 praesenserant
1298 3852 1316 3885 ,
1359 3826 1497 3867 rem
1532 3804 1851 3892 comperit
1868 3851 1885 3882 ,
1928 3823 2203 3890 propere
2238 3798 2439 3865 duces

317 3908 826 3972 circumcursans
863 3930 1096 3997 magna
1129 3929 1284 3971 voce
1317 3922 1573 3986 monet,
1606 3922 1797 3993 atque
1826 3906 2145 3983 hortatur,
2190 3903 2285 3967 uti
2331 3925 2433 3967 ar-

319 4008 442 4071 mis
475 4006 754 4096 adreptis
798 4022 1138 4073 tuerentur
1182 4030 1316 4072 sese
1343 4030 1357 4071 :
1384 4006 1537 4071 dein
1583 4006 1923 4070 consilium
1966 4006 2433 4092 inceptumque

321 4110 578 4177 Achillis
611 4110 876 4198 singulis
910 4112 1152 4199 aperit:
1181 4132 1314 4199 quo
1351 4109 1615 4199 cognito
1636 4156 1655 4187 ,
1689 4108 1929 4173 clamor
1975 4106 2200 4195 ingens
2230 4106 2435 4169 oritur
