2975 4684
743 372 1200 439 EPITOME
1264 370 1690 440 ILIADOS
1752 372 2182 440 HOMERI.

2401 368 2527 464 57¹

495 494 750 585 Trojae‚
791 507 1254 587 contemptum
1297 492 1469 561 duro
1509 520 1576 561 se
1612 492 1833 561 reddit
1873 493 1957 561 ab
2004 478 2216 561 hoste.

596 608 864 674 Interea
906 604 1126 675 Danai
1163 604 1422 672 confusi
1467 604 1643 673 caede
1688 628 1959 671 suorum

495 720 806 809 Ingentes
845 729 1145 784 struxere
1182 739 1414 810 pyram,
1451 713 1857 808 collectaque
1900 716 2142 809 passim

495 825 722 893 Fortia
759 824 1183 893 tradiderunt
1223 826 1555 895 sociorum
1595 850 1875 919 corpora
1914 824 2215 893 flammis
2462 820 2565 881 6⁵0⁴

501 938 676 1007 Tum
717 949 1045 1003 renovant
1087 934 1330 1019 fossa5‚
1367 951 1434 1004 et
1473 934 1723 1003 vallum
1767 932 2009 1003 robore
2046 936 2343 1027 cingunt.

593 1050 781 1117 VIII.
826 1051 923 1117 Ut
961 1046 1250 1116 nitidum
1289 1050 1488 1115 Titan
1530 1046 1732 1114 radiis
1775 1046 2170 1140 patefecerat
2210 1045 2439 1113 orbem
2464 1099 2481 1127 ‚

497 1162 842 1227 Convocat
877 1159 947 1226 in
985 1173 1231 1227 coetum
1269 1160 1560 1252 Superos
1597 1158 1811 1242 Jovis‚
1843 1172 1911 1225 et
1946 1170 2173 1227 monet
2212 1180 2480 1239 omneS‚

499 1272 602 1339 Ne
645 1284 878 1337 contra
913 1294 1032 1338 sua
1072 1268 1250 1337 dicta
1291 1268 1499 1337 velint
1534 1267 1933 1337 contendere
1976 1269 2148 1336 Divi.

497 1384 646 1474 Ipse
686 1405 806 1475 per
845 1381 1159 1449 aethereas
1195 1380 1334 1449 caeli
1373 1381 1709 1450 delabitur
1744 1406 1973 1467 auraS‚

2462 1404 2541 1443 655

501 1492 986 1585 Umbrosisque
1029 1491 1225 1561 simul
1266 1491 1566 1562 consedit
1600 1492 1941 1560 montibus
1984 1491 2153 1560 ldae:

471 1682 592 1747 647.
633 1680 960 1745 Comernptum
995 1682 1118 1727 duro
1154 1698 1209 1729 se
1245 1692 1421 1729 nar-mc
1510 1688 1620 1730 tata
1643 1696 1755 1729 esse
1775 1688 1995 1729 constat.
2020 1678 2087 1727 A.
2109 1674 2357 1729 mendose
2376 1679 2543 1725 Fortia

402 1761 466 1808 ab
491 1760 657 1816 hoste,
699 1758 773 1809 sic
798 1755 997 1809 habent
1023 1756 1086 1808 A.
1113 1768 1168 1809 et
1204 1756 1335 1809 editi
1359 1756 1420 1808 L.

400 1836 461 1888 T.
482 1836 568 1907 Sp.
595 1834 696 1889 Sed
725 1835 790 1887 H.
811 1834 880 1887 G.
906 1854 929 1887 1
959 1847 1008 1887 et
1039 1856 1067 1887 2
1087 1835 1276 1888 melius
1302 1838 1424 1887 dum

406 1936 461 1967 se
487 1917 650 1967 reddit
664 1920 730 1965 ab
749 1920 901 1967 hoste.
929 1916 1116 1986 Neque
1142 1916 1281 1967 enim
1306 1934 1426 1969 ora-

403 1996 477 2047 tio
501 1995 618 2067 ipsa
642 1994 769 2047 Idaei
803 1996 869 2047 ab
909 1996 1143 2048 Homero
1178 1995 1424 2060 refertur,

402 2092 506 2146 qua
531 2092 584 2125 se
612 2086 974 2145 contemptum
1004 2086 1198 2127 narret.
1237 2074 1424 2145 Neque

401 2152 674 2206 offendere
695 2153 852 2207 debet
874 2174 928 2207 se
951 2158 1131 2212 reddit,
1153 2154 1300 2224 quod
1313 2156 1424 2225 jam

403 2230 574 2285 adfuit
613 2235 782 2283 iterum
825 2252 1060 2286 reversus.
1085 2233 1242 2287 ·Ta1is
1283 2226 1452 2285 enim*

401 2312 734 2383 pleonasmus
756 2312 1102 2384 frequens-est
1125 2314 1277 2366 bonis
1303 2314 1430 2366 scri-

401 2392 660 2463 ptoribus.
683 2392 964 2446 Suetonius
995 2393 1052 2444 in
1081 2392 1190 2445 Jul.
1223 2410 1342 2463 cap.
1369 2412 1426 2445 2:

403 2498 428 2515 ι
455 2471 588 2523 intra
621 2490 822 2543 paucos
855 2490 1040 2528 rursus
1069 2472 1182 2525 dies
1209 2473 1429 2543 repetita

403 2550 693 2622 Bithynia-o
697 2551 993 2605 ,Plautus‘
977 2570 1032 2604 m
1057 2552 1260 2605 Poenuli
1284 2552 1426 2606 Pmi.

540 2632 834 2684 «Revertor
867 2650 1050 2685 rursus
1089 2631 1267 2684 denuo
1305 2632 1429 2685 Car·-

547 2728 714 2761 nem-

404 2648 594 2851 {haga
625 2790 825 2856 Confusi
839 2808 873 2838 a
891 2792 1010 2840 sede
1030 2787 1098 2841 H.
1127 2808 1427 2863 perperam.

405 2868 653 2934 conflandi
670 2866 854 2919 dicunt
875 2867 1134 2938 sequioris
1161 2868 1430 2921 latinitatis

403 2946 678 3017 scriptores
695 2966 792 3017 pro
809 2946 1108 3017 perturbari
1130 2946 1324 2999 animo.
1345 2946 1428 3001 Sic

401 3026 643 3079 Juvenal.
681 3026 790 3079 Sat.
818 3026 927 3090 111,
964 3044 1040 3077 vs.
1064 3045 1092 3076 2
1121 3044 1135 3077 :
1175 3027 1426 3092 “Quam-

406 3106 488 3157 vis
521 3104 758 3177 digressu
795 3104 980 3157 veteris
1017 3105 1272 3159 confusus
1307 3106 1430 3159 ami-

405 3186 454 3237 ci
471 3210 512 3235 n.
551 3184 782 3250 Plinius,
807 3184 975 3255 Epist.
993 3184 1064 3249 V,
1091 3184 1142 3247 5,
1174 3202 1196 3236 1
1225 3202 1240 3236 :
1281 3211 1306 3231 a
1333 3187 1429 3256 qui

403 3265 621 3317 nuntius
639 3265 787 3335 gravi
811 3283 898 3315 me
919 3262 1103 3317 dolore
1122 3264 1364 3317 confudit
1381 3290 1426 3317 n.

404 3343 582 3409 Idem,
608 3344 806 3415 Paneg.
837 3362 886 3396 c.
928 3344 994 3396 86
1020 3361 1033 3394 :
1065 3368 1088 3388 ι
1113 3342 1294 3409 Quam
1331 3362 1429 3415 ego

405 3424 568 3477 audio
615 3424 988 3476 confusionem
1031 3434 1178 3475 tuam
1235 3422 1394 3475 fuisse
1411 3462 1426 3489 ,

406 3522 572 3574 quum
591 3502 975 3574 digredientem
992 3502 1428 3573 prosequereris».

409 3583 559 3635 Infra
577 3600 658 3647 ,·v.
680 3582 778 3635 681
797 3624 812 3648 ,
829 3580 955 3633 dicit
974 3582 1194 3635 Noster:
1226 3607 1247 3630 ι
1270 3580 1436 3633 Danai

408 3660 605 3714 turbati
632 3660 780 3715 oaede
803 3680 1024 3713 suorum
1043 3686 1088 3713 n.

479 3742 599 3794 650.
649 3740 755 3793 Pro
805 3743 1150 3802 tradiderant,
1202 3739 1348 3811 quod
1383 3741 1438 3793 in

407 3820 630 3891 vulgatis
679 3831 788 3886 est,
831 3820 1122 3872 Bussenius
1143 3861 1156 3885 ,
1199 3838 1318 3891 pag.
1342 3820 1406 3883 34
1423 3863 1437 3888 ‚

405 3898 792 3952 restituendum
806 3899 1092 3951 arbitratur
1109 3902 1438 3961 tradiderunt,

409 3991 461 4029 et
479 3989 636 4031 recte.
666 3979 803 4031 Nam
827 3978 949 4031 talia
977 3998 1006 4031 a
1029 3978 1262 4032 librariis
1287 3980 1438 4032 metri

324 4052 328 4056 ’
411 4057 584 4128 legum
631 4058 886 4130 imperitis
933 4070 984 4110 et
1037 4058 1438 4112 consuetudinis

409 4148 684 4208 poetarum
729 4136 927 4208 ignaris
963 4138 1154 4209 sepius
1199 4157 1435 4191 commu·

1513 1761 1745 1807 tendet-un
1757 1770 1791 1807 t.

1584 1835 1682 1888 651
1696 1876 1707 1887 .
1732 1840 1867 1886 Tunc
1885 1849 2130 1885 removent
2126 1838 2303 1901 fbssas
2320 1833 2542 1903 vulgatae

1514 1913 1633 1966 edd.
1653 1926 1831 1967 tenent
1848 1951 1864 1977 ,
1883 1912 2031 1985 quod
2048 1913 2291 1966 Bai-thius
2312 1908 2541 1973 dudum,

1498 2008 1631 2065 φας.
1660 1996 1817 2065 2807,
1858 1992 2169 2045 mutandum
2210 1994 2263 2043 in
2308 2006 2547 2045 renovant

1514 2074 1741 2133 censuit,
1758 2068 1797 2123 'i.
1819 2091 1866 2124 e.
1883 2072 2131 2123 reficiunt
2152 2083 2201 2123 et
2224 2072 2539 2123 instaurant.

1513 2150 1619 2205 Sed
1636 2151 1783 2224 quod
1792 2151 1881 2204 ille
1896 2153 2201 2223 conjectura
2219 2149 2543 2222 adsequatus

1518 2242 1594 2283 est
1612 2268 1628 2293 ,
1683 2230 1825 2283 ultro
1874 2230 2110 2282 offerunt
2154 2230 2279 2282 libri
2323 2242 2542 2281 veteres.

1522 2316 1657 2362 Tunc
1676 2324 1915 2363 renovant
1927 2311 2113 2381 legunt
2130 2310 2199 2361 H.
2220 2309 2284 2361 G.
2310 2328 2337 2359 2
2354 2350 2369 2374 ,
2405 2320 2457 2361 et
2472 2310 2536 2362 L.

1524 2394 1642 2439 Tum
1668 2404 1904 2441 renovant
1930 2392 2063 2441 vires
2080 2389 2149 2441 G.
2176 2406 2221 2441 1.
2240 2388 2346 2440 Pro
2372 2391 2543 2443 robore

1520 2470 1727 2537 cingunt
1755 2468 1825 2520 G.
1856 2488 1877 2521 1
1922 2469 2084 2521 habet
2120 2472 2291 2519 robore
2308 2472 2541 2539 firmant.

1518 2549 1723 2612 Robur,
1764 2560 1981 2601 notante
2018 2548 2237 2601 Bai-thio
2252 2590 2267 2613 ,
2305 2547 2545 2618 designat

1518 2627 1744 2699 ligneam
1762 2646 1962 2700 sepem,
1983 2630 2265 2680 roboreum
2287 2628 2541 2679 cinctum.

1519 2707 1665 2761 Talis
1694 2720 1867 2760 autem
1896 2709 2106 2760 roborei
2126 2707 2252 2761 valli
2277 2725 2412 2777 saepe
2432 2706 2541 2757 No-

1520 2800 1624 2841 ster
1644 2787 1881 2839 meminit
1899 2826 1914 2851 ,
1936 2800 1997 2839 ut
2021 2806 2073 2839 v.
2095 2786 2197 2839 683
2220 2798 2271 2839 et
2294 2789 2416 2855 764.

1592 2868 1715 2920 652.
1746 2874 1857 2917 Iam
1886 2870 2090 2917 nitidum
2118 2866 2184 2918 H.
2224 2865 2381 2916 Hunc
2420 2882 2540 2915 ver-

1520 2966 1634 2999 sum
1662 2945 1982 2998 Bondamius
2009 2947 2043 2998 l‘.
2065 2965 2114 2997 c.
2138 2956 2319 2997 monet
2356 2962 2418 2995 ex
2442 2945 2543 2994 hoc

1519 3024 1702 3079 Ovidii
1724 3026 1959 3078 effictum
1988 3044 2121 3089 esse,
2143 3024 2270 3076 Met.
2290 3022 2385 3089 nt,
2404 3024 2539 3092 796:

1530 3132 1553 3151 ιι
1566 3105 1777 3158 Postera
1797 3104 1891 3158 lux
1912 3104 2074 3157 radiis
2100 3116 2268 3156 totum
2291 3102 2548 3175 patefece-

1518 3197 1600 3237 rat
1628 3184 1809 3237 orbem
1831 3210 1852 3229 ι·
1871 3224 1884 3235 .
1922 3184 2009 3236 Sic
2040 3194 2091 3235 et
2116 3183 2266 3254 Virg.
2291 3187 2415 3235 AEn.
2442 3180 2542 3245 IV,

1524 3282 1547 3316 1
1562 3264 1655 3316 18:
1690 3288 1711 3309 ι
1733 3263 1823 3316 ubi
1846 3276 1993 3315 ortus
2015 3262 2443 3315 ExtuleritTitan
2464 3280 2545 3312 ra-

1519 3342 1723 3414 diisque
1745 3344 1987 3396 retexerit
2010 3344 2195 3395 orbem
2215 3368 2259 3393 a.

1590 3422 1711 3474 653.
1753 3427 1957 3489 Snpems
2004 3424 2135 3473 Joen's
2176 3422 2246 3474 Η.
2289 3422 2348 3471 A.
2386 3433 2438 3471 et
2485 3422 2545 3470 Ι..

1524 3506 1728 3568 Superos
1741 3516 1889 3569 pater
1912 3502 1979 3553 T.
2001 3502 2091 3555 sed
2116 3504 2247 3553 Iovis
2267 3501 2388 3552 satis
2412 3499 2549 3551 vide-

1528 3592 1617 3631 tur
1640 3582 1955 3633 auctoritate
1978 3582 2253 3633 munitum.
2277 3611 2346 3617 —
2363 3584 2427 3628 Et
2443 3598 2546 3629 mo·

1528 3674 1613 3712 net
1624 3663 1775 3712 armis
1794 3661 1862 3713 H.-
1884 3676 1931 3712 et
1945 3676 2110 3713 monet
2127 3664 2285 3711 orbem
2302 3658 2367 3710 G.
2389 3675 2410 3709 1
2423 3697 2437 3710 .

1600 3741 1723 3803 654.
1765 3746 1865 3793 Sua
1899 3744 2029 3792 dicta
2064 3740 2129 3791 H.
2166 3738 2229 3791 G.
2258 3758 2278 3790 1
2305 3751 2357 3789 et
2376 3757 2423 3790 2.
2448 3742 2546 3787 Sua

1520 3820 1637 3883 fata
1665 3820 1903 3891 vulgatae.

1599 3900 1719 3951 655.
1758 3902 2003 3950 Dilabi'cur
2044 3897 2109 3949 G.
2162 3919 2189 3949 ’.ι
2210 3938 2224 3961 ,
2272 3900 2331 3946 Α.
2380 3908 2431 3947 et
2484 3896 2546 3949 L.

1528 3980 1675 4029 horas
1700 3979 1769 4030 G.
1798 3998 1842 4031 2.

1603 4060 1725 4109 656.
1759 4060 1989 4108 Consedit
2007 4059 2243 4107 moenibus
2264 4054 2328 4107 G.
2356 4074 2376 4107 1
2412 4068 2464 4105 et
2486 4076 2513 4106 a
2533 4091 2548 4118 ,

1531 4140 1589 4188 Α.
1610 4138 1666 4189 L.
1690 4140 1913 4187 concedit
1929 4134 2014 4190 ed.
2031 4136 2155 4189 Tor.
2176 4148 2225 4189 et
2249 4136 2333 4206 Sp.
2355 4166 2423 4173 —-—-
2446 4132 2549 4185 Pro
