2975 4684
501 361 636 431 582

1345 360 1763 429 {NCERTI

599 484 1154 579 Amphimachum
1198 484 1589 569 obtruncat3
1620 504 1743 551 nec
1778 506 1913 551 non
1949 483 2288 551 occumbit
2320 486 2388 552 in
2422 487 2629 553 armis

589 592 898 665 Anchisae
933 616 1132 688 gener
1167 591 1561 679 Alcathou8‚
1599 617 1795 686 quem
1838 591 2102 661 fuderat
2138 616 2293 661 ense

594 705 1066 799 Magnanimus
1107 702 1346 773 ductor
1380 706 1692 789 Cretum3
1733 717 1892 771 tunc
1932 701 2225 772 fervidus
2262 704 2447 773 hasta
2548 726 2631 777 7⁸0

601 814 987 909 Deiphobus
1027 812 1181 882 ferit
1221 813 1702 906 Ascalaphum,
1743 814 2111 908 mergitque
2145 814 2270 882 suh
2305 814 2601 883 umbraS.

690 926 876 993 XIV.
915 926 1165 991 Hector
1203 922 1449 1017 ubique
1487 920 1671 991 ferox
1707 922 1999 991 violento
2030 938 2297 1016 pectore
2330 924 2543 1007 saevit,

597 1036 818 1122 Quem
856 1056 1014 1101 saxo
1049 1034 1300 1127 ingenti
1330 1056 1717 1127 percussum
1756 1034 2080 1101 maximus
2118 1035 2287 1126 Ajax

596 1143 906 1238 Depulit‚
946 1159 1012 1211 et
1056 1156 1198 1211 toto
1236 1158 1644 1237 prostratum
1688 1166 1965 1236 corpore
2002 1142 2191 1213 fudit.

597 1255 954 1323 Concurrit
993 1254 1282 1346 Trojana
1325 1276 1599 1338 manus»,
1634 1254 2080 1348 juvenemque
2125 1268 2501 1323 vomentem
2550 1282 2631 1333 με

599 1364 1010 1457 Sanguineos
1052 1363 1294 1431 fluctus
1331 1363 1586 1431 Xanthi
1624 1362 1843 1431 lavere.
1878 1363 2151 1433 fluento.

599 1470 764 1539 Inde
803 1472 1038 1539 iterum
1077 1471 1161 1539 ad
1201 1496 1493 1565 pugnam
1534 1471 1841 1557 redeunt,
1878 1473 1956 1541 fit
1988 1476 2275 1543 maxima
2312 1475 2519 1543 oeedes

603 1580 1010 1666 Amborum,
1051 1593 1116 1649 et
1154 1595 1380 1649 manat
1413 1579 1606 1650 tellus
1644 1583 1885 1651 infecta
1929 1607 2187 1653 cruore.
2586 1570 2595 1577 ⁵

691 1688 1080 1782 Polydamas
1117 1690 1338 1759 valido
1387 1692 1838 1761 Prothoenora
1886 1696 2167 1787 percutit
2201 1694 2369 1779 ictu,

503 1902 784 1974 legendum
838 1922 978 1966 esse,
1024 1922 1192 1974 eoque
1234 1904 1427 1956 Teucri
1475 1916 1527 1955 et

505 1983 691 2035 Imbrii
718 1983 933 2035 nomina
958 2002 1070 2036 esse
1093 1981 1418 2053 reponenda.

576 2062 695 2131 778.
734 2064 838 2113 Nec
872 2082 970 2113 non
1001 2064 1230 2113 incumbit
1267 2064 1316 2113 in
1354 2067 1522 2114 annis.

506 2140 592 2191 Sic
619 2139 867 2194 mendoue
896 2142 1076 2212 legunt
1104 2142 1344 2213 vulgatae.
1390 2140 1526 2193 Scri·

508 2217 738 2271 bendum
767 2231 844 2271 ent
865 2224 1122 2281 occumbit,
1159 2230 1215 2271 ut
1244 2220 1356 2289 lego
1375 2219 1431 2273 in
1454 2220 1523 2271 H.

510 2312 561 2349 et
588 2297 1036 2369 quemadmodum
1075 2312 1275 2352 exstare
1313 2299 1370 2353 in
1407 2301 1527 2353 Lei·

506 2376 674 2442 densi,
690 2388 847 2449 atque
861 2376 1206 2431 Schraderum
1225 2379 1339 2432 sine
1357 2380 1529 2451 Mopto

507 2456 790 2527 conjecisse
813 2466 1035 2508 testatur
1052 2456 1116 2508 cl.
1136 2457 1359 2527 Dorpius
1372 2494 1388 2521 ,
1407 2478 1528 2531 pag.

513 2550 625 2603 ¹²7·
657 2536 924 2585 procumbit
950 2535 1162 2588 exhibet
1187 2536 1254 2588 G.
1285 2554 1330 2589 1.

577 2630 701 2683 779.
727 2618 890 2666 Gener
907 2618 1171 2674 Achaeae'us,
1215 2616 1452 2686 ignotum
1476 2626 1529 2668 et

506 2694 814 2747 mendosum
836 2714 1029 2747 nomen
1051 2708 1129 2748 est
1153 2696 1206 2748 in
1229 2695 1406 2762 editis,
1427 2716 1522 2767 pro

505 2790 613 2846 quo
629 2776 896 2825 Alcathous
924 2793 994 2827 ex
1015 2774 1248 2827 Homero
1275 2786 1414 2828 recte
1437 2796 1521 2828 re·

505 2864 712 2924 ponunt
720 2854 953 2925 Dorpius
967 2865 1016 2906 et
1033 2854 1343 2907 Bussenius:
1361 2854 1526 2908 idem·

506 2951 611 3004 que
658 2950 851 2985 nomen
899 2944 1078 3005 aperte
1137 2932 1370 3006 produnt
1419 2947 1527 2987 tres

507 3012 691 3083 scripti
715 3013 836 3065 mei.

577 3091 697 3159 780.
726 3097 912 3142 Ductor
943 3095 1158 3143 Rhodius
1196 3104 1272 3145 est
1311 3094 1367 3144 in
1405 3112 1522 3145 om-

506 3171 661 3222 nihus
689 3169 872 3235 editis,
895 3182 945 3223 et
973 3182 1147 3223 tamen
1179 3170 1527 3237 Idomeneus,

505 3250 596 3321 qni
622 3246 934 3303 Alcathoum
965 3249 1191 3317 occidit,
1226 3254 1400 3303 ductor
1423 3254 1531 3302 Cre-

507 3344 605 3380 tum
633 3340 852 3381 vocatur
885 3330 954 3381 ab
989 3328 1244 3398 Homero,
1270 3328 1332 3383 Il.
1359 3330 1530 3386 xm,

510 3426 642 3474 221,
681 3408 816 3476 259,
857 3415 989 3479 274,
1026 3408 1248 3480 aliisque
1289 3410 1342 3463 in
1383 3410 1527 3463 locis.

506 3486 643 3541 Hinc
679 3500 822 3540 recte
854 3487 1100 3541 emendat
1133 3490 1361 3560 Dor-pius
1405 3489 1439 3542 l.
1474 3508 1527 3543 c.

505 3568 862 3635 Magnanimus
889 3570 1074 3619 ductor
1115 3570 1299 3620 &ettam
1315 3607 1332 3631 ,
1367 3568 1527 3640 idque

506 3664 613 3698 non
643 3644 803 3698 modo
830 3646 918 3699 ille
945 3644 1168 3700 adstruit
1192 3648 1418 3701 lectione
1441 3666 1529 3700 co-

506 3722 639 3778 dicis
679 3724 913 3777 biblioth.
953 3724 1123 3797 Lugd.
1161 3726 1272 3780 Bai.
1309 3727 1400 3798 qui
1435 3745 1535 3797 pro

505 3806 718 3855 Rhodius
743 3806 949 3855 Rhaelee's
976 3804 1136 3856 habet
1153 3844 1168 3871 ,
1194 3804 1284 3858 sed
1311 3824 1409 3877 ego
1437 3805 1535 3858 ad·

420 3890 428 3897 ‘
507 3901 679 3951 gerere
705 3902 734 3935 e
759 3882 965 3935 duobus
993 3882 1180 3955 Msptis
1203 3882 1378 3937 Guels.
1407 3902 1532 3955 pos-

506 3980 622 4012 sum
637 4001 652 4028 ,
673 3979 902 4033 quorum
930 3974 1150 4033 uterque
1169 3966 1375 4016 Retheus
1391 3963 1534 4035 legit.

505 4040 726 4091 Helmst.
757 4040 924 4093 simile
953 4040 1046 4092 sed
1075 4042 1350 4095 obscurius
1378 4060 1532 4094 voca-

506 4118 694 4169 bulum
721 4117 899 4171 habet.
931 4148 999 4159 -—
1023 4120 1124 4172 Pro
1141 4124 1368 4173 fervidus
1387 4124 1534 4174 hasta

1613 1904 1806 1976 legitur
1830 1908 2055 1957 Fervidus
2094 1908 2190 1958 ira.
2235 1904 2357 1957 Hoec
2397 1903 2635 1976 vulgata-

1614 2001 1731 2035 rum
1772 1983 1892 2036 edd.
1929 1985 2087 2035 lectio
2126 1982 2341 2036 defendi
2381 1982 2601 2055 quidem
2623 2022 2639 2045 ,

1616 2076 1867 2116 monente
1902 2062 1967 2115 cl.
1997 2062 2222 2136 Bon-pio,
2250 2082 2301 2134 p.
2351 2063 2478 2125 128,
2515 2060 2638 2115 loeo

1614 2142 1848 2195 Maronis
1886 2153 2093 2213 potest,
2122 2146 2243 2195 AEn.
2284 2140 2420 2193 VIII
2440 2180 2456 2205 ,
2498 2142 2634 2195 230:

1616 2248 1640 2266 ι·
1664 2234 1743 2275 ter
1794 2234 1961 2275 totum
2012 2220 2244 2275 fervidus
2292 2221 2369 2273 ira
2418 2220 2637 2273 Lustrat

1619 2302 1864 2355 Aventini
1888 2316 2121 2355 montem
2140 2327 2161 2347 ι
2180 2320 2196 2364 ;
2216 2320 2337 2354 vera
2360 2312 2537 2351 tamen
2562 2300 2639 2351 le-

1618 2381 1724 2433 ctio
1760 2392 1837 2434 est
1874 2396 1989 2433 tuac
2005 2384 2233 2451 fervidus
2266 2384 2413 2433 kasta
2430 2420 2444 2439 ,
2472 2398 2637 2450 quam

1618 2459 1704 2512 ille
1745 2460 1803 2511 in
1840 2458 1956 2513 cod.
1998 2458 2147 2511 Leid.
2192 2478 2353 2512 manu
2401 2458 2635 2512 secunda

1618 2537 1935 2609 adscriptam
1962 2539 2085 2609 legit
2102 2579 2117 2603 ‚
2134 2556 2231 2609 ego
2255 2538 2376 2591 item
2405 2538 2460 2589 in
2489 2538 2553 2589 H.
2582 2550 2640 2589 et

1617 2616 1680 2670 G.
1713 2637 1758 2670 2.
1786 2619 1971 2690 reperi.

1682 2700 1799 2767 781.
1818 2700 2140 2765 Ascelaplmm
2159 2696 2222 2748 G.
2250 2698 2640 2762 1.—Mergicque

1613 2779 1697 2828 sub
1731 2780 1893 2828 medas
1931 2776 2129 2827 absona
2160 2790 2237 2827 est
2268 2775 2425 2827 lectio
2460 2773 2641 2845 vulga-

1614 2869 1783 2909 torum
1806 2896 1821 2921 ,
1862 2856 1995 2927 quia
2046 2854 2121 2907 sic
2174 2852 2391 2927 quidem
2444 2852 2638 2925 Stygiae

1615 2954 1767 3009 aqum
1820 2934 2038 3005 intelligi
2090 2944 2373 3005 nequeunt.
2428 2931 2639 2985 Rectius

1615 3033 1737 3068 cum
1762 3014 1826 3066 G.
1851 3031 1874 3066 1
1898 3026 1947 3066 et
1977 3034 2005 3065 2
2036 3014 2211 3067 scribo
2236 3016 2324 3063 sub
2349 3016 2639 3063 umbras.—

1615 3096 1871 3148 Caeterum
1900 3093 2013 3145 haec
2040 3111 2175 3164 saepe
2205 3102 2574 3163 permutantur
2604 3108 2639 3141 a

1615 3173 1806 3226 scribis
1832 3184 1884 3224 et
1907 3172 2152 3225 librariis.

1693 3252 1812 3323 782.
1852 3254 2034 3319 Ubique
2058 3252 2204 3319 ser-m
2230 3262 2308 3303 est
2352 3250 2405 3301 in
2448 3248 2599 3301 editis
2620 3289 2637 3315 ,

1620 3330 1713 3384 sed
1727 3332 1887 3401 ferox
1916 3330 1972 3382 in
2001 3330 2169 3382 tribus
2197 3328 2396 3400 Msptis.

1688 3410 1810 3479 784.
1835 3412 2016 3461 Fundit
2033 3408 2098 3463 G.
2129 3429 2176 3460 2.

1687 3490 1806 3558 786.
1844 3488 1944 3540 Pro
1973 3488 2187 3559 vulgato
2200 3488 2403 3557 fluentis
2428 3483 2641 3538 videtur

1598 3574 1797 3640 fluento
1826 3567 2108 3638 legendum
2126 3608 2141 3633 ,
2161 3564 2309 3638 quod
2336 3566 2536 3617 habent
2566 3562 2639 3616 H.

1622 3660 1674 3699 et
1712 3648 1777 3700 G.
1820 3659 1952 3711 25et
1970 3650 2167 3715 fluente
2203 3646 2263 3698 L.
2302 3646 2367 3698 In
2402 3644 2468 3698 G.
2500 3662 2523 3696 1
2551 3643 2641 3695 hic

1621 3726 1877 3780 deficiunt
1912 3738 2018 3779 tres
2044 3744 2223 3778 versus
2241 3766 2255 3793 ,
2284 3724 2353 3777 ob
2392 3724 2640 3799 paginam

1622 3802 1761 3858 mala
1789 3823 1948 3857 manu
1975 3804 2214 3858 accisam.

1696 3885 1816 3955 788.
1839 3889 2089 3935 Immanat
2108 3884 2249 3935 tellus
2274 3880 2339 3933 Η.

1693 3963 1813 4032 789.
1832 3962 1943 4015 Hos
1972 3974 2200 4034 quatuor
2239 3979 2419 4014 versus
2441 3958 2639 4027 reddo,

1626 4043 1701 4096 uti
1730 4061 1821 4095 eos
1846 4060 1975 4095 cura
2000 4042 2095 4093 cel.
2129 4039 2433 4105 Bondamii,
2460 4058 2509 4111 p.
2542 4058 2635 4109 ¹7¹

1622 4140 1730 4193 seq.
1768 4138 1831 4174 ex
1867 4119 2083 4174 Homeri
2118 4118 2423 4172 narratione
2441 4154 2458 4181 ,
2486 4116 2637 4180 xlv,
