2975 4684
516 359 607 434 86

1118 365 1522 436 LUCILII
1577 363 2056 434 JUNIORIS

604 496 841 585 Quum
875 519 1079 591 super
1118 495 1429 566 incudem
1473 517 1826 565 numerosa
1867 495 1938 562 in
1972 493 2252 564 verbera
2287 493 2500 563 fortes

608 602 1041 674 Horrendum
1078 631 1326 705 magno
1366 619 1721 700 quaterent
1763 603 1888 674 sub
1923 604 2218 698 pondere
2257 603 2516 674 fulmen
2536 656 2558 692 ,

608 719 1105 814 Armarentque
1130 719 1405 802 Jovem3
1436 734 1632 810 turpe
1658 729 1760 783 est
1787 715 1930 784 sine
1963 716 2246 808 pignore
2277 737 2582 784 carmen.
2617 732 2670 775 *ο

704 825 1018 894 Proxima
1053 825 1311 894 vivaces
1346 824 1584 895 AEtnaei
1625 825 1889 894 verticis
1932 825 2120 918 ignes

606 933 825 1028 Impia
864 932 1179 1004 sollicitat
1210 933 1575 1030 Phlegraeis
1612 931 1838 1004 fabula
1879 935 2132 1004 castris.

606 1048 979 1115 Tentavere
996 1097 1018 1132 ‚
1052 1045 1267 1134 nefaS,
1302 1044 1464 1116 olim
1503 1044 1860 1114 detrudere
1901 1044 2157 1115 mundo

606 1155 876 1245 Sidera,
913 1157 1294 1251 captivique
1326 1157 1514 1226 Jovis
1547 1153 1909 1227 transferre
1945 1155 2271 1250 Gigantes

611 1268 979 1362 Imperium
1000 1318 1021 1353 ,
1060 1279 1129 1336 et
1160 1269 1339 1336 victo
1378 1263 1556 1362 leges
1593 1267 1934 1361 imponere
1977 1261 2160 1334 c'aelo.
2623 1281 2674 1324 ⁴⁵

592 1495 677 1552 38.
698 1501 974 1550 Numer-osa
992 1501 1043 1549 in
1062 1501 1294 1559 ver-bera,
1310 1509 1372 1550 ut
1388 1497 1546 1569 Vir-g.

520 1577 643 1630 AEn.
671 1577 841 1644 vm,
887 1577 1025 1643 452:
1056 1603 1081 1624 ιι
1100 1595 1297 1650 magna
1326 1578 1387 1632 vi
1425 1577 1550 1630 bra·

518 1655 639 1709 chia
664 1655 859 1709 tollunt
877 1659 939 1709 In
958 1675 1239 1710 numerum
1259 1682 1301 1708 n.

592 1737 679 1804 39.
722 1741 909 1804 Magno
940 1741 1031 1788 sub
1061 1739 1315 1806 pondere,
1354 1751 1548 1805 nempe

522 1814 835 1868 malleorum
854 1815 1168 1888 ingentium.

589 1901 680 1960 4ο.
701 1897 815 1946 Sine
828 1899 1069 1964 pignore,
1086 1895 1200 1948 sine
1216 1891 1546 1958 auctoritate,

518 1972 672 2044 signo
705 1973 789 2026 vel
826 1984 1143 2045 argumento
1169 1971 1295 2026 veri.
1328 1971 1445 2022 Hoc
1480 1971 1548 2026 si·-

518 2051 775 2122 gnifleatu
810 2053 1001 2122 saepius
1042 2051 1205 2105 utitur
1232 2052 1452 2112 Noster,
1488 2062 1550 2102 ut

520 2149 573 2182 v.
624 2129 722 2183 133
760 2142 811 2184 et
843 2131 945 2194 458
967 2168 983 2194 ,
1010 2140 1063 2182 et
1091 2129 1304 2183 Gratius
1330 2128 1549 2199 sapius,

520 2219 580 2259 ut
616 2209 818 2281 Cyneg.
858 2209 989 2260 300:
1019 2233 1045 2252 ιι
1062 2208 1173 2260 Nec
1202 2223 1289 2259 me
1318 2205 1552 2278 pignori-

518 2285 623 2339 bus
641 2327 659 2352 ,
681 2305 781 2338 nec
810 2297 863 2338 te
888 2303 1010 2338 mea
1043 2284 1283 2340 carmina
1304 2284 1492 2338 fallent
1509 2311 1553 2337 ιο.

520 2365 778 2418 Similiter
806 2364 965 2418 ovid.
998 2365 1139 2418 Fast.
1163 2365 1246 2416 111
1264 2404 1280 2430 ,
1308 2367 1377 2425 64
1402 2382 1416 2417 :
1462 2389 1483 2410 ι
1499 2376 1555 2416 et

521 2456 585 2496 ut
632 2443 821 2497 credar
838 2484 854 2510 ,
886 2443 1113 2516 pignora
1158 2452 1301 2496 certa
1345 2441 1484 2494 dabo
1507 2469 1552 2494 a.

520 2553 594 2564 —
612 2521 859 2576 Addatur
885 2522 1036 2574 locus
1068 2521 1308 2593 ejusdem
1332 2519 1512 2574 Ovidii
1536 2558 1554 2585 ,

521 2601 744 2654 Metam.
772 2603 829 2654 11
851 2639 867 2665 ,
918 2602 1020 2655 538
1042 2638 1059 2664 ,
1096 2600 1189 2653 ubi
1216 2601 1289 2652 ita
1316 2599 1556 2652 Phaeton

520 2690 731 2753 patrem
758 2679 1100 2754 adloquitur:
1142 2705 1167 2725 ιι
1196 2678 1424 2750 Pignora
1452 2677 1522 2731 da
1539 2713 1555 2742 ,

523 2759 755 2832 genitor,
778 2777 883 2830 ‚per
900 2775 1019 2829 (με
1041 2769 1133 2811 tua
1163 2775 1289 2811 vera
1316 2775 1556 2828 propago

523 2837 729 2894 Credar
756 2863 805 2891 ι.
832 2837 940 2891 En.
976 2841 1049 2878 -'-
1076 2837 1319 2890 Barthius
1338 2837 1393 2888 in
1412 2835 1552 2890 Adv.

522 2937 724 2970 carmem
751 2920 858 2969 sine
879 2919 1091 2986 pignore
1123 2916 1357 2969 breviter
1392 2916 1558 2987 expli·

522 3009 607 3050 cat
639 3017 837 3048 carmen
868 3015 1086 3056 mum,
1116 3013 1217 3066 pro
1237 3013 1377 3066 quo,
1398 2993 1483 3046 vel
1501 2994 1558 3046 in

524 3075 676 3148 quod
701 3094 861 3129 nemo
882 3076 1077 3147 pignus
1104 3073 1234 3128 dare
1253 3073 1401 3126 velit.

597 3161 689 3219 41.
712 3159 954 3206 Proxima
994 3165 1075 3207 est
1097 3173 1158 3207 ea
1196 3153 1376 3206 fabula
1395 3189 1412 3214 ,
1440 3170 1558 3223 qu·

526 3238 708 3301 impia,
730 3233 953 3304 impium
981 3235 1179 3286 bellum
1208 3244 1395 3286 contra
1418 3235 1560 3284 Deos

524 3325 831 3366 commenta
849 3353 865 3378 ,
892 3315 1158 3381 Phlegra-is
1184 3315 1385 3372 castris,
1416 3309 1558 3361 bello

528 3410 593 3444 eo
621 3389 679 3444 in
703 3390 901 3462 campis
921 3390 1199 3462 Phlegraeis
1222 3401 1367 3461 gesto
1381 3430 1397 3456 ,
1422 3392 1560 3439 solli-

525 3475 679 3532 citat,
700 3470 891 3523 excitat
926 3481 978 3538 et
1004 3470 1199 3524 exoriri
1234 3468 1393 3530 facit,
1424 3471 1558 3536 ignes

526 3555 749 3612 vivaces,
782 3568 916 3621 quos
934 3568 1173 3620 per-ermes
1192 3565 1349 3604 ver-su
1375 3551 1438 3599 25
1473 3545 1556 3598 di-

524 3631 628 3699 xit,
666 3634 852 3682 AEtnoei
880 3632 1079 3683 verticis
1120 3629 1207 3682 vel
1248 3625 1463 3677 montis.
1486 3655 1558 3665 —-

525 3710 611 3762 Ita
644 3710 803 3781 plane
823 3709 1129 3770 Lucretius,
1152 3707 1227 3770 V,
1262 3706 1360 3758 163
1381 3743 1397 3770 ,
1428 3703 1562 3757 dicit

526 3791 801 3842 sollicitare
834 3791 1071 3839 nuendum
1108 3804 1174 3835 ex
1208 3785 1307 3835 suis
1332 3785 1524 3834 sedibus
1539 3821 1556 3843 ,

528 3882 579 3919 ec
614 3872 680 3918 ab
719 3870 815 3918 imo
856 3881 1096 3925 evertere,
1143 3881 1245 3933 pro
1292 3861 1524 3914 scribere
1541 3899 1558 3923 ,

526 3943 985 4018 quemadmodum
1008 3944 1251 3996 futurum
1265 3941 1332 3992 sit
1348 3951 1408 3992 ut
1420 3957 1561 3994 ever-

530 4035 692 4076 tatur.
716 4023 824 4076 En.

600 4107 633 4166 4
640 4123 686 4156 2.
698 4105 964 4170 Phlegraeis
975 4101 1149 4154 casei-is
1164 4098 1325 4152 habet
1336 4097 1559 4153 Helmst.

1633 1508 1686 1551 et
1725 1497 1989 1570 pleraque
2027 1506 2134 1548 vet.
2165 1493 2310 1566 quod
2350 1493 2518 1548 etiam
2554 1491 2680 1548 vult

1633 1576 1882 1630 Heinsius
1907 1574 1978 1630 ad
2003 1573 2167 1628 Ovid.
2201 1573 2403 1627 Metam
2432 1574 2506 1636 X,
2541 1571 2676 1640 1513

1635 1659 1822 1723 eampis
1866 1651 2038 1726 Lugd.
2093 1665 2146 1706 et
2187 1657 2456 1726 Φλεγραῖον
2495 1651 2680 1708 arulfo*
2725 1696 2733 1702 .

1635 1733 1836 1788 Gracia
1869 1733 2088 1787 dictum.
2117 1732 2404 1804 Phlegram
2431 1743 2486 1784 et
2517 1732 2681 1784 Phle-

1635 1831 1804 1884 graeos
1853 1831 2070 1884 campos
2109 1811 2200 1864 alii
2243 1812 2298 1864 in
2337 1812 2685 1864 Chersoneso

1635 1891 1976 1949 Macedonica
1989 1892 2058 1946 ad
2073 1890 2250 1945 sinum
2261 1891 2656 1944 Thermaicum
2665 1928 2682 1954 ,

1637 1972 1730 2024 alii
1755 1972 1809 2025 in
1849 1991 1978 2043 agro
2007 1972 2254 2024 Cumano
2289 1970 2462 2023 Italia
2481 2012 2499 2036 ,
2535 1971 2686 2042 igni-

1635 2053 1738 2105 bus
1754 2051 2105 2104 subter-rancia
2124 2061 2312 2102 exusto
2339 2059 2392 2102 et
2417 2067 2550 2102 cum
2569 2049 2684 2102 hoc

1639 2130 1774 2185 adeo
1808 2131 2008 2183 bellum
2040 2129 2342 2201 giganteum
2365 2166 2382 2192 ,
2423 2141 2646 2200 ponunt
2667 2147 2684 2182 ε

1637 2210 1828 2282 insigni
1871 2211 2188 2280 scriptorum
2215 2207 2553 2262 dissensione
2569 2249 2586 2274 ,
2615 2207 2688 2261 de

1640 2308 1748 2362 qua
1779 2289 2044 2342 luculente
2075 2287 2364 2360 disputavit
2405 2288 2689 2342 Gesnerus

1643 2369 1712 2422 ad
1737 2367 2016 2421 Claudiani
2055 2366 2260 2439 praefat.
2313 2366 2380 2420 de
2399 2367 2483 2418 Vl
2518 2367 2690 2420 Cons.

1641 2447 1786 2500 Hon.
1817 2465 1938 2518 pag.
1976 2453 2100 2510 444.
2137 2477 2210 2488 --
2242 2450 2510 2514 Pmegraea
2547 2465 2694 2518 quo-

1642 2543 1748 2596 que
1774 2541 1939 2576 eastra
1963 2525 2204 2578 nominat
2219 2525 2416 2580 Statius
2435 2565 2454 2592 ,
2481 2525 2693 2579 Achin.

1644 2604 1736 2657 lib.
1766 2604 1850 2656 III
1871 2643 1887 2666 ‚
1915 2623 2036 2676 pag.
2063 2609 2165 2657 622
2184 2643 2200 2668 ,
2237 2604 2327 2657 ed.
2347 2605 2515 2657 Cruc.
2547 2631 2575 2650 ιι
2601 2607 2696 2660 sic

1644 2701 1812 2756 quum
1827 2683 2088 2754 pallentes
2105 2683 2374 2754 Phlegraea
2409 2683 2470 2734 in
2509 2695 2694 2738 castra

1645 2762 1854 2815 coirent
1895 2762 2154 2815 Colicolae
2181 2787 2224 2816 ιο.
2275 2761 2488 2834 Opinio
2513 2803 2532 2828 ,
2578 2783 2694 2836 qua

1647 2841 1822 2912 campi
1841 2839 2101 2909 Phlegraei
2123 2841 2180 2894 in
2213 2841 2366 2894 Italia
2383 2855 2699 2913 ponuntur,

1645 2921 1750 2973 hoc
1784 2920 2046 2992 precipue
2084 2921 2392 2974 consu-mari
2435 2921 2694 2988 videtur,

1644 2997 1793 3070 quod
1809 2997 2073 3052 Diodorus
2085 3000 2244 3053 Sicul.
2260 3001 2335 3053 ait
2351 3017 2479 3052 eum
2498 3001 2559 3054 in
2577 3003 2697 3056 Ita-

1645 3078 1714 3130 lia
1755 3079 1896 3131 cir·ca
1925 3081 2122 3132 Cumas
2142 3099 2414 3151 pugnasse
2433 3099 2566 3132 cum
2599 3082 2698 3135 Gi-

1645 3158 1924 3230 gantibus,
1959 3159 2216 3211 Biblioth.
2254 3159 2360 3223 IV,
2405 3163 2534 3212 228.
2557 3159 2695 3212 Vid.

1645 3249 1786 3290 nost.
1803 3234 2082 3292 Claudim.
2105 3237 2215 3292 vol.
2241 3238 2300 3288 11
2315 3275 2331 3301 ,
2354 3257 2408 3308 p.
2429 3245 2524 3306 94.
2555 3239 2666 3292 En.

1717 3315 1804 3377 43.
1827 3319 2096 3366 Detrudere
2121 3321 2338 3378 mundo,
2360 3317 2423 3370 b.
2445 3337 2499 3369 e.
2532 3319 2697 3383 caelu,

1645 3407 1704 3446 ut
1731 3411 1870 3446 mox.
1913 3393 2030 3446 Hoc
2069 3413 2226 3447 sensu
2267 3395 2512 3450 mundus
2551 3415 2700 3470 saepe

1644 3474 1968 3546 appellatum
1987 3473 2267 3540 Manilius,
2285 3475 2382 3528 lib.
2404 3476 2434 3528 1
2454 3517 2472 3542 ,
2495 3479 2527 3531 3
2545 3514 2564 3540 ,
2580 3505 2608 3523 α
2621 3479 2709 3531 Si-¹

1645 3551 1772 3606 dera
1820 3549 2054 3605 diversos
2099 3551 2385 3606 hominum
2424 3557 2700 3609 variantia

1645 3651 1797 3686 casus
1815 3671 1830 3696 ‚
1869 3631 2102 3683 Caelestis
2134 3633 2362 3686 rationis
2389 3655 2535 3706 opus
2558 3674 2574 3699 ,
2605 3635 2700 3688 de-

1646 3709 1838 3763 ducere
1855 3707 2060 3762 mundo
2074 3711 2372 3782 Aggredior
2383 3732 2432 3778 ”3
2455 3727 2509 3767 et
2526 3716 2626 3768 lib.
2647 3717 2699 3780 Ι,

1645 3787 1776 3860 759:
1798 3813 1823 3832 a
1841 3787 2111 3841 AEthereos
2133 3791 2322 3844 vivunt
2341 3811 2518 3847 annos
2541 3813 2702 3848 mun-

1647 3867 1822 3938 doque
1841 3867 2092 3919 fruuntur
2111 3895 2136 3912 »
2151 3907 2166 3932 ,
2185 3889 2348 3942 quem
2370 3872 2556 3926 locum
2577 3874 2703 3926 imi-

1648 3957 1790 4000 tatur
1807 3943 2100 4014 anme
2117 3985 2133 4008 ‚
2157 3955 2242 4011 40.
2267 3949 2434 4003 Plura
2449 3954 2701 4023 exempla

1647 4021 1795 4076 dabit
1847 4024 2250 4080 Drakenborch.
2300 4028 2372 4082 ad
2418 4029 2514 4084 Sil.
2577 4031 2700 4084 Ital.

1652 4101 1778 4164 ΧΠ,
1804 4119 1926 4173 pag.
1947 4101 2072 4156 336.
