<?xml version="1.0" encoding="UTF-8"?>
<!DOCTYPE html PUBLIC "-//W3C//DTD XHTML 1.0 Transitional//EN"
    "http://www.w3.org/TR/xhtml1/DTD/xhtml1-transitional.dtd">
<html xmlns="http://www.w3.org/1999/xhtml" xml:lang="en" lang="en">
 <head>
  <title>
</title>
<meta http-equiv="Content-Type" content="text/html;charset=utf-8" />
  <meta name='ocr-system' content='tesseract 3.04.00' />
  <meta name='ocr-capabilities' content='ocr_page ocr_carea ocr_par ocr_line ocrx_word'/>
</head>
<body>
  <div class='ocr_page' id='page_1' title='image "./poetaelatinimin00unkngoog_0350.png"; bbox 0 0 2975 4684; ppageno 0'>
   <div class='ocr_carea' id='block_1_1' title="bbox 641 318 2187 439">
    <p class='ocr_par' dir='ltr' id='par_1_1' title="bbox 641 318 2187 439">
     <span class='ocr_line' id='line_1_1' title="bbox 641 318 2187 439; baseline 0.004 -6"><span class='ocrx_word' id='word_1_1' title='bbox 641 318 1085 435; x_wconf 79' lang='lat' dir='ltr'><strong>coNcUB.</strong></span> <span class='ocrx_word' id='word_1_2' title='bbox 1133 368 1512 436; x_wconf 75' lang='lat' dir='ltr'><strong>MAnTls</strong></span> <span class='ocrx_word' id='word_1_3' title='bbox 1562 368 1685 436; x_wconf 87' lang='lat' dir='ltr'><strong>ET</strong></span> <span class='ocrx_word' id='word_1_4' title='bbox 1735 368 2187 439; x_wconf 79' lang='lat' dir='ltr'><strong>VENERIS.</strong></span> 
     </span>
    </p>
   </div>
   <div class='ocr_carea' id='block_1_2' title="bbox 2338 364 2468 457">
    <p class='ocr_par' dir='ltr' id='par_1_2' title="bbox 2338 364 2468 457">
     <span class='ocr_line' id='line_1_2' title="bbox 2338 364 2468 457; baseline -0.023 -16"><span class='ocrx_word' id='word_1_5' title='bbox 2338 364 2468 457; x_wconf 65' lang='lat'><strong>341</strong></span> 
     </span>
    </p>
   </div>
   <div class='ocr_carea' id='block_1_3' title="bbox 431 486 2483 1129">
    <p class='ocr_par' dir='ltr' id='par_1_3' title="bbox 434 486 2167 579">
     <span class='ocr_line' id='line_1_3' title="bbox 434 486 2167 579; baseline 0.002 -22"><span class='ocrx_word' id='word_1_6' title='bbox 434 486 811 557; x_wconf 85' lang='lat' dir='ltr'><strong>Incubuere</strong></span> <span class='ocrx_word' id='word_1_7' title='bbox 846 512 1123 573; x_wconf 73' lang='lat' dir='ltr'><strong>manue,</strong></span> <span class='ocrx_word' id='word_1_8' title='bbox 1161 487 1448 558; x_wconf 88' lang='lat' dir='ltr'><strong>multum</strong></span> <span class='ocrx_word' id='word_1_9' title='bbox 1486 486 1680 559; x_wconf 85' lang='lat' dir='ltr'><strong>dolor</strong></span> <span class='ocrx_word' id='word_1_10' title='bbox 1716 489 1973 559; x_wconf 84' lang='lat' dir='ltr'>addidit</span> <span class='ocrx_word' id='word_1_11' title='bbox 2006 494 2167 579; x_wconf 83' lang='lat' dir='ltr'><strong>arti3</strong></span> 
     </span>
    </p>

    <p class='ocr_par' dir='ltr' id='par_1_4' title="bbox 433 598 2483 917">
     <span class='ocr_line' id='line_1_4' title="bbox 434 598 2483 699; baseline 0.003 -32"><span class='ocrx_word' id='word_1_12' title='bbox 434 600 660 687; x_wconf 83' lang='lat' dir='ltr'><strong>Quam</strong></span> <span class='ocrx_word' id='word_1_13' title='bbox 685 598 822 668; x_wconf 84' lang='lat' dir='ltr'><strong>cito</strong></span> <span class='ocrx_word' id='word_1_14' title='bbox 847 613 1090 669; x_wconf 84' lang='lat' dir='ltr'><strong>cuncta</strong></span> <span class='ocrx_word' id='word_1_15' title='bbox 1114 614 1358 694; x_wconf 83' lang='lat' dir='ltr'><strong>gerunt</strong></span> <span class='ocrx_word' id='word_1_16' title='bbox 1381 624 1523 687; x_wconf 73' lang='lat' dir='ltr'><strong>am,</strong></span> <span class='ocrx_word' id='word_1_17' title='bbox 1539 624 1785 669; x_wconf 89' lang='lat' dir='ltr'><strong>nomen</strong></span> <span class='ocrx_word' id='word_1_18' title='bbox 1801 653 1822 690; x_wconf 86' lang='lat'>‚</span> <span class='ocrx_word' id='word_1_19' title='bbox 1844 600 2113 672; x_wconf 79' lang='lat' dir='ltr'><strong>flamma</strong></span> <span class='ocrx_word' id='word_1_20' title='bbox 2134 656 2153 691; x_wconf 93' lang='lat'>,</span> <span class='ocrx_word' id='word_1_21' title='bbox 2168 604 2446 674; x_wconf 85' lang='lat' dir='ltr'><strong>maritus</strong></span> <span class='ocrx_word' id='word_1_22' title='bbox 2462 664 2483 699; x_wconf 81' lang='lat'>‚</span> 
     </span>
     <span class='ocr_line' id='line_1_5' title="bbox 433 706 2483 807; baseline 0.003 -29"><span class='ocrx_word' id='word_1_23' title='bbox 433 712 582 797; x_wconf 85' lang='lat' dir='ltr'><strong>Ira,</strong></span> <span class='ocrx_word' id='word_1_24' title='bbox 614 706 842 778; x_wconf 86' lang='lat' dir='ltr'><strong>dolor:</strong></span> <span class='ocrx_word' id='word_1_25' title='bbox 871 733 1028 778; x_wconf 82' lang='lat' dir='ltr'><strong>nam</strong></span> <span class='ocrx_word' id='word_1_26' title='bbox 1055 710 1169 778; x_wconf 82' lang='lat' dir='ltr'><strong>vix</strong></span> <span class='ocrx_word' id='word_1_27' title='bbox 1199 734 1501 780; x_wconf 83' lang='lat' dir='ltr'><strong>caussam</strong></span> <span class='ocrx_word' id='word_1_28' title='bbox 1536 726 1699 780; x_wconf 85' lang='lat' dir='ltr'><strong>tunc</strong></span> <span class='ocrx_word' id='word_1_29' title='bbox 1736 710 1909 781; x_wconf 85' lang='lat' dir='ltr'><strong>forte</strong></span> <span class='ocrx_word' id='word_1_30' title='bbox 1937 713 2237 807; x_wconf 85' lang='lat' dir='ltr'><strong>jubendo</strong></span> <span class='ocrx_word' id='word_1_31' title='bbox 2406 735 2483 775; x_wconf 76' lang='lat'><strong>¹⁶⁶</strong></span> 
     </span>
     <span class='ocr_line' id='line_1_6' title="bbox 435 818 2146 917; baseline 0.004 -30"><span class='ocrx_word' id='word_1_32' title='bbox 435 820 755 917; x_wconf 79' lang='lat' dir='ltr'><strong>Dixerat,</strong></span> <span class='ocrx_word' id='word_1_33' title='bbox 793 834 862 889; x_wconf 90' lang='lat' dir='ltr'><strong>et</strong></span> <span class='ocrx_word' id='word_1_34' title='bbox 895 818 1138 889; x_wconf 80' lang='lat' dir='ltr'><strong>vindex</strong></span> <span class='ocrx_word' id='word_1_35' title='bbox 1171 820 1416 915; x_wconf 84' lang='lat' dir='ltr'><strong>conjux</strong></span> <span class='ocrx_word' id='word_1_36' title='bbox 1444 822 1585 915; x_wconf 82' lang='lat' dir='ltr'><strong>jam</strong></span> <span class='ocrx_word' id='word_1_37' title='bbox 1621 820 1840 892; x_wconf 81' lang='lat' dir='ltr'><strong>vincla</strong></span> <span class='ocrx_word' id='word_1_38' title='bbox 1874 821 2146 893; x_wconf 85' lang='lat' dir='ltr'><strong>ferebat.</strong></span> 
     </span>
    </p>

    <p class='ocr_par' dir='ltr' id='par_1_5' title="bbox 434 929 1970 1027">
     <span class='ocr_line' id='line_1_7' title="bbox 434 929 1970 1027; baseline 0.001 -28"><span class='ocrx_word' id='word_1_39' title='bbox 434 934 729 1001; x_wconf 80' lang='lat' dir='ltr'><strong>Venerat</strong></span> <span class='ocrx_word' id='word_1_40' title='bbox 757 930 842 1000; x_wconf 82' lang='lat' dir='ltr'><strong>ad</strong></span> <span class='ocrx_word' id='word_1_41' title='bbox 876 929 1060 1001; x_wconf 89' lang='lat' dir='ltr'><strong>lucos</strong></span> <span class='ocrx_word' id='word_1_42' title='bbox 1083 983 1102 1018; x_wconf 93' lang='lat'>,</span> <span class='ocrx_word' id='word_1_43' title='bbox 1139 956 1276 1000; x_wconf 89' lang='lat' dir='ltr'><strong>non</strong></span> <span class='ocrx_word' id='word_1_44' title='bbox 1319 932 1447 1027; x_wconf 87' lang='lat' dir='ltr'><strong>ipsi</strong></span> <span class='ocrx_word' id='word_1_45' title='bbox 1482 932 1665 1003; x_wconf 78' lang='lat' dir='ltr'><strong>visus</strong></span> <span class='ocrx_word' id='word_1_46' title='bbox 1702 934 1970 1021; x_wconf 81' lang='lat' dir='ltr'><strong>Amori,</strong></span> 
     </span>
    </p>

    <p class='ocr_par' dir='ltr' id='par_1_6' title="bbox 431 1040 1964 1129">
     <span class='ocr_line' id='line_1_8' title="bbox 431 1040 1964 1129; baseline 0.001 -17"><span class='ocrx_word' id='word_1_47' title='bbox 431 1043 593 1113; x_wconf 85' lang='lat' dir='ltr'><strong>Non</strong></span> <span class='ocrx_word' id='word_1_48' title='bbox 626 1040 924 1129; x_wconf 79' lang='lat' dir='ltr'><strong>chariti,</strong></span> <span class='ocrx_word' id='word_1_49' title='bbox 951 1054 1126 1111; x_wconf 84' lang='lat' dir='ltr'><strong>totas</strong></span> <span class='ocrx_word' id='word_1_50' title='bbox 1160 1042 1294 1111; x_wconf 82' lang='lat' dir='ltr'><strong>arti</strong></span> <span class='ocrx_word' id='word_1_51' title='bbox 1337 1041 1770 1112; x_wconf 82' lang='lat' dir='ltr'><strong>mandaverat</strong></span> <span class='ocrx_word' id='word_1_52' title='bbox 1814 1042 1964 1113; x_wconf 80' lang='lat' dir='ltr'><strong>iras.</strong></span> 
     </span>
    </p>
   </div>
   <div class='ocr_carea' id='block_1_4' title="bbox 432 1150 2131 1245">
    <p class='ocr_par' dir='ltr' id='par_1_7' title="bbox 432 1150 2131 1245">
     <span class='ocr_line' id='line_1_9' title="bbox 432 1150 2131 1245; baseline 0.001 -25"><span class='ocrx_word' id='word_1_53' title='bbox 432 1150 724 1221; x_wconf 81' lang='lat' dir='ltr'>Vincula</span> <span class='ocrx_word' id='word_1_54' title='bbox 759 1167 920 1221; x_wconf 85' lang='lat' dir='ltr'><strong>tunc</strong></span> <span class='ocrx_word' id='word_1_55' title='bbox 955 1152 1266 1221; x_wconf 78' lang='lat' dir='ltr'><strong>manibus</strong></span> <span class='ocrx_word' id='word_1_56' title='bbox 1305 1176 1627 1245; x_wconf 86' lang='lat' dir='ltr'><strong>suspenso</strong></span> <span class='ocrx_word' id='word_1_57' title='bbox 1666 1150 2131 1222; x_wconf 74' lang='lat' dir='ltr'><strong>molliter-ictu</strong></span> 
     </span>
    </p>
   </div>
   <div class='ocr_carea' id='block_1_5' title="bbox 429 1260 2216 1685">
    <p class='ocr_par' dir='ltr' id='par_1_8' title="bbox 429 1260 2216 1685">
     <span class='ocr_line' id='line_1_10' title="bbox 431 1260 2105 1356; baseline -0.001 -24"><span class='ocrx_word' id='word_1_58' title='bbox 431 1260 718 1356; x_wconf 85' lang='lat' dir='ltr'><strong>Inligat,</strong></span> <span class='ocrx_word' id='word_1_59' title='bbox 761 1276 829 1330; x_wconf 84' lang='lat' dir='ltr'><strong>et</strong></span> <span class='ocrx_word' id='word_1_60' title='bbox 863 1263 1111 1331; x_wconf 89' lang='lat' dir='ltr'><strong>teneris</strong></span> <span class='ocrx_word' id='word_1_61' title='bbox 1151 1262 1494 1331; x_wconf 82' lang='lat' dir='ltr'><strong>connectit</strong></span> <span class='ocrx_word' id='word_1_62' title='bbox 1530 1261 1805 1331; x_wconf 84' lang='lat' dir='ltr'><strong>brachia</strong></span> <span class='ocrx_word' id='word_1_63' title='bbox 1844 1260 2105 1356; x_wconf 84' lang='lat' dir='ltr'><strong>palmis.</strong></span> 
     </span>
     <span class='ocr_line' id='line_1_11' title="bbox 433 1371 2195 1466; baseline 0.001 -25"><span class='ocrx_word' id='word_1_64' title='bbox 433 1372 793 1443; x_wconf 78' lang='lat' dir='ltr'><strong>Excutitur</strong></span> <span class='ocrx_word' id='word_1_65' title='bbox 829 1396 1064 1443; x_wconf 90' lang='lat' dir='ltr'><strong>somno</strong></span> <span class='ocrx_word' id='word_1_66' title='bbox 1098 1375 1406 1459; x_wconf 84' lang='lat' dir='ltr'><strong>Mavors,</strong></span> <span class='ocrx_word' id='word_1_67' title='bbox 1444 1386 1513 1441; x_wconf 89' lang='lat' dir='ltr'><strong>et</strong></span> <span class='ocrx_word' id='word_1_68' title='bbox 1538 1371 1822 1466; x_wconf 82' lang='lat' dir='ltr'><strong>pulchra</strong></span> <span class='ocrx_word' id='word_1_69' title='bbox 1862 1372 2149 1466; x_wconf 81' lang='lat' dir='ltr'><strong>Cythere</strong></span> <span class='ocrx_word' id='word_1_70' title='bbox 2177 1398 2195 1442; x_wconf 74' lang='grc' dir='ltr'><strong>ε</strong></span> 
     </span>
     <span class='ocr_line' id='line_1_12' title="bbox 429 1485 2048 1582; baseline 0 -27"><span class='ocrx_word' id='word_1_71' title='bbox 429 1490 662 1556; x_wconf 89' lang='lat' dir='ltr'><strong>Posset</strong></span> <span class='ocrx_word' id='word_1_72' title='bbox 699 1486 1035 1557; x_wconf 88' lang='lat' dir='ltr'><strong>Gradivus</strong></span> <span class='ocrx_word' id='word_1_73' title='bbox 1069 1485 1324 1556; x_wconf 82' lang='lat' dir='ltr'><strong>validos</strong></span> <span class='ocrx_word' id='word_1_74' title='bbox 1351 1486 1768 1582; x_wconf 86' lang='lat' dir='ltr'><strong>disrumpere</strong></span> <span class='ocrx_word' id='word_1_75' title='bbox 1804 1511 2048 1573; x_wconf 81' lang='lat' dir='ltr'><strong>nexuS,</strong></span> 
     </span>
     <span class='ocr_line' id='line_1_13' title="bbox 431 1592 2216 1685; baseline -0.002 -17"><span class='ocrx_word' id='word_1_76' title='bbox 431 1596 564 1668; x_wconf 85' lang='lat' dir='ltr'><strong>Sed</strong></span> <span class='ocrx_word' id='word_1_77' title='bbox 600 1596 931 1667; x_wconf 83' lang='lat' dir='ltr'><strong>retinebat</strong></span> <span class='ocrx_word' id='word_1_78' title='bbox 961 1621 1172 1685; x_wconf 83' lang='lat' dir='ltr'><strong>amor,</strong></span> <span class='ocrx_word' id='word_1_79' title='bbox 1191 1597 1474 1668; x_wconf 86' lang='lat' dir='ltr'><strong>Veneris</strong></span> <span class='ocrx_word' id='word_1_80' title='bbox 1510 1622 1596 1666; x_wconf 90' lang='lat' dir='ltr'><strong>ne</strong></span> <span class='ocrx_word' id='word_1_81' title='bbox 1633 1596 1905 1669; x_wconf 85' lang='lat' dir='ltr'><strong>brachia</strong></span> <span class='ocrx_word' id='word_1_82' title='bbox 1952 1592 2216 1665; x_wconf 68' lang='lat' dir='ltr'><strong>lae&#39;dant.</strong></span> 
     </span>
    </p>
   </div>
   <div class='ocr_carea' id='block_1_6' title="bbox 331 1816 1364 2841">
    <p class='ocr_par' dir='ltr' id='par_1_9' title="bbox 331 1816 1364 2585">
     <span class='ocr_line' id='line_1_14' title="bbox 335 1816 1364 1891; baseline 0.004 -25"><span class='ocrx_word' id='word_1_83' title='bbox 335 1834 533 1868; x_wconf 66' lang='lat' dir='ltr'><strong>numus.</strong></span> <span class='ocrx_word' id='word_1_84' title='bbox 559 1816 676 1871; x_wconf 83' lang='lat' dir='ltr'><strong>Hoc</strong></span> <span class='ocrx_word' id='word_1_85' title='bbox 704 1836 734 1871; x_wconf 88' lang='lat' dir='ltr'><strong>e</strong></span> <span class='ocrx_word' id='word_1_86' title='bbox 757 1817 985 1891; x_wconf 78' lang='lat' dir='ltr'><strong>virgilio</strong></span> <span class='ocrx_word' id='word_1_87' title='bbox 1003 1855 1020 1879; x_wconf 87' lang='lat'><strong>,</strong></span> <span class='ocrx_word' id='word_1_88' title='bbox 1047 1820 1164 1871; x_wconf 84' lang='lat' dir='ltr'><strong>AEn.</strong></span> <span class='ocrx_word' id='word_1_89' title='bbox 1190 1818 1326 1871; x_wconf 86' lang='lat' dir='ltr'>VIII</span> <span class='ocrx_word' id='word_1_90' title='bbox 1347 1855 1364 1882; x_wconf 88' lang='lat'><strong>,</strong></span> 
     </span>
     <span class='ocr_line' id='line_1_15' title="bbox 334 1893 1364 1971; baseline 0.007 -26"><span class='ocrx_word' id='word_1_91' title='bbox 334 1893 780 1969; x_wconf 75' lang='lat' dir='ltr'><strong>439,expressum</strong></span> <span class='ocrx_word' id='word_1_92' title='bbox 799 1910 880 1951; x_wconf 83' lang='lat' dir='ltr'><strong>est</strong></span> <span class='ocrx_word' id='word_1_93' title='bbox 897 1937 913 1965; x_wconf 87' lang='lat'><strong>,</strong></span> <span class='ocrx_word' id='word_1_94' title='bbox 928 1897 1022 1950; x_wconf 85' lang='lat' dir='ltr'><strong>uhi</strong></span> <span class='ocrx_word' id='word_1_95' title='bbox 1041 1897 1238 1968; x_wconf 78' lang='lat' dir='ltr'><strong>pariter</strong></span> <span class='ocrx_word' id='word_1_96' title='bbox 1258 1897 1364 1971; x_wconf 82' lang='lat' dir='ltr'><strong>cy·</strong></span> 
     </span>
     <span class='ocr_line' id='line_1_16' title="bbox 333 1972 1360 2046; baseline 0.002 -19"><span class='ocrx_word' id='word_1_97' title='bbox 333 1972 510 2046; x_wconf 87' lang='lat' dir='ltr'><strong>clopes</strong></span> <span class='ocrx_word' id='word_1_98' title='bbox 527 1976 804 2030; x_wconf 78' lang='lat' dir='ltr'><strong>Vulcanus</strong></span> <span class='ocrx_word' id='word_1_99' title='bbox 823 2018 840 2044; x_wconf 89' lang='lat'><em>‚</em></span> <span class='ocrx_word' id='word_1_100' title='bbox 869 1975 964 2029; x_wconf 81' lang='lat' dir='ltr'><strong>sed</strong></span> <span class='ocrx_word' id='word_1_101' title='bbox 987 1977 1092 2029; x_wconf 83' lang='lat' dir='ltr'><strong>alio</strong></span> <span class='ocrx_word' id='word_1_102' title='bbox 1119 1977 1320 2029; x_wconf 77' lang='lat' dir='ltr'><strong>affectu</strong></span> <span class='ocrx_word' id='word_1_103' title='bbox 1343 2015 1360 2041; x_wconf 86' lang='lat'><strong>,</strong></span> 
     </span>
     <span class='ocr_line' id='line_1_17' title="bbox 333 2054 1361 2127; baseline 0.004 -22"><span class='ocrx_word' id='word_1_104' title='bbox 333 2064 386 2105; x_wconf 83' lang='lat' dir='ltr'><strong>et</strong></span> <span class='ocrx_word' id='word_1_105' title='bbox 419 2054 476 2108; x_wconf 86' lang='lat' dir='ltr'><strong>in</strong></span> <span class='ocrx_word' id='word_1_106' title='bbox 517 2055 740 2127; x_wconf 75' lang='lat' dir='ltr'><strong>gratiam</strong></span> <span class='ocrx_word' id='word_1_107' title='bbox 768 2056 992 2110; x_wconf 83' lang='lat' dir='ltr'><strong>Veneris</strong></span> <span class='ocrx_word' id='word_1_108' title='bbox 1019 2093 1035 2119; x_wconf 87' lang='lat'><em>,</em></span> <span class='ocrx_word' id='word_1_109' title='bbox 1063 2057 1255 2110; x_wconf 80' lang='lat' dir='ltr'><strong>excitat</strong></span> <span class='ocrx_word' id='word_1_110' title='bbox 1290 2054 1361 2109; x_wconf 73' lang='lat' dir='ltr'><strong>ad</strong></span> 
     </span>
     <span class='ocr_line' id='line_1_18' title="bbox 332 2134 1364 2204; baseline 0.006 -21"><span class='ocrx_word' id='word_1_111' title='bbox 332 2150 467 2204; x_wconf 86' lang='lat' dir='ltr'><strong>opus</strong></span> <span class='ocrx_word' id='word_1_112' title='bbox 503 2134 730 2187; x_wconf 79' lang='lat' dir='ltr'><strong>fabrile:</strong></span> <span class='ocrx_word' id='word_1_113' title='bbox 760 2136 986 2189; x_wconf 75' lang='lat' dir='ltr'><strong>«Tollite</strong></span> <span class='ocrx_word' id='word_1_114' title='bbox 1020 2148 1209 2191; x_wconf 78' lang='lat' dir='ltr'><strong>cuncta</strong></span> <span class='ocrx_word' id='word_1_115' title='bbox 1226 2175 1243 2202; x_wconf 89' lang='lat'><em>,</em></span> <span class='ocrx_word' id='word_1_116' title='bbox 1279 2137 1364 2189; x_wconf 89' lang='lat' dir='ltr'><strong>in-</strong></span> 
     </span>
     <span class='ocr_line' id='line_1_19' title="bbox 332 2212 1360 2289; baseline 0.007 -27"><span class='ocrx_word' id='word_1_117' title='bbox 332 2212 444 2283; x_wconf 86' lang='lat' dir='ltr'><strong>quit</strong></span> <span class='ocrx_word' id='word_1_118' title='bbox 464 2250 480 2276; x_wconf 90' lang='lat'><strong>,</strong></span> <span class='ocrx_word' id='word_1_119' title='bbox 515 2225 822 2289; x_wconf 71' lang='lat' dir='ltr'><strong>captosque</strong></span> <span class='ocrx_word' id='word_1_120' title='bbox 866 2217 1069 2270; x_wconf 78' lang='lat' dir='ltr'><strong>auferte</strong></span> <span class='ocrx_word' id='word_1_121' title='bbox 1115 2216 1320 2270; x_wconf 79' lang='lat' dir='ltr'><strong>labores</strong></span> <span class='ocrx_word' id='word_1_122' title='bbox 1345 2255 1360 2280; x_wconf 87' lang='lat'>,</span> 
     </span>
     <span class='ocr_line' id='line_1_20' title="bbox 337 2290 1361 2366; baseline 0.008 -25"><span class='ocrx_word' id='word_1_123' title='bbox 337 2290 524 2345; x_wconf 76' lang='lat' dir='ltr'><strong>AEtnaei</strong></span> <span class='ocrx_word' id='word_1_124' title='bbox 557 2294 817 2366; x_wconf 83' lang='lat' dir='ltr'><strong>Cyclopes</strong></span> <span class='ocrx_word' id='word_1_125' title='bbox 837 2336 852 2361; x_wconf 94' lang='lat'>,</span> <span class='ocrx_word' id='word_1_126' title='bbox 883 2308 937 2347; x_wconf 88' lang='lat' dir='ltr'><strong>et</strong></span> <span class='ocrx_word' id='word_1_127' title='bbox 963 2295 1071 2349; x_wconf 88' lang='lat' dir='ltr'><strong>huc</strong></span> <span class='ocrx_word' id='word_1_128' title='bbox 1101 2294 1361 2349; x_wconf 81' lang='lat' dir='ltr'><strong>advertite</strong></span> 
     </span>
     <span class='ocr_line' id='line_1_21' title="bbox 331 2374 1361 2447; baseline 0.009 -25"><span class='ocrx_word' id='word_1_129' title='bbox 331 2382 560 2424; x_wconf 81' lang='lat' dir='ltr'><strong>mentem</strong></span> <span class='ocrx_word' id='word_1_130' title='bbox 577 2390 620 2435; x_wconf 73' lang='grc' dir='ltr'><strong>ς.</strong></span> <span class='ocrx_word' id='word_1_131' title='bbox 632 2414 644 2427; x_wconf 95' lang='grc'><strong>.</strong></span> <span class='ocrx_word' id='word_1_132' title='bbox 658 2411 673 2426; x_wconf 89' lang='grc'><strong>.</strong></span> <span class='ocrx_word' id='word_1_133' title='bbox 685 2374 1017 2447; x_wconf 65' lang='lat' dir='ltr'><strong>Praecipitate</strong></span> <span class='ocrx_word' id='word_1_134' title='bbox 1035 2394 1226 2429; x_wconf 86' lang='lat' dir='ltr'><strong>moras.</strong></span> <span class='ocrx_word' id='word_1_135' title='bbox 1249 2375 1361 2431; x_wconf 84' lang='lat' dir='ltr'><strong>Nec</strong></span> 
     </span>
     <span class='ocr_line' id='line_1_22' title="bbox 333 2450 1360 2521; baseline 0.008 -20"><span class='ocrx_word' id='word_1_136' title='bbox 333 2450 485 2521; x_wconf 76' lang='lat' dir='ltr'><strong>plura</strong></span> <span class='ocrx_word' id='word_1_137' title='bbox 527 2452 758 2517; x_wconf 76' lang='lat' dir='ltr'><strong>effatus,</strong></span> <span class='ocrx_word' id='word_1_138' title='bbox 792 2466 844 2507; x_wconf 85' lang='lat' dir='ltr'><strong>et</strong></span> <span class='ocrx_word' id='word_1_139' title='bbox 880 2453 959 2505; x_wconf 88' lang='lat' dir='ltr'><strong>illi</strong></span> <span class='ocrx_word' id='word_1_140' title='bbox 999 2454 1166 2507; x_wconf 85' lang='lat' dir='ltr'><strong>Ocius</strong></span> <span class='ocrx_word' id='word_1_141' title='bbox 1203 2453 1360 2509; x_wconf 85' lang='lat' dir='ltr'><strong>incu-</strong></span> 
     </span>
     <span class='ocr_line' id='line_1_23' title="bbox 331 2528 764 2585; baseline 0.012 -6"><span class='ocrx_word' id='word_1_142' title='bbox 331 2528 492 2583; x_wconf 86' lang='lat' dir='ltr'><strong>buere</strong></span> <span class='ocrx_word' id='word_1_143' title='bbox 516 2546 704 2585; x_wconf 81' lang='lat' dir='ltr'><strong>omnes</strong></span> <span class='ocrx_word' id='word_1_144' title='bbox 721 2558 764 2584; x_wconf 76' lang='lat' dir='ltr'><strong>n.</strong></span> 
     </span>
    </p>

    <p class='ocr_par' dir='ltr' id='par_1_10' title="bbox 331 2610 1354 2761">
     <span class='ocr_line' id='line_1_24' title="bbox 405 2610 1354 2682; baseline 0.003 -21"><span class='ocrx_word' id='word_1_145' title='bbox 405 2628 426 2661; x_wconf 84' lang='lat'>1</span> <span class='ocrx_word' id='word_1_146' title='bbox 435 2612 520 2664; x_wconf 83' lang='lat'><strong>65.</strong></span> <span class='ocrx_word' id='word_1_147' title='bbox 531 2616 650 2671; x_wconf 84' lang='lat' dir='ltr'><strong>Ars,</strong></span> <span class='ocrx_word' id='word_1_148' title='bbox 665 2630 842 2661; x_wconf 80' lang='lat' dir='ltr'><strong>nomen</strong></span> <span class='ocrx_word' id='word_1_149' title='bbox 855 2631 874 2661; x_wconf 93' lang='grc'><strong>.·</strong></span> <span class='ocrx_word' id='word_1_150' title='bbox 889 2610 1354 2682; x_wconf 80' lang='lat' dir='ltr'><strong>legendumnnmen</strong></span> 
     </span>
     <span class='ocr_line' id='line_1_25' title="bbox 331 2688 1178 2761; baseline 0.002 -20"><span class='ocrx_word' id='word_1_151' title='bbox 331 2708 454 2741; x_wconf 86' lang='lat' dir='ltr'><strong>cum</strong></span> <span class='ocrx_word' id='word_1_152' title='bbox 478 2690 544 2743; x_wconf 88' lang='lat' dir='ltr'><strong>cl.</strong></span> <span class='ocrx_word' id='word_1_153' title='bbox 568 2688 969 2761; x_wconf 84' lang='lat' dir='ltr'><strong>Oudendorpio.</strong></span> <span class='ocrx_word' id='word_1_154' title='bbox 995 2690 1178 2743; x_wconf 77' lang='lat' dir='ltr'><strong>Bmm.</strong></span> 
     </span>
    </p>

    <p class='ocr_par' dir='ltr' id='par_1_11' title="bbox 402 2767 1355 2841">
     <span class='ocr_line' id='line_1_26' title="bbox 402 2767 1355 2841; baseline 0 -20"><span class='ocrx_word' id='word_1_155' title='bbox 402 2772 518 2823; x_wconf 84' lang='lat'><em>166.</em></span> <span class='ocrx_word' id='word_1_156' title='bbox 541 2775 660 2831; x_wconf 78' lang='lat' dir='ltr'><strong>Ira,</strong></span> <span class='ocrx_word' id='word_1_157' title='bbox 685 2772 845 2822; x_wconf 82' lang='lat' dir='ltr'><strong>dolor.</strong></span> <span class='ocrx_word' id='word_1_158' title='bbox 867 2767 999 2823; x_wconf 73' lang='lat' dir='ltr'><strong>Tale</strong></span> <span class='ocrx_word' id='word_1_159' title='bbox 1020 2779 1099 2822; x_wconf 81' lang='lat' dir='ltr'><strong>est</strong></span> <span class='ocrx_word' id='word_1_160' title='bbox 1111 2768 1324 2841; x_wconf 80' lang='lat' dir='ltr'><strong>Virgilii</strong></span> <span class='ocrx_word' id='word_1_161' title='bbox 1340 2810 1355 2835; x_wconf 89' lang='lat'>,</span> 
     </span>
    </p>
   </div>
   <div class='ocr_carea' id='block_1_7' title="bbox 327 2846 1354 2990">
    <p class='ocr_par' dir='ltr' id='par_1_12' title="bbox 327 2846 1354 2990">
     <span class='ocr_line' id='line_1_27' title="bbox 329 2846 1354 2912; baseline 0.002 -13"><span class='ocrx_word' id='word_1_162' title='bbox 329 2848 446 2900; x_wconf 78' lang='lat' dir='ltr'><strong>AEn.</strong></span> <span class='ocrx_word' id='word_1_163' title='bbox 460 2847 533 2912; x_wconf 84' lang='lat' dir='ltr'><strong>V,</strong></span> <span class='ocrx_word' id='word_1_164' title='bbox 551 2848 654 2912; x_wconf 70' lang='grc'><strong>454</strong></span> <span class='ocrx_word' id='word_1_165' title='bbox 673 2864 688 2899; x_wconf 75' lang='grc' dir='ltr'><em>τ</em></span> <span class='ocrx_word' id='word_1_166' title='bbox 711 2848 851 2901; x_wconf 72' lang='lat' dir='ltr'><strong>«vim</strong></span> <span class='ocrx_word' id='word_1_167' title='bbox 863 2848 1080 2901; x_wconf 73' lang='lat' dir='ltr'><strong>suscitat</strong></span> <span class='ocrx_word' id='word_1_168' title='bbox 1099 2846 1194 2900; x_wconf 71' lang='lat' dir='ltr'><strong>ira.</strong></span> <span class='ocrx_word' id='word_1_169' title='bbox 1210 2848 1354 2901; x_wconf 84' lang='lat' dir='ltr'><strong>Tum</strong></span> 
     </span>
     <span class='ocr_line' id='line_1_28' title="bbox 327 2917 1354 2990; baseline 0 -19"><span class='ocrx_word' id='word_1_170' title='bbox 327 2917 500 2990; x_wconf 85' lang='lat' dir='ltr'><strong>pudor</strong></span> <span class='ocrx_word' id='word_1_171' title='bbox 532 2917 770 2972; x_wconf 77' lang='lat' dir='ltr'><strong>incendit</strong></span> <span class='ocrx_word' id='word_1_172' title='bbox 793 2919 932 2973; x_wconf 75' lang='lat' dir='ltr'><strong>vires</strong></span> <span class='ocrx_word' id='word_1_173' title='bbox 956 2937 1012 2983; x_wconf 76' lang='lat'><strong>»3</strong></span> <span class='ocrx_word' id='word_1_174' title='bbox 1050 2918 1324 2973; x_wconf 85' lang='lat' dir='ltr'><strong>ibid.VIII</strong></span> <span class='ocrx_word' id='word_1_175' title='bbox 1341 2958 1354 2979; x_wconf 87' lang='lat'><em>.</em></span> 
     </span>
    </p>
   </div>
   <div class='ocr_carea' id='block_1_8' title="bbox 323 2996 1354 4183">
    <p class='ocr_par' dir='ltr' id='par_1_13' title="bbox 324 2996 1352 3450">
     <span class='ocr_line' id='line_1_29' title="bbox 331 2996 1350 3066; baseline -0.001 -14"><span class='ocrx_word' id='word_1_176' title='bbox 331 3000 428 3054; x_wconf 79' lang='lat'><strong>508</strong></span> <span class='ocrx_word' id='word_1_177' title='bbox 443 3039 460 3066; x_wconf 92' lang='lat'>‚</span> <span class='ocrx_word' id='word_1_178' title='bbox 503 3024 535 3058; x_wconf 76' lang='grc' dir='ltr'><strong>ι,</strong></span> <span class='ocrx_word' id='word_1_179' title='bbox 548 2999 714 3051; x_wconf 85' lang='lat' dir='ltr'><strong>telum</strong></span> <span class='ocrx_word' id='word_1_180' title='bbox 738 2999 820 3053; x_wconf 78' lang='lat' dir='ltr'><strong>ira</strong></span> <span class='ocrx_word' id='word_1_181' title='bbox 847 2998 974 3052; x_wconf 76' lang='lat' dir='ltr'><strong>facit</strong></span> <span class='ocrx_word' id='word_1_182' title='bbox 1000 3022 1022 3045; x_wconf 70' lang='grc' dir='ltr'><strong>υ</strong></span> <span class='ocrx_word' id='word_1_183' title='bbox 1043 3036 1060 3063; x_wconf 84' lang='grc'><strong>,</strong></span> <span class='ocrx_word' id='word_1_184' title='bbox 1098 3010 1150 3052; x_wconf 89' lang='lat' dir='ltr'><strong>et</strong></span> <span class='ocrx_word' id='word_1_185' title='bbox 1168 2996 1350 3051; x_wconf 79' lang='lat' dir='ltr'><strong>Ovidii</strong></span> 
     </span>
     <span class='ocr_line' id='line_1_30' title="bbox 325 3077 1348 3150; baseline 0.003 -21"><span class='ocrx_word' id='word_1_186' title='bbox 325 3078 453 3132; x_wconf 77' lang='lat' dir='ltr'><strong>Met.</strong></span> <span class='ocrx_word' id='word_1_187' title='bbox 501 3078 643 3143; x_wconf 81' lang='grc' dir='ltr'><strong>ΧΠ,</strong></span> <span class='ocrx_word' id='word_1_188' title='bbox 672 3080 804 3150; x_wconf 82' lang='lat'>373:</span> <span class='ocrx_word' id='word_1_189' title='bbox 831 3079 984 3150; x_wconf 72' lang='lat' dir='ltr'><strong>«Ipse</strong></span> <span class='ocrx_word' id='word_1_190' title='bbox 1029 3077 1184 3131; x_wconf 87' lang='lat' dir='ltr'><strong>dolor</strong></span> <span class='ocrx_word' id='word_1_191' title='bbox 1213 3078 1348 3132; x_wconf 80' lang='lat' dir='ltr'><strong>vires</strong></span> 
     </span>
     <span class='ocr_line' id='line_1_31' title="bbox 325 3157 1346 3211; baseline -0.001 -1"><span class='ocrx_word' id='word_1_192' title='bbox 325 3159 504 3211; x_wconf 75' lang='lat' dir='ltr'><strong>animo</strong></span> <span class='ocrx_word' id='word_1_193' title='bbox 524 3157 686 3211; x_wconf 72' lang='lat' dir='ltr'><strong>dabat</strong></span> <span class='ocrx_word' id='word_1_194' title='bbox 697 3162 946 3211; x_wconf 76' lang='lat' dir='ltr'><em>-.—-Nam</em></span> <span class='ocrx_word' id='word_1_195' title='bbox 964 3162 1062 3210; x_wconf 66' lang='lat' dir='ltr'><strong>via·</strong></span> <span class='ocrx_word' id='word_1_196' title='bbox 1083 3176 1312 3209; x_wconf 76' lang='lat' dir='ltr'><strong>caussam</strong></span> <span class='ocrx_word' id='word_1_197' title='bbox 1326 3178 1346 3209; x_wconf 93' lang='grc'><strong>.·</strong></span> 
     </span>
     <span class='ocr_line' id='line_1_32' title="bbox 327 3236 1344 3310; baseline -0.001 -20"><span class='ocrx_word' id='word_1_198' title='bbox 327 3238 400 3291; x_wconf 89' lang='lat' dir='ltr'><strong>sic</strong></span> <span class='ocrx_word' id='word_1_199' title='bbox 417 3238 548 3310; x_wconf 74' lang='lat' dir='ltr'><strong>lege.</strong></span> <span class='ocrx_word' id='word_1_200' title='bbox 575 3237 716 3291; x_wconf 76' lang='lat' dir='ltr'><strong>Male</strong></span> <span class='ocrx_word' id='word_1_201' title='bbox 735 3237 788 3291; x_wconf 89' lang='lat' dir='ltr'><strong>in</strong></span> <span class='ocrx_word' id='word_1_202' title='bbox 809 3236 1018 3292; x_wconf 81' lang='lat' dir='ltr'><strong>schedis</strong></span> <span class='ocrx_word' id='word_1_203' title='bbox 1039 3236 1205 3291; x_wconf 72' lang='lat' dir='ltr'><strong>Saltu.</strong></span> <span class='ocrx_word' id='word_1_204' title='bbox 1225 3256 1344 3289; x_wconf 82' lang='lat' dir='ltr'><strong>nam</strong></span> 
     </span>
     <span class='ocr_line' id='line_1_33' title="bbox 325 3316 1352 3380; baseline 0.004 -12"><span class='ocrx_word' id='word_1_205' title='bbox 325 3320 421 3369; x_wconf 73' lang='lat' dir='ltr'><strong>via·</strong></span> <span class='ocrx_word' id='word_1_206' title='bbox 452 3316 635 3369; x_wconf 77' lang='lat' dir='ltr'><strong>ca&#39;ussa</strong></span> <span class='ocrx_word' id='word_1_207' title='bbox 665 3316 850 3371; x_wconf 72' lang='lat' dir='ltr'><strong>addito</strong></span> <span class='ocrx_word' id='word_1_208' title='bbox 880 3318 1165 3380; x_wconf 77' lang='lat' dir='ltr'><strong>asterisco3</strong></span> <span class='ocrx_word' id='word_1_209' title='bbox 1196 3328 1249 3371; x_wconf 87' lang='lat' dir='ltr'><strong>et</strong></span> <span class='ocrx_word' id='word_1_210' title='bbox 1277 3317 1352 3372; x_wconf 86' lang='lat' dir='ltr'><strong>sic</strong></span> 
     </span>
     <span class='ocr_line' id='line_1_34' title="bbox 324 3394 787 3450; baseline 0.002 -2"><span class='ocrx_word' id='word_1_211' title='bbox 324 3394 382 3448; x_wconf 87' lang='lat' dir='ltr'><strong>in</strong></span> <span class='ocrx_word' id='word_1_212' title='bbox 425 3397 634 3450; x_wconf 79' lang='lat' dir='ltr'><strong>Divion.</strong></span> <span class='ocrx_word' id='word_1_213' title='bbox 667 3396 787 3449; x_wconf 83' lang='lat' dir='ltr'><strong>cod.</strong></span> 
     </span>
    </p>

    <p class='ocr_par' dir='ltr' id='par_1_14' title="bbox 327 3474 1349 3624">
     <span class='ocr_line' id='line_1_35' title="bbox 401 3474 1349 3545; baseline 0.001 -19"><span class='ocrx_word' id='word_1_214' title='bbox 401 3480 518 3545; x_wconf 83' lang='grc'><strong>167.</strong></span> <span class='ocrx_word' id='word_1_215' title='bbox 531 3475 676 3528; x_wconf 73' lang='lat' dir='ltr'><strong>Male</strong></span> <span class='ocrx_word' id='word_1_216' title='bbox 688 3474 1112 3529; x_wconf 76' lang='lat' dir='ltr'><strong>Leid.De‘a·meee</strong></span> <span class='ocrx_word' id='word_1_217' title='bbox 1121 3480 1317 3529; x_wconf 69' lang='lat' dir='ltr'><strong>vIndeoe</strong></span> <span class='ocrx_word' id='word_1_218' title='bbox 1331 3498 1349 3527; x_wconf 88' lang='lat'><em>:</em></span> 
     </span>
     <span class='ocr_line' id='line_1_36' title="bbox 327 3554 1322 3624; baseline 0.007 -22"><span class='ocrx_word' id='word_1_219' title='bbox 327 3555 548 3622; x_wconf 70' lang='lat' dir='ltr'><strong>conjunx</strong></span> <span class='ocrx_word' id='word_1_220' title='bbox 562 3556 676 3620; x_wconf 77' lang='lat' dir='ltr'><strong>jam</strong></span> <span class='ocrx_word' id='word_1_221' title='bbox 696 3559 871 3607; x_wconf 75' lang='lat' dir='ltr'><strong>vinela</strong></span> <span class='ocrx_word' id='word_1_222' title='bbox 886 3556 1107 3624; x_wconf 72' lang='lat' dir='ltr'><strong>ferebat.</strong></span> <span class='ocrx_word' id='word_1_223' title='bbox 1133 3554 1322 3609; x_wconf 62' lang='lat' dir='ltr'><strong>Bonn-</strong></span> 
     </span>
    </p>

    <p class='ocr_par' dir='ltr' id='par_1_15' title="bbox 323 3633 1354 3767">
     <span class='ocr_line' id='line_1_37' title="bbox 403 3633 1354 3687; baseline 0.004 -4"><span class='ocrx_word' id='word_1_224' title='bbox 403 3633 519 3686; x_wconf 87' lang='lat'>168.</span> <span class='ocrx_word' id='word_1_225' title='bbox 545 3636 762 3684; x_wconf 76' lang='lat' dir='ltr'><strong>Vener-ae</strong></span> <span class='ocrx_word' id='word_1_226' title='bbox 779 3638 854 3685; x_wconf 77' lang='lat' dir='ltr'><strong>ad</strong></span> <span class='ocrx_word' id='word_1_227' title='bbox 866 3636 1022 3687; x_wconf 73' lang='lat' dir='ltr'><strong>lucos.</strong></span> <span class='ocrx_word' id='word_1_228' title='bbox 1043 3640 1263 3687; x_wconf 70' lang='lat' dir='ltr'><strong>Pervenit</strong></span> <span class='ocrx_word' id='word_1_229' title='bbox 1278 3640 1354 3687; x_wconf 81' lang='lat' dir='ltr'><strong>ad</strong></span> 
     </span>
     <span class='ocr_line' id='line_1_38' title="bbox 323 3708 1069 3767; baseline 0.007 -6"><span class='ocrx_word' id='word_1_230' title='bbox 323 3714 462 3761; x_wconf 72' lang='lat' dir='ltr'><strong>lucos</strong></span> <span class='ocrx_word' id='word_1_231' title='bbox 485 3711 542 3763; x_wconf 88' lang='lat' dir='ltr'><strong>in</strong></span> <span class='ocrx_word' id='word_1_232' title='bbox 570 3708 688 3763; x_wconf 88' lang='lat' dir='ltr'><strong>cod.</strong></span> <span class='ocrx_word' id='word_1_233' title='bbox 715 3709 865 3764; x_wconf 85' lang='lat' dir='ltr'><strong>Leid.</strong></span> <span class='ocrx_word' id='word_1_234' title='bbox 887 3712 1069 3767; x_wconf 67' lang='lat' dir='ltr'><strong>Banu.</strong></span> 
     </span>
    </p>

    <p class='ocr_par' dir='ltr' id='par_1_16' title="bbox 325 3792 1351 4183">
     <span class='ocr_line' id='line_1_39' title="bbox 400 3792 1351 3859; baseline 0.004 -18"><span class='ocrx_word' id='word_1_235' title='bbox 400 3792 516 3859; x_wconf 87' lang='lat'><em>169.</em></span> <span class='ocrx_word' id='word_1_236' title='bbox 535 3794 650 3843; x_wconf 80' lang='lat' dir='ltr'><strong>Non</strong></span> <span class='ocrx_word' id='word_1_237' title='bbox 673 3792 853 3842; x_wconf 63' lang='grc' dir='ltr'><strong>014νίιί</strong></span> <span class='ocrx_word' id='word_1_238' title='bbox 860 3810 880 3842; x_wconf 86' lang='grc'><strong>.·</strong></span> <span class='ocrx_word' id='word_1_239' title='bbox 901 3792 1038 3845; x_wconf 80' lang='lat' dir='ltr'><strong>forte</strong></span> <span class='ocrx_word' id='word_1_240' title='bbox 1061 3796 1248 3847; x_wconf 70' lang='lat' dir='ltr'><strong>Char-isi</strong></span> <span class='ocrx_word' id='word_1_241' title='bbox 1265 3793 1351 3848; x_wconf 77' lang='lat' dir='ltr'><strong>vel</strong></span> 
     </span>
     <span class='ocr_line' id='line_1_40' title="bbox 329 3869 1350 3943; baseline 0.005 -22"><span class='ocrx_word' id='word_1_242' title='bbox 329 3872 550 3922; x_wconf 61' lang='lat' dir='ltr'><strong>mar-isin</strong></span> <span class='ocrx_word' id='word_1_243' title='bbox 591 3888 716 3923; x_wconf 86' lang='lat' dir='ltr'><strong>cum</strong></span> <span class='ocrx_word' id='word_1_244' title='bbox 742 3869 808 3925; x_wconf 85' lang='lat' dir='ltr'><strong>cl.</strong></span> <span class='ocrx_word' id='word_1_245' title='bbox 846 3870 1226 3943; x_wconf 79' lang='lat' dir='ltr'><strong>Oudendorpio</strong></span> <span class='ocrx_word' id='word_1_246' title='bbox 1243 3913 1260 3939; x_wconf 88' lang='lat'>,</span> <span class='ocrx_word' id='word_1_247' title='bbox 1289 3885 1350 3926; x_wconf 91' lang='lat' dir='ltr'><strong>ut</strong></span> 
     </span>
     <span class='ocr_line' id='line_1_41' title="bbox 325 3949 1348 4023; baseline 0.002 -22"><span class='ocrx_word' id='word_1_248' title='bbox 325 3966 480 4021; x_wconf 78' lang='lat' dir='ltr'><strong>supra</strong></span> <span class='ocrx_word' id='word_1_249' title='bbox 511 3968 564 4003; x_wconf 77' lang='lat' dir='ltr'><strong>v.</strong></span> <span class='ocrx_word' id='word_1_250' title='bbox 597 3949 696 4003; x_wconf 78' lang='lat'><strong>52:</strong></span> <span class='ocrx_word' id='word_1_251' title='bbox 721 3949 897 4023; x_wconf 81' lang='lat' dir='ltr'><strong>«qnid</strong></span> <span class='ocrx_word' id='word_1_252' title='bbox 923 3950 1108 4005; x_wconf 76' lang='lat' dir='ltr'><strong>Gratia</strong></span> <span class='ocrx_word' id='word_1_253' title='bbox 1135 3950 1348 4005; x_wconf 76' lang='lat' dir='ltr'><strong>cessas?</strong></span> 
     </span>
     <span class='ocr_line' id='line_1_42' title="bbox 326 4026 1351 4093; baseline 0.003 -11"><span class='ocrx_word' id='word_1_254' title='bbox 326 4026 470 4093; x_wconf 84' lang='lat' dir='ltr'><strong>Quid</strong></span> <span class='ocrx_word' id='word_1_255' title='bbox 497 4028 814 4083; x_wconf 78' lang='lat' dir='ltr'><strong>Charites?=·</strong></span> <span class='ocrx_word' id='word_1_256' title='bbox 832 4031 1228 4084; x_wconf 59' lang='lat' dir='ltr'><strong>Busan—Totas</strong></span> <span class='ocrx_word' id='word_1_257' title='bbox 1251 4036 1351 4085; x_wconf 72' lang='lat' dir='ltr'><strong>arte·</strong></span> 
     </span>
     <span class='ocr_line' id='line_1_43' title="bbox 328 4108 1348 4183; baseline 0.006 -23"><span class='ocrx_word' id='word_1_258' title='bbox 328 4110 651 4163; x_wconf 73' lang='lat' dir='ltr'><strong>mandam-ae</strong></span> <span class='ocrx_word' id='word_1_259' title='bbox 673 4113 778 4161; x_wconf 73' lang='lat' dir='ltr'><strong>iras</strong></span> <span class='ocrx_word' id='word_1_260' title='bbox 794 4149 811 4171; x_wconf 91' lang='lat'><em>,</em></span> <span class='ocrx_word' id='word_1_261' title='bbox 839 4108 895 4163; x_wconf 88' lang='lat' dir='ltr'><strong>id</strong></span> <span class='ocrx_word' id='word_1_262' title='bbox 919 4122 1027 4177; x_wconf 82' lang='lat' dir='ltr'><strong>est,</strong></span> <span class='ocrx_word' id='word_1_263' title='bbox 1063 4128 1156 4183; x_wconf 84' lang='lat' dir='ltr'><strong>per</strong></span> <span class='ocrx_word' id='word_1_264' title='bbox 1181 4122 1348 4166; x_wconf 81' lang='lat' dir='ltr'><strong>artem</strong></span> 
     </span>
    </p>
   </div>
   <div class='ocr_carea' id='block_1_9' title="bbox 1435 1815 2484 4185">
    <p class='ocr_par' dir='ltr' id='par_1_17' title="bbox 1451 1815 2483 2046">
     <span class='ocr_line' id='line_1_44' title="bbox 1454 1815 2481 1891; baseline 0.001 -23"><span class='ocrx_word' id='word_1_265' title='bbox 1454 1817 1669 1889; x_wconf 84' lang='lat' dir='ltr'><strong>exsequi</strong></span> <span class='ocrx_word' id='word_1_266' title='bbox 1714 1828 2063 1889; x_wconf 80' lang='lat' dir='ltr'><strong>proposuerat</strong></span> <span class='ocrx_word' id='word_1_267' title='bbox 2104 1836 2119 1871; x_wconf 89' lang='lat'>:</span> <span class='ocrx_word' id='word_1_268' title='bbox 2175 1815 2371 1891; x_wconf 78' lang='lat' dir='ltr'><strong>Seneca</strong></span> <span class='ocrx_word' id='word_1_269' title='bbox 2426 1816 2481 1870; x_wconf 81' lang='lat' dir='ltr'><strong>in</strong></span> 
     </span>
     <span class='ocr_line' id='line_1_45' title="bbox 1451 1895 2483 1967; baseline 0.003 -20"><span class='ocrx_word' id='word_1_270' title='bbox 1451 1895 1593 1950; x_wconf 78' lang='lat' dir='ltr'><strong>Med.</strong></span> <span class='ocrx_word' id='word_1_271' title='bbox 1619 1896 1752 1950; x_wconf 81' lang='lat'>150:</span> <span class='ocrx_word' id='word_1_272' title='bbox 1782 1896 1955 1963; x_wconf 72' lang='lat' dir='ltr'><strong>«Sile,</strong></span> <span class='ocrx_word' id='word_1_273' title='bbox 1976 1896 2225 1962; x_wconf 85' lang='lat' dir='ltr'><strong>obsecro,</strong></span> <span class='ocrx_word' id='word_1_274' title='bbox 2249 1908 2483 1967; x_wconf 82' lang='lat' dir='ltr'><strong>questus-</strong></span> 
     </span>
     <span class='ocr_line' id='line_1_46' title="bbox 1451 1974 2478 2046; baseline 0 -17"><span class='ocrx_word' id='word_1_275' title='bbox 1451 1992 1559 2046; x_wconf 84' lang='lat' dir='ltr'><strong>que</strong></span> <span class='ocrx_word' id='word_1_276' title='bbox 1578 1986 1779 2030; x_wconf 81' lang='lat' dir='ltr'><strong>secreto</strong></span> <span class='ocrx_word' id='word_1_277' title='bbox 1801 1974 2008 2029; x_wconf 74' lang='lat' dir='ltr'><strong>abditos</strong></span> <span class='ocrx_word' id='word_1_278' title='bbox 2024 1974 2225 2030; x_wconf 63' lang='lat' dir='ltr'><strong>Munda</strong></span> <span class='ocrx_word' id='word_1_279' title='bbox 2246 1974 2418 2029; x_wconf 85' lang='lat' dir='ltr'><strong>dolori</strong></span> <span class='ocrx_word' id='word_1_280' title='bbox 2436 2002 2478 2029; x_wconf 69' lang='grc' dir='ltr'><strong>ι.</strong></span> 
     </span>
    </p>

    <p class='ocr_par' dir='ltr' id='par_1_18' title="bbox 1451 2055 2484 2207">
     <span class='ocr_line' id='line_1_47' title="bbox 1506 2055 2484 2125; baseline 0.003 -18"><span class='ocrx_word' id='word_1_281' title='bbox 1506 2072 1645 2125; x_wconf 60' lang='grc'><strong>170.</strong></span> <span class='ocrx_word' id='word_1_282' title='bbox 1664 2060 1908 2124; x_wconf 81' lang='lat' dir='ltr'><strong>Suspenso</strong></span> <span class='ocrx_word' id='word_1_283' title='bbox 1932 2057 2139 2107; x_wconf 76' lang='lat' dir='ltr'><strong>molliter</strong></span> <span class='ocrx_word' id='word_1_284' title='bbox 2158 2058 2255 2106; x_wconf 77' lang='lat' dir='ltr'><strong>ictu</strong></span> <span class='ocrx_word' id='word_1_285' title='bbox 2266 2094 2282 2117; x_wconf 89' lang='lat'>,</span> <span class='ocrx_word' id='word_1_286' title='bbox 2304 2055 2484 2110; x_wconf 72' lang='lat' dir='ltr'><strong>edmo-</strong></span> 
     </span>
     <span class='ocr_line' id='line_1_48' title="bbox 1451 2131 2300 2207; baseline 0.002 -22"><span class='ocrx_word' id='word_1_287' title='bbox 1451 2131 1583 2186; x_wconf 84' lang='lat' dir='ltr'><strong>dum</strong></span> <span class='ocrx_word' id='word_1_288' title='bbox 1609 2134 1716 2187; x_wconf 85' lang='lat' dir='ltr'><strong>levi</strong></span> <span class='ocrx_word' id='word_1_289' title='bbox 1740 2146 1793 2188; x_wconf 91' lang='lat' dir='ltr'><strong>et</strong></span> <span class='ocrx_word' id='word_1_290' title='bbox 1818 2144 2111 2207; x_wconf 72' lang='lat' dir='ltr'><strong>temperato</strong></span> <span class='ocrx_word' id='word_1_291' title='bbox 2138 2145 2300 2188; x_wconf 75' lang='lat' dir='ltr'><strong>tectu.</strong></span> 
     </span>
    </p>

    <p class='ocr_par' dir='ltr' id='par_1_19' title="bbox 1435 2215 2482 4089">
     <span class='ocr_line' id='line_1_49' title="bbox 1527 2215 2478 2283; baseline 0 -18"><span class='ocrx_word' id='word_1_292' title='bbox 1527 2230 1648 2283; x_wconf 82' lang='lat'><em>171.</em></span> <span class='ocrx_word' id='word_1_293' title='bbox 1711 2215 1962 2265; x_wconf 72' lang='lat' dir='ltr'><strong>connectit</strong></span> <span class='ocrx_word' id='word_1_294' title='bbox 2018 2216 2224 2264; x_wconf 75' lang='lat' dir='ltr'><strong>brachia</strong></span> <span class='ocrx_word' id='word_1_295' title='bbox 2271 2216 2478 2282; x_wconf 72' lang='lat' dir='ltr'><strong>palmis.</strong></span> 
     </span>
     <span class='ocr_line' id='line_1_50' title="bbox 1449 2291 2482 2364; baseline 0.002 -19"><span class='ocrx_word' id='word_1_296' title='bbox 1449 2292 1777 2364; x_wconf 74' lang='lat' dir='ltr'><strong>Reposienus</strong></span> <span class='ocrx_word' id='word_1_297' title='bbox 1807 2291 1897 2346; x_wconf 87' lang='lat' dir='ltr'><strong>hic</strong></span> <span class='ocrx_word' id='word_1_298' title='bbox 1922 2291 2229 2346; x_wconf 77' lang='lat' dir='ltr'><strong>Vulcanum</strong></span> <span class='ocrx_word' id='word_1_299' title='bbox 2255 2292 2482 2347; x_wconf 84' lang='lat' dir='ltr'><strong>Veneris</strong></span> 
     </span>
     <span class='ocr_line' id='line_1_51' title="bbox 1451 2370 2481 2444; baseline 0.002 -21"><span class='ocrx_word' id='word_1_300' title='bbox 1451 2370 1743 2444; x_wconf 80' lang='lat' dir='ltr'><strong>Martisque</strong></span> <span class='ocrx_word' id='word_1_301' title='bbox 1775 2370 2151 2424; x_wconf 84' lang='lat' dir='ltr'><strong>dormientium</strong></span> <span class='ocrx_word' id='word_1_302' title='bbox 2179 2371 2399 2425; x_wconf 74' lang='lat' dir='ltr'><strong>brachia</strong></span> <span class='ocrx_word' id='word_1_303' title='bbox 2428 2383 2481 2425; x_wconf 91' lang='lat' dir='ltr'><strong>et</strong></span> 
     </span>
     <span class='ocr_line' id='line_1_52' title="bbox 1449 2450 2479 2521; baseline 0.002 -19"><span class='ocrx_word' id='word_1_304' title='bbox 1449 2469 1637 2505; x_wconf 78' lang='lat' dir='ltr'><strong>manus</strong></span> <span class='ocrx_word' id='word_1_305' title='bbox 1676 2450 1951 2521; x_wconf 74' lang='lat' dir='ltr'><strong>colligasse</strong></span> <span class='ocrx_word' id='word_1_306' title='bbox 1986 2450 2185 2503; x_wconf 83' lang='lat' dir='ltr'><strong>catenis</strong></span> <span class='ocrx_word' id='word_1_307' title='bbox 2216 2450 2345 2503; x_wconf 89' lang='lat' dir='ltr'><strong>dicit</strong></span> <span class='ocrx_word' id='word_1_308' title='bbox 2366 2491 2383 2518; x_wconf 90' lang='lat'>,</span> <span class='ocrx_word' id='word_1_309' title='bbox 2410 2470 2479 2505; x_wconf 84' lang='lat' dir='ltr'><strong>ne</strong></span> 
     </span>
     <span class='ocr_line' id='line_1_53' title="bbox 1445 2530 2479 2601; baseline 0 -18"><span class='ocrx_word' id='word_1_310' title='bbox 1445 2530 1613 2585; x_wconf 77' lang='lat' dir='ltr'><strong>vincti</strong></span> <span class='ocrx_word' id='word_1_311' title='bbox 1638 2548 1692 2585; x_wconf 86' lang='lat' dir='ltr'><strong>se</strong></span> <span class='ocrx_word' id='word_1_312' title='bbox 1720 2548 1937 2584; x_wconf 84' lang='lat' dir='ltr'><strong>movere</strong></span> <span class='ocrx_word' id='word_1_313' title='bbox 1955 2541 2186 2601; x_wconf 86' lang='lat' dir='ltr'><strong>possent.</strong></span> <span class='ocrx_word' id='word_1_314' title='bbox 2200 2530 2362 2583; x_wconf 74' lang='lat' dir='ltr'><strong>Plane</strong></span> <span class='ocrx_word' id='word_1_315' title='bbox 2386 2531 2479 2583; x_wconf 77' lang='lat' dir='ltr'><strong>ali-</strong></span> 
     </span>
     <span class='ocr_line' id='line_1_54' title="bbox 1446 2608 2476 2679; baseline 0.003 -19"><span class='ocrx_word' id='word_1_316' title='bbox 1446 2622 1529 2661; x_wconf 80' lang='lat' dir='ltr'><strong>ter</strong></span> <span class='ocrx_word' id='word_1_317' title='bbox 1553 2608 1778 2663; x_wconf 76' lang='lat' dir='ltr'><strong>Ovidius</strong></span> <span class='ocrx_word' id='word_1_318' title='bbox 1800 2649 1815 2674; x_wconf 89' lang='lat'>,</span> <span class='ocrx_word' id='word_1_319' title='bbox 1842 2608 1970 2662; x_wconf 87' lang='lat' dir='ltr'><strong>Met.</strong></span> <span class='ocrx_word' id='word_1_320' title='bbox 1998 2609 2101 2674; x_wconf 90' lang='lat' dir='ltr'><strong>lv,</strong></span> <span class='ocrx_word' id='word_1_321' title='bbox 2136 2626 2257 2679; x_wconf 86' lang='lat'>177,</span> <span class='ocrx_word' id='word_1_322' title='bbox 2286 2620 2339 2661; x_wconf 91' lang='lat' dir='ltr'><strong>et</strong></span> <span class='ocrx_word' id='word_1_323' title='bbox 2363 2610 2476 2663; x_wconf 80' lang='lat' dir='ltr'><strong>Art.</strong></span> 
     </span>
     <span class='ocr_line' id='line_1_55' title="bbox 1445 2686 2474 2759; baseline 0.003 -20"><span class='ocrx_word' id='word_1_324' title='bbox 1445 2688 1529 2753; x_wconf 88' lang='lat'><strong>11,</strong></span> <span class='ocrx_word' id='word_1_325' title='bbox 1554 2686 1676 2759; x_wconf 89' lang='lat'><strong><em>577,</em></strong></span> <span class='ocrx_word' id='word_1_326' title='bbox 1721 2687 1815 2759; x_wconf 84' lang='lat' dir='ltr'><strong>qui</strong></span> <span class='ocrx_word' id='word_1_327' title='bbox 1856 2688 1991 2739; x_wconf 76' lang='lat' dir='ltr'><strong>retia</strong></span> <span class='ocrx_word' id='word_1_328' title='bbox 2037 2686 2359 2758; x_wconf 83' lang='lat' dir='ltr'><strong>subtilesque</strong></span> <span class='ocrx_word' id='word_1_329' title='bbox 2398 2688 2474 2742; x_wconf 71' lang='lat' dir='ltr'><strong>la-</strong></span> 
     </span>
     <span class='ocr_line' id='line_1_56' title="bbox 1444 2765 2478 2840; baseline 0 -21"><span class='ocrx_word' id='word_1_330' title='bbox 1444 2784 1609 2840; x_wconf 82' lang='lat' dir='ltr'><strong>queos</strong></span> <span class='ocrx_word' id='word_1_331' title='bbox 1629 2766 1771 2819; x_wconf 72' lang='lat' dir='ltr'><strong>circa</strong></span> <span class='ocrx_word' id='word_1_332' title='bbox 1792 2784 2058 2839; x_wconf 78' lang='lat' dir='ltr'><strong>supraque</strong></span> <span class='ocrx_word' id='word_1_333' title='bbox 2081 2765 2278 2819; x_wconf 84' lang='lat' dir='ltr'><strong>lectum</strong></span> <span class='ocrx_word' id='word_1_334' title='bbox 2302 2766 2478 2839; x_wconf 84' lang='lat' dir='ltr'><strong>dispo—</strong></span> 
     </span>
     <span class='ocr_line' id='line_1_57' title="bbox 1443 2842 2473 2917; baseline 0 -19"><span class='ocrx_word' id='word_1_335' title='bbox 1443 2846 1613 2899; x_wconf 84' lang='lat' dir='ltr'><strong>suisse</strong></span> <span class='ocrx_word' id='word_1_336' title='bbox 1649 2844 1806 2911; x_wconf 83' lang='lat' dir='ltr'><strong>dicit,</strong></span> <span class='ocrx_word' id='word_1_337' title='bbox 1846 2856 2006 2917; x_wconf 79' lang='lat' dir='ltr'><strong>atque</strong></span> <span class='ocrx_word' id='word_1_338' title='bbox 2050 2842 2168 2911; x_wconf 84' lang='lat' dir='ltr'><strong>his,</strong></span> <span class='ocrx_word' id='word_1_339' title='bbox 2208 2863 2376 2915; x_wconf 79' lang='lat' dir='ltr'><strong>quum</strong></span> <span class='ocrx_word' id='word_1_340' title='bbox 2416 2846 2473 2898; x_wconf 89' lang='lat' dir='ltr'><strong>in</strong></span> 
     </span>
     <span class='ocr_line' id='line_1_58' title="bbox 1443 2922 2477 2995; baseline 0.002 -20"><span class='ocrx_word' id='word_1_341' title='bbox 1443 2934 1621 2977; x_wconf 85' lang='lat' dir='ltr'><strong>torum</strong></span> <span class='ocrx_word' id='word_1_342' title='bbox 1644 2923 1915 2978; x_wconf 78' lang='lat' dir='ltr'><strong>venissent</strong></span> <span class='ocrx_word' id='word_1_343' title='bbox 1932 2922 2116 2987; x_wconf 78' lang='lat' dir='ltr'><strong>ambo,</strong></span> <span class='ocrx_word' id='word_1_344' title='bbox 2141 2934 2279 2976; x_wconf 86' lang='lat' dir='ltr'><strong>totos</strong></span> <span class='ocrx_word' id='word_1_345' title='bbox 2303 2923 2477 2995; x_wconf 83' lang='lat' dir='ltr'><strong>impli-</strong></span> 
     </span>
     <span class='ocr_line' id='line_1_59' title="bbox 1441 3000 2475 3073; baseline 0.003 -19"><span class='ocrx_word' id='word_1_346' title='bbox 1441 3002 1631 3055; x_wconf 84' lang='lat' dir='ltr'><strong>cuisse.</strong></span> <span class='ocrx_word' id='word_1_347' title='bbox 1662 3001 1850 3073; x_wconf 83' lang='lat' dir='ltr'><strong>Neque</strong></span> <span class='ocrx_word' id='word_1_348' title='bbox 1878 3000 2033 3054; x_wconf 75' lang='lat' dir='ltr'><strong>aliter</strong></span> <span class='ocrx_word' id='word_1_349' title='bbox 2067 3000 2243 3054; x_wconf 75' lang='lat' dir='ltr'><strong>caeteri</strong></span> <span class='ocrx_word' id='word_1_350' title='bbox 2277 3014 2475 3073; x_wconf 76' lang='lat' dir='ltr'><strong>poetae,</strong></span> 
     </span>
     <span class='ocr_line' id='line_1_60' title="bbox 1439 3078 2471 3153; baseline 0 -19"><span class='ocrx_word' id='word_1_351' title='bbox 1439 3081 1535 3153; x_wconf 88' lang='lat' dir='ltr'><strong>qui</strong></span> <span class='ocrx_word' id='word_1_352' title='bbox 1560 3079 1629 3134; x_wconf 77' lang='lat' dir='ltr'><strong>ad</strong></span> <span class='ocrx_word' id='word_1_353' title='bbox 1653 3098 1772 3133; x_wconf 84' lang='lat' dir='ltr'><strong>eam</strong></span> <span class='ocrx_word' id='word_1_354' title='bbox 1809 3079 2045 3134; x_wconf 77' lang='lat' dir='ltr'><strong>fabulam</strong></span> <span class='ocrx_word' id='word_1_355' title='bbox 2083 3078 2360 3147; x_wconf 85' lang='lat' dir='ltr'><strong>alludunt,</strong></span> <span class='ocrx_word' id='word_1_356' title='bbox 2388 3099 2471 3137; x_wconf 80' lang='lat' dir='ltr'><strong>ec·</strong></span> 
     </span>
     <span class='ocr_line' id='line_1_61' title="bbox 1436 3157 2473 3231; baseline 0.003 -20"><span class='ocrx_word' id='word_1_357' title='bbox 1436 3160 1634 3231; x_wconf 82' lang='lat' dir='ltr'><strong>cepisse</strong></span> <span class='ocrx_word' id='word_1_358' title='bbox 1656 3157 1925 3226; x_wconf 79' lang='lat' dir='ltr'><strong>videntur,</strong></span> <span class='ocrx_word' id='word_1_359' title='bbox 1940 3159 2085 3213; x_wconf 82' lang='lat' dir='ltr'><strong>velut</strong></span> <span class='ocrx_word' id='word_1_360' title='bbox 2103 3158 2297 3212; x_wconf 75' lang='lat' dir='ltr'><strong>Statius</strong></span> <span class='ocrx_word' id='word_1_361' title='bbox 2308 3200 2323 3227; x_wconf 91' lang='lat'>,</span> <span class='ocrx_word' id='word_1_362' title='bbox 2341 3160 2473 3222; x_wconf 78' lang='lat' dir='ltr'><strong>Silv,</strong></span> 
     </span>
     <span class='ocr_line' id='line_1_62' title="bbox 1443 3236 2475 3310; baseline 0.004 -19"><span class='ocrx_word' id='word_1_363' title='bbox 1443 3238 1501 3305; x_wconf 90' lang='lat'><strong>1,</strong></span> <span class='ocrx_word' id='word_1_364' title='bbox 1524 3258 1581 3306; x_wconf 68' lang='grc' dir='ltr'><strong>ο,</strong></span> <span class='ocrx_word' id='word_1_365' title='bbox 1603 3238 1698 3308; x_wconf 82' lang='lat'><strong>59,</strong></span> <span class='ocrx_word' id='word_1_366' title='bbox 1720 3236 1789 3290; x_wconf 91' lang='lat' dir='ltr'><strong>de</strong></span> <span class='ocrx_word' id='word_1_367' title='bbox 1801 3238 2013 3291; x_wconf 86' lang='lat' dir='ltr'><strong>Venere</strong></span> <span class='ocrx_word' id='word_1_368' title='bbox 2038 3239 2286 3310; x_wconf 84' lang='lat' dir='ltr'><strong>loquens:</strong></span> <span class='ocrx_word' id='word_1_369' title='bbox 2307 3264 2333 3286; x_wconf 76' lang='grc' dir='ltr'><strong>ιι</strong></span> <span class='ocrx_word' id='word_1_370' title='bbox 2352 3239 2475 3295; x_wconf 73' lang='lat' dir='ltr'><strong>Fes-</strong></span> 
     </span>
     <span class='ocr_line' id='line_1_63' title="bbox 1445 3316 2475 3391; baseline 0.003 -20"><span class='ocrx_word' id='word_1_371' title='bbox 1445 3336 1505 3371; x_wconf 79' lang='lat' dir='ltr'><strong>sa</strong></span> <span class='ocrx_word' id='word_1_372' title='bbox 1532 3318 1674 3390; x_wconf 73' lang='lat' dir='ltr'><strong>jacet</strong></span> <span class='ocrx_word' id='word_1_373' title='bbox 1705 3316 1901 3383; x_wconf 75' lang='lat' dir='ltr'><strong>stratis,</strong></span> <span class='ocrx_word' id='word_1_374' title='bbox 1934 3317 2030 3370; x_wconf 87' lang='lat' dir='ltr'><strong>ubi</strong></span> <span class='ocrx_word' id='word_1_375' title='bbox 2052 3317 2325 3391; x_wconf 73' lang='lat' dir='ltr'><strong>quondam</strong></span> <span class='ocrx_word' id='word_1_376' title='bbox 2349 3337 2475 3374; x_wconf 88' lang='lat' dir='ltr'><strong>con·</strong></span> 
     </span>
     <span class='ocr_line' id='line_1_64' title="bbox 1447 3395 2474 3469; baseline 0 -17"><span class='ocrx_word' id='word_1_377' title='bbox 1447 3397 1557 3452; x_wconf 81' lang='lat' dir='ltr'><strong>scia</strong></span> <span class='ocrx_word' id='word_1_378' title='bbox 1599 3395 1764 3469; x_wconf 69' lang='lat' dir='ltr'><strong>culpo</strong></span> <span class='ocrx_word' id='word_1_379' title='bbox 1811 3395 2034 3449; x_wconf 78' lang='lat' dir='ltr'><strong>Lemnia</strong></span> <span class='ocrx_word' id='word_1_380' title='bbox 2066 3410 2347 3469; x_wconf 84' lang='lat' dir='ltr'><strong>repserunt</strong></span> <span class='ocrx_word' id='word_1_381' title='bbox 2384 3397 2474 3453; x_wconf 90' lang='lat' dir='ltr'><strong>de-</strong></span> 
     </span>
     <span class='ocr_line' id='line_1_65' title="bbox 1442 3474 2475 3549; baseline 0.003 -20"><span class='ocrx_word' id='word_1_382' title='bbox 1442 3494 1639 3549; x_wconf 82' lang='lat' dir='ltr'><strong>prenso</strong></span> <span class='ocrx_word' id='word_1_383' title='bbox 1684 3474 1891 3528; x_wconf 71' lang='lat' dir='ltr'><strong>vincula</strong></span> <span class='ocrx_word' id='word_1_384' title='bbox 1938 3475 2075 3529; x_wconf 89' lang='lat' dir='ltr'><strong>lecto</strong></span> <span class='ocrx_word' id='word_1_385' title='bbox 2114 3500 2156 3530; x_wconf 70' lang='lat' dir='ltr'><strong>n.</strong></span> <span class='ocrx_word' id='word_1_386' title='bbox 2215 3476 2475 3533; x_wconf 72' lang='lat' dir='ltr'><strong>Praeterea</strong></span> 
     </span>
     <span class='ocr_line' id='line_1_66' title="bbox 1441 3554 2468 3628; baseline 0.001 -19"><span class='ocrx_word' id='word_1_387' title='bbox 1441 3554 1757 3611; x_wconf 76' lang='lat' dir='ltr'><strong>vetustiores</strong></span> <span class='ocrx_word' id='word_1_388' title='bbox 1808 3565 1979 3628; x_wconf 66' lang='lat' dir='ltr'><strong>poeta</strong></span> <span class='ocrx_word' id='word_1_389' title='bbox 2036 3554 2355 3608; x_wconf 84' lang='lat' dir='ltr'><strong>adulterium</strong></span> <span class='ocrx_word' id='word_1_390' title='bbox 2414 3558 2468 3611; x_wconf 84' lang='lat' dir='ltr'><strong>in</strong></span> 
     </span>
     <span class='ocr_line' id='line_1_67' title="bbox 1439 3632 2471 3707; baseline 0.001 -20"><span class='ocrx_word' id='word_1_391' title='bbox 1439 3634 1558 3707; x_wconf 81' lang='lat' dir='ltr'><strong>ipsa</strong></span> <span class='ocrx_word' id='word_1_392' title='bbox 1578 3632 1741 3687; x_wconf 84' lang='lat' dir='ltr'><strong>domo</strong></span> <span class='ocrx_word' id='word_1_393' title='bbox 1758 3632 1988 3689; x_wconf 76' lang='lat' dir='ltr'><strong>Vulcani</strong></span> <span class='ocrx_word' id='word_1_394' title='bbox 2016 3634 2217 3685; x_wconf 81' lang='lat' dir='ltr'><strong>factum</strong></span> <span class='ocrx_word' id='word_1_395' title='bbox 2254 3652 2366 3687; x_wconf 84' lang='lat' dir='ltr'><strong>esse</strong></span> <span class='ocrx_word' id='word_1_396' title='bbox 2394 3636 2471 3689; x_wconf 75' lang='lat' dir='ltr'><strong>fa·</strong></span> 
     </span>
     <span class='ocr_line' id='line_1_68' title="bbox 1440 3710 2469 3785; baseline -0.002 -18"><span class='ocrx_word' id='word_1_397' title='bbox 1440 3714 1711 3779; x_wconf 81' lang='lat' dir='ltr'><strong>bulantur,</strong></span> <span class='ocrx_word' id='word_1_398' title='bbox 1730 3713 1821 3767; x_wconf 82' lang='lat' dir='ltr'><strong>hic</strong></span> <span class='ocrx_word' id='word_1_399' title='bbox 1839 3714 2031 3766; x_wconf 84' lang='lat' dir='ltr'><strong>Noster</strong></span> <span class='ocrx_word' id='word_1_400' title='bbox 2052 3710 2109 3763; x_wconf 85' lang='lat' dir='ltr'><strong>in</strong></span> <span class='ocrx_word' id='word_1_401' title='bbox 2138 3711 2265 3765; x_wconf 90' lang='lat' dir='ltr'><strong>luco</strong></span> <span class='ocrx_word' id='word_1_402' title='bbox 2289 3714 2469 3785; x_wconf 74' lang='lat' dir='ltr'><strong>singu-</strong></span> 
     </span>
     <span class='ocr_line' id='line_1_69' title="bbox 1435 3790 2468 3865; baseline 0.002 -20"><span class='ocrx_word' id='word_1_403' title='bbox 1435 3794 1539 3847; x_wconf 78' lang='lat' dir='ltr'><strong>lari</strong></span> <span class='ocrx_word' id='word_1_404' title='bbox 1564 3790 1634 3847; x_wconf 82' lang='lat' dir='ltr'><strong>ad</strong></span> <span class='ocrx_word' id='word_1_405' title='bbox 1654 3793 1712 3846; x_wconf 91' lang='lat' dir='ltr'><strong>id</strong></span> <span class='ocrx_word' id='word_1_406' title='bbox 1739 3795 1922 3847; x_wconf 80' lang='lat' dir='ltr'><strong>electo.</strong></span> <span class='ocrx_word' id='word_1_407' title='bbox 1958 3790 2285 3862; x_wconf 74' lang='lat' dir='ltr'><strong>Reposianus</strong></span> <span class='ocrx_word' id='word_1_408' title='bbox 2306 3793 2468 3865; x_wconf 73' lang='lat' dir='ltr'><strong>igitur</strong></span> 
     </span>
     <span class='ocr_line' id='line_1_70' title="bbox 1437 3872 2466 3946; baseline -0.001 -19"><span class='ocrx_word' id='word_1_409' title='bbox 1437 3892 1549 3927; x_wconf 87' lang='lat' dir='ltr'><strong>non</strong></span> <span class='ocrx_word' id='word_1_410' title='bbox 1568 3884 1750 3946; x_wconf 75' lang='lat' dir='ltr'><strong>poetas</strong></span> <span class='ocrx_word' id='word_1_411' title='bbox 1768 3872 2096 3943; x_wconf 77' lang='lat' dir='ltr'><strong>antiquiores</strong></span> <span class='ocrx_word' id='word_1_412' title='bbox 2118 3872 2267 3943; x_wconf 82' lang='lat' dir='ltr'><strong>sequi</strong></span> <span class='ocrx_word' id='word_1_413' title='bbox 2288 3881 2341 3925; x_wconf 89' lang='lat' dir='ltr'><strong>et</strong></span> <span class='ocrx_word' id='word_1_414' title='bbox 2358 3873 2466 3926; x_wconf 85' lang='lat' dir='ltr'><strong>imi-</strong></span> 
     </span>
     <span class='ocr_line' id='line_1_71' title="bbox 1437 3951 2467 4025; baseline 0.001 -18"><span class='ocrx_word' id='word_1_415' title='bbox 1437 3953 1565 4019; x_wconf 77' lang='lat' dir='ltr'><strong>tari,</strong></span> <span class='ocrx_word' id='word_1_416' title='bbox 1596 3952 1689 4007; x_wconf 87' lang='lat' dir='ltr'><strong>sed</strong></span> <span class='ocrx_word' id='word_1_417' title='bbox 1718 3953 1835 4025; x_wconf 86' lang='lat' dir='ltr'><strong>ipse</strong></span> <span class='ocrx_word' id='word_1_418' title='bbox 1863 3951 2076 4023; x_wconf 79' lang='lat' dir='ltr'><strong>ingenio</strong></span> <span class='ocrx_word' id='word_1_419' title='bbox 2100 3969 2199 4006; x_wconf 89' lang='lat' dir='ltr'><strong>suo</strong></span> <span class='ocrx_word' id='word_1_420' title='bbox 2230 3951 2467 4008; x_wconf 71' lang='lat' dir='ltr'><strong>fabulam</strong></span> 
     </span>
     <span class='ocr_line' id='line_1_72' title="bbox 1438 4032 1901 4089; baseline 0 -4"><span class='ocrx_word' id='word_1_421' title='bbox 1438 4051 1688 4086; x_wconf 81' lang='lat' dir='ltr'><strong>exornare</strong></span> <span class='ocrx_word' id='word_1_422' title='bbox 1713 4032 1901 4089; x_wconf 76' lang='lat' dir='ltr'><strong>voluit.</strong></span> 
     </span>
    </p>

    <p class='ocr_par' dir='ltr' id='par_1_20' title="bbox 1516 4114 2455 4185">
     <span class='ocr_line' id='line_1_73' title="bbox 1516 4114 2455 4185; baseline 0.002 -19"><span class='ocrx_word' id='word_1_423' title='bbox 1516 4121 1633 4185; x_wconf 67' lang='lat'>174.</span> <span class='ocrx_word' id='word_1_424' title='bbox 1674 4116 1877 4167; x_wconf 69' lang='lat' dir='ltr'><strong>Veneris</strong></span> <span class='ocrx_word' id='word_1_425' title='bbox 1915 4132 1979 4166; x_wconf 75' lang='lat' dir='ltr'><strong>ue</strong></span> <span class='ocrx_word' id='word_1_426' title='bbox 2014 4114 2217 4165; x_wconf 66' lang='lat' dir='ltr'><strong>brachia</strong></span> <span class='ocrx_word' id='word_1_427' title='bbox 2259 4117 2455 4168; x_wconf 72' lang='lat' dir='ltr'><strong>ladam</strong></span> 
     </span>
    </p>
   </div>
  </div>
 </body>
</html>
