2975 4684
544 334 677 426 ¹74
804 330 1012 408 Exc.
1062 331 1129 399 11
1191 330 1319 398 AD
1372 329 1724 400 LUCILII
1781 329 1974 400 mn.
2025 329 2395 404 AETNAM.

535 471 612 518 ut
644 452 729 518 de
758 451 1029 518 metallis
1070 447 1435 517 sermonem
1477 473 1616 516 esse
1650 451 2014 534 videamus,
2047 451 2210 518 adeo
2246 453 2514 543 quidem
2531 503 2552 538 ,
2579 473 2660 522 ut

537 570 793 620 eoeteras
826 553 1134 619 lectiones
1164 553 1452 642 vulgatas
1474 601 1496 636 ‚
1523 575 1686 642 quas
1721 555 2114 620 mutavimus
2129 602 2149 637 ,
2181 553 2416 621 cubilia
2447 572 2612 622 retro
2629 607 2652 638 ,

534 675 725 720 versu
757 676 784 718 1
808 699 828 736 ,
852 669 918 718 et
942 655 1060 718 via
1084 667 1177 718 est
1202 675 1477 742 operatu,
1502 675 1698 720 versu
1724 653 1764 720 3
1785 703 1804 738 ,
1832 655 2002 720 salva
2031 656 2350 722 sententia
2375 659 2658 724 retinere

533 757 873 847 possimus.
906 757 1139 844 Neque
1162 777 1319 821 vero
1350 754 1717 821 mirandum
1735 805 1753 834 ‚
1779 777 1817 822 e
1845 756 2085 824 fodinis
2118 759 2523 824 metallorum
2536 809 2556 842 ‚
2588 779 2658 827 et

534 857 851 922 cuniculis
876 857 999 921 sub
1030 871 1263 922 terram
1288 857 1478 938 actis,
1501 879 1652 922 cava
1671 855 1988 923 viscerum
2014 874 2200 924 terroe
2224 875 2294 925 et
2317 861 2656 927 interiores

533 975 786 1024 meatus
828 957 911 1022 ab
950 973 1210 1024 auctore
1242 957 1521 1048 probari.
1555 959 1612 1024 Ν
1618 981 1722 1023 am
1757 975 1989 1049 puteos
2025 976 2094 1024 et
2126 959 2461 1026 cuniculos
2494 982 2656 1052 pro·

533 1059 736 1127 funde
768 1076 943 1126 actos
964 1107 984 1142 ‚
1008 1081 1127 1149 per
1154 1081 1225 1124 se
1256 1055 1563 1124 credibile
1581 1075 1699 1143 est,
1727 1081 1894 1151 saepe
1925 1059 2010 1126 ad
2041 1061 2292 1126 nativos
2327 1082 2556 1152 specus
2587 1077 2660 1128 et

530 1163 811 1230 fornices
838 1162 1287 1228 subterraneos
1310 1177 1678 1251 penetrasse
1692 1209 1712 1246 ,
1734 1179 1800 1228 et
1821 1161 2355 1253 opinioVeterum
2380 1163 2655 1246 ferebat,

534 1265 612 1331 iis
654 1265 842 1330 latius
886 1279 952 1329 et
992 1263 1331 1352 spatiosius
1370 1263 1528 1328 actis
1575 1264 1922 1329 immensas
1957 1279 2142 1328 terrae
2175 1264 2475 1329 cavitates
2515 1285 2658 1330 esse

535 1365 838 1432 detectas.
872 1365 1101 1430 Hausit
1132 1365 1263 1429 hoc
1297 1364 1585 1428 Lucilius
1616 1364 1756 1430 sine
1789 1363 2031 1446 dubie,
2060 1378 2138 1428 ut
2181 1363 2386 1428 multa
2423 1363 2542 1429 alia
2565 1412 2584 1447 ,
2615 1387 2658 1430 e

532 1467 810 1550 Seneca,
840 1466 955 1555 qui
993 1466 1143 1532 Nat.
1191 1466 1431 1549 Quaest.
1478 1466 1591 1531 lib.
1628 1466 1709 1550 V,
1740 1488 1878 1556 cap.
1921 1465 2032 1550 15,
2061 1481 2437 1531 contextum
2469 1481 2658 1530 ten-at,

535 1591 670 1633 non
692 1584 905 1634 totum
926 1568 1207 1634 solidum
1230 1589 1370 1632 esse
1384 1615 1404 1650 ‚
1425 1583 1624 1656 atque
1644 1568 1836 1632 etiam
1855 1566 1983 1631 sub
2007 1589 2082 1632 ea
2105 1566 2282 1632 lacus
2305 1581 2371 1632 et
2390 1563 2662 1632 flumina

534 1693 703 1754 esse,
728 1671 899 1735 inter
930 1672 1051 1736 alia
1086 1692 1163 1735 ex
1200 1670 1469 1758 antiquo
1508 1669 1766 1734 metallo
1803 1667 2234 1734 demonstrat:
2272 1697 2299 1724 α
2321 1669 2658 1757 Asclepio-

532 1803 557 1828 α
580 1771 773 1837 dotus
790 1821 809 1855 ,
841 1771 1073 1860 inquit,
1098 1787 1324 1838 auctor
1354 1787 1483 1854 est,
1513 1768 1827 1836 demissos
1854 1791 2050 1859 quam
2085 1769 2400 1857 plurimos
2429 1792 2467 1833 a
2498 1770 2659 1834 Phi-

532 1903 558 1929 α
581 1873 759 1962 lippo
801 1873 871 1936 in
924 1873 1254 1938 metallum
1300 1872 1642 1960 antiquum
1682 1872 1839 1936 olim
1873 1871 2296 1952 destitutum,
2327 1887 2401 1934 ut
2433 1871 2660 1960 explo-

532 2003 557 2028 α
583 1989 783 2055 taret,
809 1995 954 2061 quae
979 1972 1237 2038 ubertas
1265 1973 1401 2054 ejus
1424 1987 1609 2052 esset,
1633 1975 1748 2061 qui
1773 1989 1977 2037 status
1997 2020 2015 2055 ‚
2039 1995 2122 2036 an
2147 1970 2394 2059 aliquid
2415 1971 2658 2036 futuris

534 2104 561 2130 κ
584 2073 945 2163 reliquisset
973 2091 1158 2138 vetus
1189 2073 1484 2139 avaritia:
1515 2071 1920 2138 descendisse
1953 2073 2097 2137 illos
2129 2093 2283 2136 cum
2315 2073 2526 2135 multo
2555 2072 2660 2135 lu-

534 2205 560 2230 «
585 2176 782 2256 mine,
809 2191 877 2239 et
902 2175 1141 2240 multos
1174 2174 1489 2240 duraturo
1516 2174 1684 2257 dies;
1712 2171 1950 2238 deinde
1981 2173 2176 2263 longa
2191 2173 2294 2237 via
2315 2173 2612 2261 fatigatos
2631 2221 2652 2255 ‚

533 2307 560 2332 κ
579 2275 816 2341 vidisse
852 2275 1120 2340 flumina
1152 2276 1475 2366 ingentia,
1511 2292 1577 2340 et
1609 2291 1963 2363 conceptus
1993 2295 2309 2361 aquarum
2347 2272 2658 2337 inertium

536 2409 563 2436 ι
583 2394 797 2442 vastos
814 2425 834 2460 ‚
870 2395 1055 2467 pares
1087 2377 1323 2442 nostris
1338 2425 1357 2459 ,
1394 2399 1479 2442 ne
1515 2397 1919 2466 compressos
1955 2375 2219 2465 quidem
2259 2391 2427 2438 terra
2459 2395 2661 2461 super

532 2508 559 2534 κ
582 2478 993 2561 imminente,
1018 2475 1133 2544 sed
1162 2478 1375 2544 liberae
1401 2479 1674 2546 laxitatis
1690 2526 1708 2561 ‚
1733 2499 1868 2543 non
1897 2477 2037 2542 sine
2062 2476 2334 2542 hon-ore
2359 2473 2553 2540 visos.
2571 2503 2600 2532 ι
