2975 4684
516 331 565 402 6
1330 335 1843 404 PRAEFATIO

516 482 615 552 ita
656 479 793 552 hac
836 492 1257 578 poematum
1308 479 1742 554 collectione
1785 480 2123 577 judicavi.
2161 483 2325 554 Tria
2373 497 2654 558 tantum

518 635 808 700 eorum,
838 635 999 708 quoe
1046 609 1141 682 ab
1185 612 1325 684 isto
1368 635 1573 682 naevo
1617 611 1849 686 libera
1899 627 1972 685 et
2019 615 2322 712 proprio
2367 633 2652 689 exarata

514 767 729 818 versu
768 759 940 816 sunt
958 799 979 834 ,
1016 745 1297 844 recepi,
1340 745 1732 844 Reposiani
1779 743 2100 817 fabulam
2155 745 2248 818 de
2297 752 2532 821 Marte
2579 764 2654 821 et

510 879 795 948 Venere
808 931 831 966 ,
860 874 1154 950 Achillis
1180 878 1586 950 orationem
1613 878 1690 948 in
1717 876 2176 952 Parthenone
2193 933 2216 969 ,
2238 893 2314 951 et
2345 879 2653 954 Didonis

514 1007 895 1108 epistolam
932 1005 1029 1080 ad
1068 1009 1389 1080 AEneam.

608 1141 858 1230 Quum
887 1135 1253 1238 prioribus
1280 1140 1359 1210 in
1398 1140 1611 1210 tomis
1647 1137 1866 1235 hujus
1892 1141 2136 1240 operis
2169 1165 2338 1213 eum
2369 1165 2650 1215 morem

512 1287 869 1370 sequutus
892 1273 1063 1362 sim,
1090 1287 1173 1344 ut
1199 1286 1457 1370 praeter
1486 1287 1815 1344 auctores
1839 1275 2275 1361 carminum,
2293 1299 2458 1372 quae
2481 1272 2649 1360 edo,

510 1404 823 1476 aliorum
860 1405 1078 1476 etiam
1112 1417 1498 1502 poetarum
1515 1459 1536 1492 ,
1565 1404 1696 1501 qui
1729 1397 2134 1503 antiquitus
2166 1407 2244 1478 in
2279 1405 2492 1478 simili
2527 1430 2648 1478 ar-

510 1551 861 1635 gumento
904 1535 1429 1626 elaborassent,
1472 1538 1898 1609 memoriam
1946 1551 2390 1637 repeterem,
2433 1563 2648 1637 argu-

514 1684 839 1742 mentum
874 1670 1169 1768 quidem
1202 1670 1664 1744 heroicorum
1697 1672 2127 1762 carminum,
2151 1693 2474 1768 quorum
2505 1671 2650 1744 boc

510 1803 878 1876 volumine
944 1805 1275 1904 exempla
1334 1805 1802 1876 continentur
1819 1860 1840 1894 ,
1901 1819 2050 1875 tam
2109 1801 2650 1900 frequentatum

512 1937 715 2008 omni
758 1951 1089 2035 tempore
1142 1934 1280 2008 fuit
1296 1991 1317 2025 ‚
1354 1951 1439 2008 ut
1456 1989 1476 2019 ‚
1513 1938 1574 2008 si
1608 1951 1862 2035 poetas
1877 1991 1898 2025 ,
1949 1936 2080 2032 qui
2115 1934 2291 2007 olim
2327 1937 2649 2008 carmina

510 2069 669 2164 ejus
712 2069 997 2166 generis
1016 2121 1037 2155 ‚
1074 2068 1203 2140 sed
1250 2091 1449 2141 nunc
1492 2067 1901 2168 deperdita,
1929 2068 2412 2167 scripserunt,
2449 2091 2646 2138 com-

508 2222 911 2270 memorare
964 2222 1219 2270 omnes
1268 2198 1532 2274 vellem
1551 2253 1572 2288 ‚
1619 2197 1772 2270 fere
1824 2197 2208 2270 immodica
2268 2211 2648 2296 poetarum

508 2329 723 2404 turba
753 2329 1242 2404 enumeranda
1260 2385 1279 2420 ,
1308 2346 1383 2403 et
1411 2329 1616 2420 libri,
1641 2332 1772 2429 qui
1805 2355 2060 2402 eorum
2099 2329 2474 2402 historiam
2512 2345 2650 2402 tra·

508 2464 729 2554 dunt,
765 2489 1097 2563 magnam
1142 2481 1425 2566 partem
1468 2463 1835 2564 expilandi
1879 2478 2142 2537 essent.
2185 2463 2328 2540 Sed
2368 2478 2650 2553 tamen,

508 2621 673 2695 quae
719 2597 860 2670 hoc
898 2599 1267 2671 volumine
1316 2597 1561 2671 oblata
1595 2612 1705 2671 est
1741 2598 2024 2670 occasio
2041 2651 2060 2686 ,
2089 2596 2181 2668 de
2219 2591 2458 2696 poetis
2501 2598 2649 2668 sin-

506 2730 755 2827 gulare
786 2729 1086 2828 aliquod
1109 2745 1620 2829 argumentum
1649 2727 2132 2801 tractantibus
2165 2723 2466 2826 agendi,
2493 2753 2650 2800 eam

506 2859 820 2933 libenter
844 2861 1169 2960 adripui,
1198 2876 1418 2960 atque
1446 2861 1620 2932 hinc
1648 2862 1722 2930 in
1753 2857 2176 2958 praefatioue
2204 2858 2295 2930 ad
2324 2857 2476 2930 duo
2495 2860 2652 2957 Epi·

510 2991 846 3065 thalamia
865 3049 885 3083 ,
910 3019 1073 3092 quae
1100 3018 1479 3099 propono,
1502 2993 1638 3064 alia
1665 2991 1994 3088 ejusdem
2023 2992 2306 3088 generis
2335 2991 2652 3080 carmina

514 3129 929 3223 percensui,
967 3153 1128 3225 quae
1172 3153 1215 3200 a
1257 3128 1492 3227 poetis
1533 3128 1880 3197 Romanis
1915 3126 2176 3221 scripta
2212 3124 2324 3197 vel
2371 3137 2654 3195 exstant

511 3257 731 3330 hodie
750 3311 771 3348 ,
815 3259 930 3332 vel
980 3262 1394 3359 perierunt;
1444 3275 1520 3332 et
1568 3261 1648 3331 in
1702 3259 2060 3358 prooemio
2117 3257 2208 3328 ad
2265 3258 2649 3355 Epitomen

512 3390 773 3464 Iliados
816 3396 1113 3465 Homeri
1164 3418 1546 3467 recensum
1584 3418 1720 3492 ago
1757 3392 2326 3463 Homeristarum
2365 3389 2652 3460 Latino-

512 3547 713 3613 rum,
754 3525 901 3598 sive
944 3549 1201 3598 eorum
1238 3542 1622 3626 poetarum
1643 3580 1663 3615 ‚
1697 3525 1826 3622 qui
1863 3524 2037 3595 olim
2079 3522 2196 3594 vel
2237 3523 2455 3593 latine
2487 3544 2650 3590 ver·

515 3670 762 3728 terunt
807 3659 1127 3731 carmina
1168 3662 1504 3746 Homeri,
1541 3658 1658 3730 vel
1695 3655 1916 3729 ducto
1957 3682 2046 3728 ex
2095 3659 2180 3726 iis
2223 3667 2651 3752 argumento

513 3785 786 3858 bellum
826 3791 1221 3885 'IX-ojanum
1243 3844 1263 3879 ‚
1292 3805 1419 3862 aut
1456 3790 1728 3861 ducum
1755 3788 2232 3883 Trojanorum
2270 3811 2386 3856 res
2419 3799 2653 3882 gestas

518 3920 981 4010 cecinerunt,
1032 3920 1285 3994 adlatis
1347 3921 1602 4010 simul,
1649 3945 1810 4016 quae
1868 3919 2169 4017 reperiri
2207 3930 2606 4016 potuerunt
2629 3971 2649 4005 ,

520 4075 775 4122 eorum
816 4049 1253 4150 fragmentis,
