2975 4684
515 387 656 482 276
1235 381 1773 450 EXCURSUS
1835 379 1910 446 ΙΙ

515 533 588 588 2,
621 507 699 588 6,
739 507 850 569 ubi
871 505 1078 593 patrii
1101 501 1537 592 quinquennia
1584 499 1770 565 basto-i
1792 499 2120 577 nominat3
2154 511 2221 560 et
2249 495 2358 561 lib.
2392 497 2519 579 111,
2558 493 2592 561 5
2616 545 2637 578 ,

511 633 594 696 92
623 658 640 691 ,
669 607 759 672 Et
787 603 1154 696 Capitolinis
1174 603 1608 692 quinquennia
1618 603 1927 690 proxima
1945 599 2155 664 lustris
2172 647 2192 678 ‚
2225 599 2337 662 ubi
2360 599 2637 678 honore,

509 710 910 788 celebritate,
945 705 1255 796 dignitate
1275 753 1292 780 ‚
1325 719 1633 793 apparatu
1666 702 1959 791 proxima
1990 699 2357 786 Capitolino
2385 700 2579 788 agoni
2601 717 2641 761 a

511 810 883 876 Domitiano
921 809 1218 872 instituto
1262 805 1477 870 dicere
1509 803 1786 868 videtur.
1838 805 1921 866 Et
1951 802 2062 866 lib.
2096 799 2172 881 V,
2221 801 2369 864 Silv.
2402 799 2471 880 3,
2517 821 2639 884 ¹09

513 935 688 1000 seqq.
729 911 968 976 Statius
999 925 1246 998 patrem
1295 929 1490 970 suum
1512 953 1531 986 ,
1568 906 1757 994 plane
1791 921 1867 968 ut
1908 905 2144 967 Noster
2181 902 2480 966 Pisonem
2500 949 2518 982 ‚
2572 902 2641 962 in

513 1003 861 1079 certamine
897 1009 1326 1100 Neapolitano
1359 1008 1599 1073 Graecae
1632 1005 2017 1094 eloquentiae
2050 1005 2315 1094 gloriam
2346 1003 2646 1066 retulisse

517 1131 866 1194 memorat,
915 1113 1184 1202 patriam
1218 1133 1400 1174 suam
1441 1109 1895 1197 Parthenopen
1930 1107 2263 1194 alloquens
2292 1131 2305 1168 :

794 1265 850 1320 Si
875 1277 933 1318 tu
963 1265 1126 1336 stirpe
1155 1275 1328 1322 vetus,
1357 1265 1614 1335 fameque
1641 1263 1863 1316 obscura
1882 1264 2081 1332 jaceres

791 1347 879 1400 Nil
904 1346 1100 1418 gentile
1121 1355 1303 1400 tenens
1318 1384 1333 1408 ,
1361 1345 1454 1398 ino
1481 1357 1536 1399 te
1560 1347 1675 1400 cive
1701 1346 1954 1418 probares

796 1429 1008 1482 Graiam
1027 1465 1046 1492 ,
1073 1440 1230 1500 atque
1253 1428 1492 1482 Euboico
1520 1431 1781 1502 majorum
1806 1427 2063 1500 sanguine
2090 1426 2233 1479 duci.

795 1511 892 1566 Ille
913 1513 1014 1564 tuis
1046 1514 1198 1565 toties
1225 1511 1543 1584 pressu-inxit
1569 1523 1807 1582 tempora
1832 1510 1980 1565 sertis
1998 1545 2015 1572 ,

791 1597 974 1662 Quum
1003 1605 1140 1648 stata
1168 1593 1385 1648 laudato
1409 1605 1623 1648 caneret
1648 1591 2025 1666 Quinquennia
2049 1611 2203 1646 versu
2228 1623 2245 1656 ς

793 1679 902 1731 Ora
930 1695 1296 1750 supergressus
1313 1677 1445 1750 Pylii
1468 1676 1607 1730 senis
1623 1717 1638 1743 ,
1664 1695 1867 1748 oraque
1884 1675 2019 1748 regis

792 1761 1056 1825 Dulichii,
1089 1763 1370 1834 specieque
1395 1779 1603 1814 comam
1626 1761 1893 1814 subnexus
1915 1757 2143 1831 utraque
2163 1795 2179 1824 ,
2204 1769 2310 1812 etc.

515 1909 613 1976 De
636 1933 864 1975 eorum
893 1909 1203 1974 ludorum
1235 1910 1642 1976 institutione
1670 1925 1735 1974 et
1755 1908 2124 1973 celebritate
2152 1908 2381 1972 Strabo
2403 1955 2419 1989 ,
2442 1907 2551 1971 lib.
2572 1907 2653 1989 V,

515 2037 580 2102 p.
619 2012 745 2100 377
775 2011 930 2076 edit.
959 2012 1274 2076 Almelov.
1302 2009 1386 2074 de
1409 2010 1849 2098 Neapolitanis
1881 2033 2112 2100 agens:
2146 2021 2244 2073 νυνὶ
2280 2015 2341 2071 δὲ
2374 2039 2655 2091 unumpa-

515 2126 594 2185 κὸς
623 2124 744 2194 inpie
779 2123 915 2196 ἀγὸν
952 2125 1254 2176 custumis-ai
1286 2130 1406 2192 παρ’
1427 2123 1593 2182 αὐτοῖς
1620 2123 1847 2192 μουσικός
1878 2141 1933 2174 τε
1971 2121 2053 2175 καὶ
2090 2123 2317 2192 γυμνικὸς
2344 2120 2428 2174 ἰπὶ
2457 2122 2650 2180 πλείους

513 2213 730 2286 ἡμέρας,
760 2213 1011 2284 ἰνάμιλλος
1044 2214 1146 2273 τοῖς
1184 2213 1597 2282 ἐπιφανεστάτοις
1630 2221 1728 2266 τῶν
1761 2214 1897 2266 κατὰ
1922 2213 2009 2270 τὴν
2034 2197 2251 2266 Ελλάδα.
2281 2205 2655 2268 Bernartius

515 2303 598 2368 ad
634 2304 816 2382 Statii
854 2302 1002 2366 Silv.
1035 2305 1136 2384 11,
1173 2325 1243 2383 2,
1286 2303 1361 2384 6,
1403 2325 1482 2366 ex
1513 2303 1783 2370 vocibus
1814 2314 1914 2367 νυνὶ
1936 2309 1995 2365 δὲ
2024 2303 2295 2393 colligit,
2326 2305 2653 2369 certamen

517 2403 1018 2492 Neapolitanum
1045 2402 1418 2468 institutum
1452 2402 1786 2467 Strabonis
1819 2428 1989 2488 aevo,
2022 2405 2387 2492 etquidem
2424 2407 2488 2469 in
2528 2407 2655 2470 ho-

515 2527 746 2568 norem
769 2505 1092 2591 ,Augusti,
1122 2501 1302 2591 quod
1338 2504 1688 2569 Suetonius
1718 2504 2003 2570 indicare
2029 2505 2289 2572 videtur
2324 2507 2389 2569 in
2426 2507 2649 2572 Octav.

519 2627 656 2694 cap.
695 2605 780 2692 98
807 2627 823 2668 :
865 2635 890 2659 α
913 2603 1068 2667 Mox
1099 2605 1438 2694 Neapolim
1466 2606 1717 2685 trajecit
1736 2655 1755 2688 ,
1782 2629 2178 2694 quamquam
2204 2623 2271 2671 et
2299 2624 2441 2672 tum
2473 2607 2656 2672 infir-

493 2709 642 2772 nnis
667 2705 1017 2785 intestinis,
1044 2705 1277 2769 morbo
1299 2706 1622 2771 variante:
1644 2724 1862 2771 tamen
1898 2723 1963 2772 et
1997 2708 2481 2796 quinquennale
2511 2731 2653 2772 cer-

483 2865 490 2874 .
520 2825 739 2874 tamen
789 2806 1165 2898 gymnicum
1222 2805 1460 2870 honori
1526 2829 1648 2871 suo
1710 2807 2083 2872 institutum
2145 2811 2571 2896 perspectavit
2605 2841 2653 2874 -.

521 2909 934 2996 Quamquam
982 2929 1062 2971 ex
1094 2905 1306 2970 verbis
1359 2907 1538 2970 hisce
1585 2907 1882 2972 nondum
1924 2926 2103 2974 certo
2152 2924 2407 2972 constat
2442 2921 2655 2972 totum

517 3011 825 3092 ludorum
867 3008 1445 3097 Neapolitanorum
1494 3010 1796 3092 solenne,
1850 3009 2031 3096 quod
2067 3009 2259 3073 etiam
2298 3009 2558 3072 musicis
2591 3025 2657 3072 et

519 3111 789 3202 poeticis
821 3109 1138 3199 agonibus
1168 3109 1541 3193 constabat,
1586 3133 1723 3175 aevo
1766 3109 2031 3175 demum
2069 3109 2349 3199 Augusti
2394 3110 2653 3174 initium

522 3214 798 3302 cepisse,
852 3233 1057 3297 quum
1103 3207 1279 3298 apud
1327 3209 1715 3274 Suetonium
1768 3211 1966 3274 solius
2018 3211 2339 3299 gymnici,
2396 3211 2461 3274 in
2516 3213 2657 3275 Au-

523 3311 695 3402 gusti
751 3311 1072 3374 honorem
1121 3310 1288 3373 forte
1341 3309 1542 3374 additi
1594 3327 1659 3374 et
1706 3334 1998 3376 seorsum
2046 3311 2378 3394 celebrati,
2408 3311 2655 3376 mentio

517 3411 664 3500 ¹fiat3
697 3432 902 3498 quum
934 3425 1148 3474 tamen
1174 3410 1446 3474 certiora
1475 3410 1775 3478 deficiant
1811 3413 2204 3494 testimonia,
2237 3413 2359 3478 hac
2387 3413 2657 3502 >quidem

523 3514 774 3578 ratione
809 3512 1100 3576 contenti
1143 3535 1390 3576 sumus.
1431 3512 1783 3594 Adjicimus
1835 3529 2088 3578 tantum
2135 3515 2323 3580 aliam
2356 3516 2658 3580 observa·-

524 3617 772 3680 tionem
829 3635 907 3676 ex
951 3613 1096 3677 loco
1137 3613 1450 3690 Statiano,
1503 3615 1585 3678 ab
1630 3617 2090 3705 interpretibus
2136 3617 2271 3682 fere
2326 3618 2655 3708 neglecto,

523 3713 940 3806 capiendam,
985 3736 1129 3799 quae
1186 3713 1268 3778 ad
1319 3729 1573 3803 tempus
1624 3733 1687 3780 et
1733 3717 2231 3780 celebrationem
2278 3714 2415 3781 ludi
2465 3715 2656 3801 quin-

533 3816 874 3906 quennalis
913 3814 1317 3902 Neapolitani
1354 3817 1655 3902 pertinet.
1707 3817 1810 3882 Sic
1848 3817 2021 3881 enim
2068 3817 2339 3900 Statius,
2368 3817 2517 3881 Silv.
2553 3815 2656 3894 ΙΙ,

539 3943 576 3983 2
594 3967 614 3999 ,
638 3921 681 3984 6
710 3939 892 4005 seqq.
1522 4000 1537 4006 ,
2050 3939 2059 3948 ·

805 4041 924 4096 Huc
943 4061 1028 4094 me
1049 4049 1166 4112 post
1184 4041 1340 4113 patrii
1363 4042 1539 4095 letum
1556 4045 1933 4118 ‚quinquennia
1958 4044 2141 4108 lustri,

805 4126 985 4189 Quum
1014 4123 1185 4178 stadio
1203 4126 1316 4196 jam
1345 4126 1494 4197 pigra
1516 4129 1669 4200 quies
1685 4168 1700 4194 ,
1731 4147 1999 4202 canusque
2020 4127 2226 4184 sederet
