2975 4684
1188 319 1323 388 DE
1370 319 1684 390 AETNA.
2415 347 2503 422 77

442 459 617 524 atque
648 443 781 506 imis
806 440 1105 504 radicibus
1132 443 1407 521 oppletus
1434 457 1540 502 est.
1572 447 1802 521 Nempe
1831 441 2086 522 lapidem
2111 445 2274 506 illum
2309 449 2506 510 mola-

440 557 567 598 rem
590 536 957 617 potissimum
984 535 1135 614 ignis
1155 533 1439 614 pabulum
1460 555 1618 608 esse,
1647 533 1788 594 hinc
1811 535 2178 598 manifestum
2206 551 2310 599 est.
2337 547 2508 616 Quo-

440 630 623 690 modo
658 642 857 690 autem
892 629 1033 688 hinc
1072 641 1385 706 generetur
1424 640 1487 688 et
1520 626 1780 687 exundet
1821 626 2188 704 incendium,
2233 632 2508 716 deinceps

440 722 791 785 ostenditur.
831 726 1061 800 Nempe
1096 720 1351 800 primum
1386 720 1643 800 lapidem
1677 719 1958 780 molarem
1971 762 1991 793 ,
2031 719 2174 782 dum
2206 723 2340 803 igne
2365 747 2510 787 oon-

440 831 615 896 cepto
638 818 898 878 flammas
920 815 1093 893 jacit,
1120 816 1252 892 ipso
1284 813 1401 874 ictu
1436 813 1688 874 vicinam
1725 811 2030 872 materiam
2065 817 2409 896 accendere,
2439 837 2508 882 ut

440 931 637 970 secum
672 911 973 989 liquescat.
1016 907 1193 982 Quod
1228 905 1373 968 dum
1410 907 1475 966 sit
1488 950 1509 980 ,
1553 906 1808 966 exterius
1843 903 2081 983 quidem
2111 908 2298 970 videri
2323 913 2508 974 vehe—

422 1002 717 1074 mentiam
747 1001 897 1079 ignis
923 1001 1245 1073 remittere,
1274 999 1377 1058 sed
1414 1011 1578 1058 certa
1619 997 1818 1059 adesse
1853 998 2068 1060 indicia
2099 1001 2344 1065 flammae
2367 1025 2507 1067 mox

444 1109 759 1174 erupturae.
781 1097 931 1154 Nam
958 1093 1155 1154 statim
1190 1112 1261 1152 ac
1288 1093 1449 1152 venti
1478 1093 1621 1152 flare
1649 1091 1968 1170 incipiunt,
1999 1093 2194 1154 solum
2224 1109 2472 1160 tremere
2485 1141 2507 1176 ,

440 1203 621 1266 atque
652 1187 751 1246 hic
786 1187 907 1246 illic
940 1186 1115 1246 rimas
1145 1185 1265 1266 agi,
1302 1199 1362 1244 et
1400 1185 1662 1244 flammas
1699 1203 1833 1244 cum
1861 1205 2162 1246 murmure
2192 1188 2504 1267 ejici.Tum

440 1282 861 1340 eil'effescente
910 1281 1123 1340 montis
1166 1278 1439 1340 incendio
1487 1297 1666 1357 rupoe
1711 1297 1983 1338 accensas
2019 1281 2188 1358 sequi
2204 1324 2223 1354 ,
2273 1297 2334 1342 et
2379 1285 2507 1346 fra..

440 1385 675 1451 gmenta
718 1373 933 1432 montis
976 1391 1113 1432 cum
1156 1391 1365 1452 magno
1409 1391 1719 1431 arenarum
1766 1369 1969 1436 nimbo
2008 1375 2300 1451 provolvi.
2355 1383 2506 1454 Quae

440 1466 581 1544 quia
606 1466 671 1524 in
691 1479 949 1526 montem
977 1485 1100 1525 non
1124 1465 1423 1536 recidunt,
1456 1463 1556 1524 hic
1579 1462 2015 1543 quodammodo
2041 1463 2303 1526 defessus
2321 1471 2505 1550 respi-

440 1579 572 1618 rare
604 1559 860 1631 videtur,
884 1571 1007 1618 tum
1035 1558 1289 1637 disjectae
1322 1557 1471 1637 ignis
1501 1557 1685 1637 copiae
1711 1558 1773 1616 in
1799 1571 2066 1636 apertum
2092 1561 2501 1625 refunduntur.

442 1652 561 1724 Qui
588 1669 735 1710 vero
760 1651 1069 1729 ejiciuntur
1098 1650 1321 1732 lapides
1334 1694 1353 1723 ,
1382 1651 1639 1710 maximo
1663 1651 1798 1730 igne
1831 1651 2090 1724 excocti,
2117 1653 2310 1714 scabri
2335 1672 2501 1733 sunt,

442 1747 609 1822 quasi
620 1743 923 1824 quoddam
944 1759 1411 1825 purgamentum,
1434 1745 1596 1804 omni
1621 1763 1796 1816 succo
1821 1757 1996 1822 atque
2021 1743 2270 1806 humore
2293 1752 2504 1812 exsuti.

442 1838 553 1896 nic
584 1851 776 1897 tamen
807 1836 1047 1912 humor,
1074 1837 1215 1896 dum
1234 1839 1533 1916 congeries
1560 1837 1860 1915 pumicum
1893 1837 2196 1916 paullatim
2221 1861 2256 1898 e
2281 1843 2500 1904 vertice

442 1932 657 1990 montis
680 1931 933 2003 exsiluit,
958 1931 1019 1989 in
1050 1932 1195 1990 alias
1224 1932 1439 1990 montis
1466 1944 1663 2009 partes
1685 1931 1856 1990 altius
1884 1930 2202 2006 adscendit,
2229 1947 2289 1993 et
2315 1937 2504 2016 lique-

444 2022 631 2082 sactus
660 2023 897 2082 molaris
926 2023 1107 2102 magis
1150 2023 1451 2102 magisque
1492 2023 1876 2082 essct-vescens
1903 2043 1938 2082 e
1965 2023 2292 2087 crateribus
2317 2029 2503 2092 instar

443 2113 607 2172 fluvii
634 2115 909 2175 exundat.
944 2117 1065 2190 Qui
1092 2115 1303 2175 fluvius
1330 2137 1485 2196 saepe
1515 2115 1827 2176 duodecim
1849 2117 2032 2177 millia
2053 2137 2328 2196 passuum
2357 2142 2502 2201 pro—

436 2206 725 2284 greditur,
742 2209 907 2267 nullo
938 2207 1105 2268 obice
1132 2209 1483 2282 retardatus,
1513 2223 1574 2268 et
1593 2208 1886 2269 obstantia
1913 2230 2160 2289 queque
2185 2217 2506 2292 prosternit

443 2315 547 2360 aut
574 2299 863 2360 absumit:
893 2301 955 2360 in
986 2302 1397 2380 profundiores
1426 2303 1605 2363 valles
1635 2302 1906 2382 delapsus
1931 2303 2198 2382 pluribus
2229 2307 2505 2371 fluctibus

440 2395 899 2472 supervolvitur,
922 2410 980 2454 et
1006 2395 1081 2454 ad
1102 2397 1259 2474 ripas
1278 2397 1525 2456 aliorum
1545 2397 1850 2456 fluminum
1871 2397 2215 2476 perveniens
2239 2403 2506 2464 consistit

440 2507 509 2544 ac
542 2488 757 2566 frigore
786 2488 1052 2548 duratur.
1078 2494 1229 2548 Tum
1244 2490 1427 2568 -prior
1470 2490 1594 2567 ejus
1629 2491 1806 2549 facies
1837 2502 2136 2563 mutatum
2165 2493 2502 2557 efficiuntur

444 2582 627 2640 moles
656 2583 971 2654 fumantes,
1004 2603 1136 2660 quae
1175 2603 1283 2642 suo
1316 2583 1577 2662 pondere
1615 2582 1905 2642 devolutae
1941 2598 2001 2645 et
2039 2584 2231 2644 solido
2269 2589 2502 2652 inflicta

444 2675 758 2752 smctaeque
784 2675 1036 2734 candent
1054 2687 1117 2733 et
1145 2677 1477 2737 scintillant.
1509 2675 1572 2736 Si
1595 2677 1932 2754 contigerit,
1956 2690 2022 2735 ut
2047 2679 2316 2756 quedam
2341 2701 2499 2744 mas-

442 2789 523 2826 sae
566 2768 725 2846 ripas
760 2768 949 2828 amnis
983 2759 1415 2847 superaverint,
1462 2781 1588 2827 tum
1618 2787 1702 2826 eae
1735 2781 1890 2827 tanta
1923 2770 2076 2828 mole
2101 2783 2162 2828 et
2195 2771 2500 2834 altitudine

442 2859 825 2922 indurescunt
842 2904 859 2935 ,
896 2875 963 2920 ut
984 2863 1081 2920 vix
1106 2860 1307 2920 cuneis
1332 2861 1620 2920 dimoveri
1645 2873 1862 2938 queant
1887 2858 2042 2938 (506
2055 2863 2094 2940 ).
2121 2865 2248 2920 Hac
2271 2865 2500 2926 ratione

444 2955 666 3016 effluvii
690 2955 899 3016 AEtnaei
937 2955 1239 3034 exposita,
1292 2952 1662 3032 explodenda
1691 2965 1780 3012 est
1819 2949 2082 3011 fabulosa
2115 2953 2351 3031 opinio,
2379 2977 2500 3036 qua

447 3047 725 3120 creditur,
754 3048 953 3127 plures
976 3047 1121 3106 alias
1150 3048 1443 3118 materias,
1473 3046 1649 3104 variae
1677 3045 2086 3125 proprietatis,
2123 3065 2257 3106 cum
2289 3051 2502 3112 molari

446 3138 641 3216 lapide
665 3139 978 3218 liquefacto
1004 3139 1260 3210 misceri,
1284 3151 1343 3198 et
1370 3137 1634 3198 bitumen
1657 3136 1804 3197 adeo
1833 3157 1900 3196 ac
1927 3138 2115 3197 sulfur
2147 3159 2282 3200 cum
2309 3143 2502 3224 lapide

446 3243 784 3289 concretum
824 3231 1097 3310 flagrare3
1130 3230 1413 3310 siquidem
1450 3233 1616 3290 aiunt
1657 3243 1717 3288 et
1759 3244 1976 3289 cretam
2021 3251 2192 3309 posse
2239 3249 2501 3298 exustam

448 3323 765 3402 liquefieri,
804 3337 871 3382 ut
899 3324 1062 3404 figuli
1086 3324 1460 3397 confirment,
1488 3336 1624 3402 post
1653 3336 1846 3381 autem
1867 3343 2068 3382 rursus
2095 3324 2312 3404 frigore
2335 3328 2501 3389 indu-

450 3437 696 3476 rescere.
740 3415 857 3477 Sed
896 3418 1047 3476 ratio
1066 3459 1083 3490 ,
1135 3437 1265 3494 quae
1304 3437 1375 3475 ex
1426 3418 1719 3484 communi
1755 3416 2010 3493 quodam
2045 3417 2210 3496 signo
2248 3419 2504 3498 ducitur,

452 3509 766 3569 admodum
797 3510 941 3570 levis
962 3524 1065 3570 est.
1095 3509 1323 3569 Certius
1344 3507 1453 3567 tibi
1480 3523 1882 3588 argumentum
1907 3509 2114 3569 afferet
2143 3517 2508 3591 comparatio

451 3602 661 3682 lapidis
688 3603 923 3662 molaris
952 3623 1081 3662 cum
1106 3623 1236 3661 aere.
1275 3607 1425 3664 Nam
1456 3603 1554 3661 hic
1576 3602 1822 3682 perinde
1849 3623 1916 3661 ac
1942 3623 2102 3662 aenea
2131 3622 2347 3679 massa,
2378 3609 2501 3670 sive

452 3697 797 3774 liquefactus
822 3695 1089 3768 flammis,
1128 3695 1249 3754 sive
1271 3695 1459 3754 nullas
1484 3709 1761 3775 expertus
1789 3696 1993 3763 fuerit,
2013 3697 2224 3756 retinet
2243 3703 2506 3780 proprie*

454 3803 601 3848 tates
625 3809 782 3862 suas,
814 3809 923 3848 nec
944 3789 1263 3868 quidquam
1290 3808 1363 3846 cx
1398 3787 1583 3846 odore
1611 3802 1670 3846 et
1699 3788 1935 3847 levitate
1961 3799 2247 3863 mutatur,
2279 3804 2500 3856 tantum

454 3881 614 3960 quod
642 3883 789 3941 alius
820 3881 935 3942 alio
965 3882 1227 3961 fragilior
1253 3895 1361 3940 est.
1390 3885 1595 3960 Neque
1625 3893 1818 3939 tamen
1847 3878 2176 3958 negandum
2206 3894 2292 3942 est
2306 3926 2326 3956 ,
2358 3885 2506 3948 alios

456 3976 629 4034 etiam
654 3973 879 4055 lapides
906 3995 1055 4049 ωε,
1085 3976 1188 4055 qui
1212 3975 1606 4035 exardescant.
1632 3972 1814 4036 Siculi
1835 3974 2116 4034 nonnulla
2142 3995 2280 4035 saxa
2304 3981 2507 4040 Ἐπὶ-ω

458 4082 699 4143 vocant,
738 4081 797 4128 et
838 4069 1069 4129 nomine
1116 4070 1246 4147 ipso
1296 4068 1487 4128 fusilia
1539 4067 1826 4142 indicant,
1863 4087 1994 4146 quae
2038 4081 2229 4129 tamen
2277 4071 2515 4136 minime
