2975 4684
536 466 547 478 ,
590 394 723 466 180
1283 388 1820 461 Excnnsns
1881 392 2000 463 111

578 534 672 583 tat
689 565 709 600 ,
733 517 884 605 quia
908 515 1047 579 sine
1074 511 1377 595 naribus,
1398 526 1474 576 ut
1498 510 1778 594 enodes,
1804 511 2132 594 elumbes,
2155 513 2462 604 elingues.
2481 515 2705 581 Enim·

575 640 729 682 vero
756 614 1007 696 dubito,
1031 637 1114 677 an
1138 615 1277 678 haec
1302 613 1466 678 ratio
1488 614 1644 678 satis
1672 614 1914 696 valeat,
1944 636 2124 702 quae,
2149 631 2226 679 ut
2249 615 2591 700 ridicula,
2565 641 2704 698 jam

578 719 837 807 explosa
880 732 978 780 est
1020 739 1059 780 a
1089 715 1339 780 Vossio.
1386 715 1644 779 Etenim
1668 760 1688 797 ,
1715 716 1833 802 qui
1877 737 2098 780 enares
2145 737 2438 803 unquam
2485 717 2706 782 simias

576 821 839 902 dixerit,
867 839 1193 906 nusquam
1220 816 1562 904 reperitur,
1590 837 1804 904 neque
1829 816 2170 904 quisquam
2196 818 2508 884 Veterum
2527 821 2705 884 Ena-

574 924 735 987 riam
764 921 1016 1010 scripsit
1040 942 1163 1008 pro
1186 919 1453 986 AEnaria
1466 965 1485 1000 ,
1513 941 1656 1006 quae
1683 940 1810 982 vox
1833 917 1888 982 si
1913 939 2062 982 vere
2085 917 2506 984 descenderet
2525 943 2568 984 a
2589 945 2708 988 na·

573 1024 743 1088 ribus
758 1071 778 1103 ,
806 1021 992 1100 cujus
1016 1019 1257 1108 syllaba
1282 1020 1461 1107 prior
1485 1019 1681 1108 longa
1703 1035 1836 1101 est,
1863 1019 2102 1084 Statius
2125 1041 2265 1084 eam
2289 1043 2424 1086 non
2449 1023 2704 1110 pomis-

574 1139 671 1187 set
711 1124 779 1186 in
803 1121 1069 1187 AEnaria
1103 1119 1445 1207 corripere.
1488 1120 1573 1182 Et
1605 1119 1818 1186 simias
1849 1121 1920 1183 in
1959 1142 2032 1185 ea
2067 1121 2275 1185 insula
2302 1121 2703 1208 abundasse,

572 1240 685 1288 aut
714 1247 793 1288 eo
824 1221 1145 1288 traductas
1177 1243 1347 1303 esse,
1368 1221 1530 1284 mihi
1558 1221 1786 1290 fabuloe
1814 1221 2036 1286 similis
2063 1244 2164 1287 res
2189 1239 2306 1288 est.
2340 1224 2494 1289 Non
2521 1226 2704 1290 enim

572 1323 903 1388 simiarum
939 1323 1142 1411 patria
1183 1323 1396 1404 Italia,
1438 1310 1553 1386 sed
1599 1322 1814 1387 Africa
1851 1339 1979 1404 est,
2013 1324 2128 1387 ubi
2169 1325 2362 1390 etiam
2401 1327 2704 1416 regiones

572 1424 768 1488 fuisse
800 1423 1169 1487 Pithecusas
1196 1421 1398 1487 dictas
1414 1470 1432 1504 ‚
1460 1421 1788 1488 Diodorus
1816 1424 2068 1488 Siculus
2088 1472 2107 1506 ,
2135 1424 2246 1491 lib.
2273 1427 2372 1509 II,
2397 1444 2702 1496 testatur:

570 1540 637 1588 et
670 1525 793 1588 nisi
826 1524 1054 1590 incolae
1080 1524 1349 1589 fortasse
1378 1543 1496 1612 per
1521 1523 1990 1588 cavillationem
2015 1524 2216 1591 simiis
2243 1528 2476 1592 similes
2503 1528 2701 1612 dicti,

568 1627 688 1690 alia
734 1628 1027 1715 profecto
1076 1625 1360 1690 nominis
1410 1625 1771 1690 Pithecusas
1815 1626 1981 1690 ratio
2023 1626 2222 1692 fuerit
2265 1651 2527 1694 necesse
2576 1647 2702 1698 est.

572 1729 735 1810 Quae
764 1728 1029 1817 quidem
1061 1751 1099 1792 a
1129 1727 1341 1793 Plinio
1371 1725 1665 1808 affertur,
1691 1749 1728 1791 a
1750 1725 1986 1815 figlinis
2019 1725 2438 1795 doliariorum
2464 1733 2702 1818 petita,

568 1829 877 1894 Salmasio
922 1847 1057 1894 non
1101 1827 1449 1917 probabilis
1489 1827 1750 1892 videtur
1791 1843 2132 1916 propterea
2147 1877 2166 1910 ,
2203 1830 2382 1918 quod
2427 1855 2464 1894 a
2507 1831 2704 1898 doliis

567 1932 835 1996 Pithusa
848 1979 867 2012 ,
886 1953 1023 1996 non
1048 1930 1419 2013 Pithecusa,
1440 1928 1710 1994 dicenda
1739 1929 1982 1993 fuisset.
2006 1931 2096 1993 At
2111 1952 2268 1995 vero
2289 1933 2536 1997 Plinius
2559 1957 2700 1998 non

566 2057 603 2097 a
620 2033 840 2116 doliis,
858 2031 972 2100 sed
992 2057 1029 2096 a
1048 2032 1329 2098 doliariis
1348 2052 1710 2118 eorumque
1727 2029 1960 2119 figlinis
1974 2077 1993 2112 ,
2013 2053 2256 2095 nomen
2275 2030 2702 2100 derivandum

566 2136 840 2216 censuit,
860 2155 1132 2221 eamque
1158 2132 1477 2198 rationem
1497 2132 1619 2196 viri
1643 2130 1818 2196 docti
1837 2129 1921 2193 ad
1941 2131 2342 2220 Hesychium
2363 2185 2380 2217 ‚
2410 2159 2470 2201 v.
2488 2131 2702 2219 λριμος,

565 2249 631 2298 et
671 2234 1049 2298 Harduinus
1088 2232 1171 2296 ad
1206 2233 1397 2297 Plinii
1427 2233 1552 2298 loc.
1586 2232 1694 2297 cit.
1727 2230 2278 2299 demonstrarunt.
2315 2237 2570 2326 Nempe
2597 2249 2700 2304 ἀπὸ

564 2351 663 2396 τῶν
695 2346 935 2402 πιθήκων,
965 2332 1034 2397 id
1067 2349 1185 2415 est,
1214 2343 1463 2412 κεραμέων
1486 2343 1669 2414 πίθων,
1699 2331 1927 2396 dicunt
1957 2331 2366 2400 Pithecusam
2401 2340 2702 2404 nomina-

567 2427 734 2518 tanf3
783 2458 820 2499 a
858 2445 997 2506 πίθος
1044 2445 1282 2509 πίθακος,
1312 2455 1429 2497 seu
1454 2444 1662 2497 πίθακον
1697 2443 1788 2506 τὸ,
1822 2431 2001 2496 unde
2037 2444 2269 2499 πίθακνον
2300 2454 2370 2502 et
2401 2451 2631 2507 πιθάκνη·
2659 2465 2704 2506 a

563 2545 767 2598 πίθακον
808 2545 1042 2611 πίθηκον,
1073 2546 1347 2610 πιθηκόιις,
1374 2545 1723 2610 πιθηκόιᾳσαι,
1752 2547 2105 2608 montaneam,
2145 2535 2218 2602 id
2245 2555 2344 2604 est
2364 2588 2384 2623 ,
2437 2540 2698 2632 figlinae.

566 2637 883 2700 Caeterum
916 2635 1333 2700 memorabile
1368 2636 1664 2725 inprimis
1697 2651 1796 2700 est
1814 2682 1833 2717 ,
1882 2635 2064 2723 quod
2095 2637 2327 2705 Strabo
2357 2641 2470 2706 lib.
2500 2643 2700 2727 xm,

563 2760 708 2826 pag.
747 2737 911 2820 626,
938 2734 1236 2818 tradidit,
1264 2745 1496 2806 πιθήκους
1530 2737 1752 2827 lingua
1789 2737 2062 2802 Etrusca
2101 2738 2229 2806 dici
2263 2755 2490 2826 ἀρίμους,
2517 2743 2702 2810 unde

563 2837 831 2903 fortasse
880 2836 1245 2927 Hesychius
1290 2837 1506 2925 petiit,
1543 2839 1660 2927 qui
1692 2842 1914 2909 scribit
1945 2835 2160 2927 λριμος,
2199 2857 2419 2917 πίθηκος.
2487 2847 2586 2910 Ex
2621 2869 2702 2912 ca

448 2961 462 2976 ‘
561 2941 739 3004 vocis
762 2941 1051 3006 Etruscoe
1089 2937 1554 3029 significatione
1573 2989 1592 3024 ,
1619 2957 1949 3033 tamquam
1982 2970 2020 3012 e
2047 2947 2265 3027 fonte,
2291 2945 2568 3035 petenda
2599 2948 2702 3012 vi-

562 3041 757 3106 detur
779 3042 967 3118 ratio,
991 3063 1111 3106 cur
1133 3040 1397 3105 Veteres
1430 3042 1795 3132 Typhoeum
1833 3047 2124 3138 giganta,
2162 3047 2448 3112 flammas
2479 3049 2700 3139 exspi-

562 3155 837 3225 rantem,
854 3142 1246 3222 subjecerint
1256 3141 1637 3225 Pithecusas,
1653 3167 1926 3237 eamque
1940 3149 2285 3213 Inarimem
2301 3149 2698 3216 vocaverint.

562 3245 822 3308 Etenim
860 3266 1066 3332 quum
1097 3246 1423 3309 Homerus
1452 3245 1633 3312 Iliad.
1661 3247 1763 3330 11,
1792 3249 1954 3338 783,
1985 3259 2126 3322 εὐνὰς
2151 3250 2424 3340 Typhoei
2461 3248 2701 3315 dixerit

560 3366 698 3410 esse
744 3355 812 3407 εἰν
854 3346 1077 3426 Δρίμοις,
1110 3344 1465 3410 similitudo
1501 3345 1696 3426 hujus
1733 3351 2017 3416 nominis
2053 3372 2204 3416 cum
2237 3351 2506 3415 Etrusca
2536 3371 2701 3416 voce

558 3455 730 3527 ἄμμος
754 3445 1094 3526 invitabat,
1128 3463 1203 3510 ut
1236 3446 1447 3510 cubile
1468 3448 1744 3537 Typhoei
1771 3451 1997 3517 insulse
2021 3451 2246 3517 itidem
2280 3449 2558 3516 fumanti
2579 3450 2700 3516 ad·

557 3547 916 3636 signarent,
942 3567 1085 3633 quae
1114 3569 1357 3612 nomen
1382 3557 1438 3610 ἐκ
1468 3564 1566 3611 τῶν
1605 3560 1790 3631 ἀρίμων
1815 3555 2238 3619 Etruscorum
2261 3552 2502 3617 habere
2523 3552 2700 3619 vide·

557 3664 760 3730 retur,
784 3669 1022 3736 nempe
1048 3647 1442 3731 Pithecusam
1468 3665 1536 3714 et
1559 3669 1768 3738 poetae
1793 3655 2001 3719 Latini
2032 3656 2229 3719 simul
2252 3654 2554 3718 Inan‘aenes
2579 3675 2702 3720 no·

556 3771 710 3813 men
757 3748 1125 3814 efficiebant
1166 3749 1371 3814 simile
1400 3751 1670 3816 vocibus
1717 3755 2075 3820 Homericis
2108 3767 2174 3819 ιῑν
2211 3746 2430 3835 Ispinon.
2472 3755 2696 3820 Palam

556 3867 684 3933 est,
712 3851 1060 3916 Inarimem
1089 3848 1259 3914 hanc
1286 3851 1563 3916 insulam
1591 3875 1928 3942 nunquam
1959 3857 2210 3939 vocari,
2235 3856 2362 3920 nisi
2387 3879 2426 3920 a
2445 3855 2695 3944 poetis,

555 3970 620 4018 et
650 3969 790 4016 tum
818 3953 1128 4036 maxime,
1158 3975 1365 4043 quum
1402 3976 1544 4018 eam
1569 3955 1864 4044 Typhoeo
1899 3957 2272 4044 impositam
2301 3955 2694 4046 significant.

550 4055 847 4121 Testatur
867 4055 994 4119 hoc
1017 4055 1199 4118 locus
1222 4054 1473 4144 Virgilii
1498 4077 1690 4143 supra
1710 4057 2062 4140 adductus3
2091 4057 2306 4124 Ovidii
2329 4058 2485 4124 Met.
2510 4057 2694 4137 XIV,

510 4216 518 4224 .
552 4155 672 4243 893
694 4157 972 4239 Lucani,
998 4157 1079 4238 V,
1115 4179 1226 4220 101
1250 4181 1270 4239 ς
1294 4157 1554 4225 Senecae
1580 4159 1770 4226 Herc.
1797 4159 1948 4227 OEt.
1981 4182 2007 4223 1
2025 4159 2181 4244 156,
2207 4161 2422 4228 Valer.
2449 4159 2690 4229 Flacci,
