2975 4684
772 449 1359 540 EORUMQUE
1421 411 2062 533 FRAGMENTA.
2247 448 2257 463 ·
2342 453 2484 539 483

346 577 488 667 gia,
515 600 578 641 v.
609 577 714 665 37,
751 579 1021 644 Ovidius
1053 580 1306 662 innuit,
1340 580 1634 645 Macrum
1668 582 1738 644 in
1773 605 1853 645 eo
1886 584 2171 647 carmine
2200 586 2484 674 attigisse

347 684 594 750 Paridis
641 685 1034 751 adulterium
1079 703 1146 750 et
1191 686 1449 751 Helenae
1487 702 1745 775 raptum
1768 736 1785 769 ,
1822 706 1887 753 et
1924 706 2199 754 mortem
2236 690 2483 756 Laoda-

346 791 494 855 miae
514 790 601 854 ob
625 792 928 855 maritum
953 793 1376 874 Protesilaum
1399 790 1709 857 amissum
1728 843 1745 874 ,
1767 816 1911 881 quae
1932 796 2125 885 longe
2149 814 2300 861 ante
2320 799 2484 863 iram

343 897 608 961 Achillis
629 897 1024 963 acciderunt.
1057 900 1348 964 Alterum
1376 899 1579 964 Macri
1608 923 1773 989 opus
1796 948 1814 979 ,
1840 902 2323 990 Paralipomena
2348 906 2486 969 Ho-

345 1006 504 1069 meri
527 1000 938 1094 complexum
953 1052 972 1087 ,
991 1005 1234 1071 indicat
1257 1005 1531 1071 Ovidius
1557 1030 1634 1071 ex
1656 1008 1869 1071 Ponto
1892 1009 2002 1073 lib.
2031 1011 2095 1074 11
2115 1057 2134 1091 ,
2156 1009 2341 1099 epist.
2368 1033 2446 1074 10
2460 1058 2479 1093 ,

345 1110 428 1175 ad
457 1112 636 1175 hunc
667 1112 961 1177 Macrum
995 1114 1268 1203 scripta,
1291 1136 1354 1177 v.
1396 1111 1509 1177 13:

531 1306 536 1311 -
626 1274 714 1326 Tu
736 1275 881 1327 canis
906 1286 1104 1327 aeterno
1127 1274 1388 1348 quidquid
1413 1276 1645 1329 restabat
1671 1276 1905 1329 Homero
1924 1318 1940 1343 ,

769 1362 849 1415 Ne
875 1375 1089 1417 careant
1113 1382 1318 1417 summa
1336 1364 1531 1417 Troica
1554 1364 1691 1419 bella
1714 1384 1901 1418 manu.

342 1529 496 1611 Qua
530 1530 750 1621 Elegia
781 1532 974 1595 etiam
1006 1530 1322 1621 significat
1342 1580 1359 1613 ,
1391 1531 1769 1602 familiarem
1806 1556 1956 1595 eum
1991 1532 2115 1597 sibi
2154 1534 2388 1618 fuisse,
2418 1552 2481 1601 et

339 1656 566 1700 secum
595 1637 811 1701 Asiam
847 1652 911 1701 et
939 1637 1218 1701 Siciliam
1251 1637 1727 1727 peregrinando
1763 1639 2102 1719 lustrasse,
2129 1664 2189 1703 v.
2225 1663 2299 1705 21
2332 1664 2349 1705 ε

622 1802 701 1854 Te
726 1801 863 1855 duce
887 1774 1197 1875 magnificas
1214 1802 1352 1854 Asia
1377 1804 1740 1875 perspeximus
1766 1804 1925 1855 urbes
1940 1844 1957 1871 ,

761 1891 1033 1945 Trinacris
1060 1904 1138 1945 est
1163 1894 1333 1946 oculis
1361 1903 1412 1945 te
1435 1891 1573 1946 duce
1595 1903 1717 1946 nota
1744 1895 1889 1946 meis.

339 2062 665 2128 Eumdem
698 2065 992 2129 Macrum
1025 2064 1222 2129 fuisse
1255 2080 1419 2153 puto
1437 2111 1455 2144 ,
1483 2064 1567 2128 de
1600 2087 1733 2152 quo
1764 2065 2055 2129 militiam
2090 2082 2155 2131 et
2186 2089 2363 2131 arma
2392 2091 2484 2133 se-

339 2186 548 2259 quuto
591 2172 890 2259 queritur
929 2171 1224 2235 Tibullus
1243 2219 1260 2252 ,
1290 2171 1398 2235 lib.
1431 2172 1496 2235 11
1516 2219 1533 2252 ,
1566 2172 1727 2259 eleg.
1774 2172 1837 2237 6.
1882 2168 2103 2235 Alium
2146 2172 2474 2255 Macrum,

341 2276 654 2357 majorem
695 2295 888 2361 natu,
919 2276 1226 2359 Ovidius,
1257 2278 1450 2341 Trist.
1483 2278 1597 2343 lib.
1628 2276 1738 2359 IV,
1778 2301 1889 2358 10,
1915 2276 2000 2356 43
2034 2278 2285 2345 laudat:

625 2449 776 2521 Saepe
796 2468 918 2503 suas
938 2446 1177 2501 volucres¹
1198 2448 1327 2519 legit
1347 2447 1478 2525 mihi
1498 2447 1751 2519 grandior
1778 2466 1886 2501 aevo
1902 2486 1919 2513 ,

759 2536 998 2607 Quaque
1017 2548 1170 2588 necet
1191 2554 1410 2608 serpens
1425 2575 1440 2601 ,
1462 2552 1583 2607 qun
1598 2536 1748 2607 juvet
1764 2534 1929 2590 herba
1944 2574 1961 2599 ,
1982 2534 2181 2589 Macer.

229 2700 234 2703 ¹
335 2718 452 2782 Est
491 2719 632 2800 hic,
664 2720 779 2807 qui
809 2718 1110 2783 AEmilius
1147 2716 1376 2781 Macer
1399 2715 1647 2780 citatur
1687 2738 1725 2779 a
1774 2716 2231 2783 Grammaticis
2251 2768 2268 2801 ,
2298 2735 2363 2782 et
2397 2719 2478 2784 de

337 2825 564 2890 avibus
598 2841 666 2889 et
696 2824 1105 2913 serpentibus
1128 2874 1146 2906 ,
1176 2839 1242 2888 et
1279 2823 1630 2887 herbarum
1658 2823 2007 2887 virtutibus
2042 2825 2317 2913 scripsit.
2348 2826 2478 2889 Ve-

334 2954 685 2997 ronensem
704 2981 721 3014 ,
740 2947 806 2997 et
829 2934 1109 2997 amicum
1135 2930 1388 3022 Virgilii
1409 2948 1597 2995 vocat
1621 2930 1880 2995 Servius
1912 2930 1993 2993 ad
2015 2931 2233 2996 Ecl.v.
2262 2932 2475 3015 Quem

335 3038 663 3103 diversum
699 3062 737 3103 a
771 3038 996 3104 Macro
1031 3039 1226 3103 Iliaco
1264 3062 1469 3126 quum
1506 3036 1762 3101 dudum
1808 3039 2036 3101 Douza
2080 3037 2149 3099 in
2202 3036 2471 3105 Adnott.

335 3143 418 3209 ad
451 3144 640 3210 ovid.
677 3147 820 3210 Am.
859 3145 961 3226 ΙΙ,
999 3146 1110 3224 18,
1155 3168 1182 3207 1
1207 3193 1225 3224 ,
1258 3160 1322 3206 et
1365 3144 1669 3207 Heinsius
1718 3141 1800 3206 ad
1847 3140 2035 3204 Pont.
2087 3142 2202 3223 IV,
2244 3144 2357 3225 16,
2393 3146 2474 3225 6,

333 3252 883 3340 pronuntiaverit,
917 3250 1120 3314 miror
1153 3248 1507 3312 admodum
1526 3297 1543 3330 ,
1572 3246 2094 3312 Brouckhusium
2126 3247 2209 3312 ad
2234 3250 2471 3317 Tibull.

337 3359 402 3423 11
422 3408 439 3434 ‚
467 3358 512 3423 6
528 3406 549 3440 ,
577 3382 632 3440 1,
657 3382 790 3422 non
815 3358 1186 3447 agnovisse,
1211 3373 1276 3419 et
1305 3355 1446 3420 Nic.
1471 3356 1833 3419 Funccium
1864 3354 1945 3418 de
1969 3355 2135 3419 virili
2162 3373 2265 3421 aet.
2290 3357 2360 3423 L.
2396 3360 2471 3424 L.

333 3486 477 3555 pag.
520 3465 646 3551 298
681 3481 991 3552 utrosque
1029 3461 1418 3528 confudisse.
1455 3463 1621 3526 Nam
1654 3463 1947 3549 profecto
1978 3462 2084 3525 ille
2116 3462 2351 3545 Macer,
2388 3466 2473 3530 ad

334 3594 530 3659 quem
585 3574 762 3637 Naso
814 3570 1114 3635 extremis
1161 3570 1293 3633 suis
1351 3568 1755 3656 temporibus
1806 3592 1886 3631 ex
1939 3568 2156 3631 Ponto
2206 3571 2431 3634 scribit
2449 3622 2467 3655 ,

331 3698 662 3764 quemque
699 3700 736 3740 a
777 3676 1029 3764 scriptis
1069 3669 1466 3739 carminibus
1513 3670 1781 3737 Iliacum
1816 3690 2038 3754 vocat,
2073 3674 2125 3737 is
2158 3696 2297 3739 esse
2329 3700 2465 3741 non

333 3784 588 3869 potuit,
639 3804 838 3869 quem
887 3778 1298 3869 grandiorem
1351 3794 1509 3841 natu
1553 3776 1677 3840 sibi
1716 3778 1937 3855 juveni
1986 3778 2267 3841 carmina
2312 3802 2467 3864 sua,

331 3889 521 3975 plane
548 3888 812 3975 quidem
839 3885 1087 3950 diversa
1113 3885 1194 3949 ab
1220 3885 1455 3966 Iliacis,
1484 3884 1843 3971 praelegisse
1868 3900 2110 3964 narrat,
2137 3907 2467 3975 quemque

329 3992 550 4083 Elegia
583 4010 866 4058 extrema
896 3992 1313 4082 epistolarum
1344 4013 1422 4053 ex
1447 3990 1663 4053 Ponto
1680 4038 1699 4071 ‚
1725 3988 1875 4077 quia
1902 3988 2071 4051 inter
2096 3992 2372 4078 aequales
2402 4012 2467 4087 et

332 4102 708 4189 superstites
737 4115 960 4188 poetas
991 4122 1127 4163 non
1159 4096 1454 4161 meminit
1475 4144 1493 4177 ,
1520 4113 1677 4160 tunc
1698 4096 1829 4176 jam
1858 4093 2239 4159 defunctum
2272 4101 2469 4169 fuisse

330 4204 570 4271 innuit.
595 4208 842 4270 Auctor
857 4228 1012 4270 vero
1037 4220 1133 4269 est
1159 4205 1601 4290 Hieronymus
1624 4204 1693 4265 in
1716 4202 2043 4266 Chronico
2070 4202 2437 4274 Eusebiano
2456 4262 2471 4287 ‚

2067 4306 2183 4379 31.
