2975 4684
465 426 2543 451 mmmmm—mmmmmmmum

1199 720 1746 790 EPITAPHIA

1009 953 1900 1103 HEROUM‚

613 1260 782 1347 Qm
833 1261 1130 1329 BELLo
1178 1259 1524 1328 TRomo
1574 1259 2308 1329 INTERFUERUNT.

986 1667 1334 1714 AUSONIUS
1384 1668 1687 1715 LECTORI
1739 1668 1873 1714 SUO
1922 1668 1975 1714 S.

403 1834 574 1953 An
620 1910 760 1952 rem
799 1887 1123 1975 pertinere
1170 1887 1560 1970 existimavi,
1606 1903 1682 1952 ut
1721 1887 1823 1952 vel
1859 1910 2101 1951 vanum
2140 1887 2531 1974 opusculum

399 1989 678 2055 materiae
723 1988 1142 2078 congruentis
1189 1988 1589 2055 absolverem
1608 2037 1626 2070 ,
1667 2004 1735 2052 et
1776 1988 2029 2071 libello,
2076 1986 2191 2075 qui
2239 2009 2532 2051 comme-

399 2092 824 2157 morationem
871 2090 1068 2155 habet
1119 2112 1350 2157 eorum
1368 2140 1385 2169 ‚
1447 2091 1565 2180 qui
1611 2091 1715 2155 vel
1770 2087 2095 2179 peregrini
2146 2087 2534 2177 Burdigalae,

397 2193 497 2257 vel
538 2194 652 2283 qui
695 2188 1184 2281 Burdigalenses
1228 2214 1499 2282 peregre
1540 2190 1910 2257 docuerunt
1929 2239 1948 2274 ,
2002 2190 2326 2280 epitaphia
2377 2188 2537 2252 sub-

397 2308 722 2357 necterem
737 2341 756 2376 ,
793 2292 1035 2357 scilicet
1083 2292 1308 2357 titulos
1360 2292 1792 2382 sepulchrales
1836 2294 2134 2359 Heroum
2149 2339 2169 2374 ‚
2206 2292 2321 2379 qui
2365 2291 2539 2355 bello

396 2394 630 2459 Troico
663 2392 1122 2459 interfuerunt.
1159 2396 1324 2479 Quae
1363 2395 1633 2483 antiqua
1665 2418 1871 2484 quum
1914 2394 2090 2483 apud
2130 2394 2534 2482 philologum

398 2494 748 2582 quemdam
779 2494 1164 2583 reperissem
1181 2546 1200 2580 ,
1231 2497 1434 2563 latino
1467 2518 1772 2561 sermone
1814 2496 2137 2580 converti,
2169 2519 2301 2561 non
2339 2512 2415 2559 ut
2446 2495 2540 2559 in-

395 2597 711 2661 servirent
736 2597 950 2662 ordini
985 2598 1440 2690 persequendi,
1469 2598 1587 2663 sed
1616 2616 1693 2664 ut
1720 2598 2120 2664 cohaererent
2147 2598 2348 2662 libere
2366 2645 2384 2679 ‚
2418 2619 2539 2665 nec

395 2701 786 2767 aberrarent.

1035 3096 1090 3161 Ι.
1144 3091 1885 3163 AGAMEMNONI.

489 3302 637 3367 REX
673 3323 908 3393 regum
946 3296 1248 3381 Atrides,
1273 3296 1587 3366 fraternae
1621 3295 1927 3389 conjugis
1965 3292 2165 3379 ultor,

584 3409 862 3504 Oppetii
901 3408 1214 3479 manibus
1257 3407 1565 3502 conjugis
1601 3408 1743 3503 ipse
1783 3430 1963 3475 meae.

488 3518 674 3609 Quid
698 3519 970 3615 prodest
996 3518 1282 3588 Helenes
1319 3533 1585 3613 raptum
1627 3516 1899 3612 punisse
1937 3512 2270 3584 dolentem
2290 3568 2308 3600 ‚

469 3772 510 3807 1.
549 3762 658 3809 Rea:
687 3776 875 3825 regum.
919 3756 1026 3823 Qui
1061 3756 1245 3811 multis
1279 3757 1415 3828 regi·
1580 3776 1630 3808 2.
1672 3758 1899 3826 Oppeoe‘ie.
1934 3757 2383 3826 Agamemnonem
2418 3754 2533 3808 hac

391 3836 490 3887 hus
517 3834 830 3908 imperabat.
865 3837 1052 3891 Cicero
1082 3836 1150 3890 ad
1169 3836 1411 3892 Dolabel·
1503 3833 1573 3889 de
1596 3854 1652 3889 se
1688 3837 1995 3907 loquentem
2034 3834 2323 3887 inducebat
2356 3851 2533 3889 exem-

389 3915 495 3966 lam
519 3914 652 3967 libro
673 3934 850 3969 nono:
880 3942 906 3963 «-
933 3916 1311 3988 Agamemnoni
1329 3936 1409 3969 re·
1499 3916 1632 3987 plor,
1648 3914 1795 3988 quod
1820 3913 2037 3987 quidem
2057 3913 2259 3967 Tollius
2277 3925 2535 3986 sequutus

390 4012 515 4065 gum
567 3995 679 4066 regi
733 3994 832 4049 fuit
883 3997 1162 4050 honestum
1215 3996 1412 4049 habere
1501 4008 1597 4048 est.
1643 3994 1748 4049 Sed
1787 3995 2012 4049 vinetus
2060 4006 2239 4047 monet
2297 3993 2353 4047 in
2412 3994 2528 4048 aliis

387 4072 620 4144 aliquem
660 4075 716 4127 in
751 4076 983 4131 consiliis
1019 4073 1284 4149 capiendis
1313 4076 1413 4129 Ne·
1502 4074 1893 4146 exemplaribus
1942 4073 2166 4127 inveniri
2216 4076 2422 4143 oppeciit
2475 4086 2529 4127 et

388 4163 579 4206 stoi-em
611 4178 656 4205 ι.
1504 4174 1619 4207 suae.
1644 4154 1802 4208 'rollii
1828 4154 1982 4209 lectio
2011 4154 2141 4208 mihi
2163 4153 2375 4227 placuit.
2405 4155 2513 4214 En,
2568 4148 2573 4159 ¹
