2975 4684
973 376 1030 444 C
1047 376 1450 446 ARMINA
1511 377 1941 447 MINORA.

2386 401 2527 474 ς*99

490 496 746 565 Scribit
785 497 1068 566 amatori
1104 497 1623 594 meretrixfflht
1655 496 1959 568 adultera
2004 522 2281 585 munus.;

492 609 582 675 Et
621 607 806 674 canis
843 606 915 674 in
948 607 1196 676 somnis
1233 605 1480 702 leporis
1520 607 1797 702 vestigia
1834 605 2051 676 latrat.
2482 630 2528 667 ιε»

490 718 571 783 In
607 715 824 784 noctis
867 715 1084 811 spatio
1119 716 1519 788 miserorum
1556 716 1833 790 vulnera
1868 716 2137 787 durant.

393 965 582 999 mm
614 947 745 1001 dixit
769 948 1010 1016 Gratius,
1037 950 1244 1026 Cyneg.
1270 969 1324 1004 v.
1357 951 1417 1016 3,

395 1040 450 1078 et
473 1029 622 1078 silvas
643 1029 888 1096 &apellem
912 1047 965 1082 v.
983 1033 1070 1084 66.

472 1113 551 1171 14.
591 1113 698 1159 Dat
731 1113 961 1162 adultera
997 1128 1191 1163 munus.
1237 1110 1416 1162 Douza

400 1185 526 1258 legit
545 1205 784 1240 nummos.

470 1265 554 1320 15.
581 1269 776 1335 Leporis
795 1270 1015 1337 vestigia
1036 1272 1189 1320 Iao-ae
1202 1289 1224 1320 .-
1246 1281 1420 1320 mnae

395 1345 620 1417 conjecit
643 1346 828 1399 Daniel
853 1365 868 1400 ε
905 1351 1085 1400 lustrat
1113 1347 1273 1401 etiam
1313 1345 1418 1420 legi

395 1424 651 1497 poese,h.
677 1445 722 1478 e.
744 1427 994 1498 inquirit,
1033 1438 1086 1480 et
1114 1427 1418 1499 investigat,

395 1518 548 1576 putat
571 1512 906 1560 Burmannus
933 1525 1036 1560 uec.
1073 1507 1142 1559 Et
1173 1507 1278 1560 hoc
1307 1507 1418 1559 sere

395 1585 668 1656 proprium
689 1603 804 1639 esse
823 1585 892 1640 de
917 1587 1166 1653 canibus,
1191 1587 1420 1640 ferarum

391 1663 615 1718 latebras
633 1665 1082 1737 investigantibus,
1096 1683 1160 1718 ex
1175 1683 1276 1718 uzu
1293 1665 1424 1718 Gra-

395 1742 480 1808 tii,
501 1743 702 1816 Cyneg.
724 1763 804 1798 vs.
833 1763 928 1798 221
947 1785 963 1811 ,
999 1755 1157 1817 patet.
1184 1743 1287 1799 Sed
1311 1763 1423 1797 non

397 1821 718 1877 movendum
740 1829 916 1885 latrat,
934 1824 988 1876 h.
1011 1843 1055 1878 e.
1077 1825 1271 1878 lau-atu
1289 1823 1424 1876 indi-

397 1913 500 1954 cat.
522 1901 683 1956 Ovid.
705 1904 885 1956 Amor.
902 1903 1094 1972 11,·19‚
1115 1909 1207 1966 40:
1238 1927 1260 1950 ι
1275 1901 1422 1969 Quid

400 1981 591 2036 latrent
609 1997 766 2036 noete
785 1982 974 2036 silente
997 2000 1154 2036 caneo
1175 2007 1216 2034 ι.
1237 1981 1418 2035 Horat.

1504 949 1676 1023 Epod.
1692 951 1763 1016 V,
1804 957 1907 1022 47:
1958 977 1982 1000 ι
2014 969 2198 1004 cenem
2226 949 2525 1004 adulterum

1502 1030 1698 1084 latrent
1729 1031 2019 1086 Suburanae
2054 1049 2210 1086 canes
2238 1057 2281 1084 a.
2331 1032 2529 1096 Quam-

1504 1119 1666 1181 quam
1698 1109 1889 1163 latrare
1923 1111 2095 1182 prius,
2138 1129 2297 1184 qnam
2334 1112 2442 1164 visa
2482 1125 2532 1164 et

1506 1188 1725 1244 excitata
1758 1189 1894 1255 fera,
1928 1189 2177 1244 vitiosum
2202 1189 2257 1244 in
2283 1209 2411 1244 cane
2436 1211 2532 1262 pu-

1504 1279 1619 1320 tant
1643 1268 1882 1323 venatici.
1903 1268 2033 1322 Vid.
2058 1269 2207 1323 Crat.
2238 1289 2288 1324 v.
2316 1271 2431 1324 186.

1584 1352 1665 1402 16.
1689 1353 1759 1400 In·
1776 1351 1933 1400 noctis
1966 1353 2142 1418 spacio.
2178 1350 2455 1403 Patissonii
2480 1363 2531 1402 et

1504 1429 1769 1484 Wowerii
1806 1427 1969 1482 editio
2002 1433 2241 1499 spatium,
2279 1430 2425 1503 quod
2454 1449 2531 1484 re·

1506 1509 1641 1562 etius
1659 1507 1867 1562 videtur
1889 1504 2195 1563 But-manno
2210 1551 2225 1576 ,
2262 1522 2322 1563 ut
2343 1513 2393 1562 in
2422 1529 2536 1579 spa-

1510 1590 1626 1641 tium
1662 1591 1855 1641 waltere
1888 1607 1989 1662 pro
2022 1589 2303 1644 extendere
2318 1629 2335 1656 ‚
2369 1602 2535 1643 extra·

1511 1666 1670 1733 here,
1693 1667 1826 1720 dixit
1856 1668 2015 1721 ovid.
2042 1669 2258 1721 Metam.
2281 1669 2389 1736 XI,
2418 1673 2533 1738 176.

1510 1747 1579 1800 Et
1606 1751 1680 1801 sic
1706 1748 1765 1799 in
1791 1748 1953 1800 veteri
1988 1749 2175 1802 codice
2206 1749 2452 1815 Ausonii,
2478 1751 2531 1799 in

1512 1843 1621 1898 quo
1648 1825 1811 1878 multa
1839 1826 2216 1898 epigrammata
2240 1839 2415 1881 vetera
2440 1826 2533 1879 ha-

1508 1905 1731 1968 bentur,
1777 1905 1880 1976 legi
1928 1906 2159 1960 affirmat
2203 1908 2537 1960 Burmannus

1508 1983 1771 2038 secundus
1786 2023 1802 2052 ,
1825 1997 1935 2038 not.
1959 1989 2039 2038 ιθ.

1323 2221 1615 2290 ΙΤΕΜ.

498 2431 714 2500 Nocte
748 2429 1115 2523 soporifera
1157 2427 1362 2498 veluti
1396 2455 1608 2525 quum
1644 2433 1899 2500 somnia
1942 2429 2183 2500 ludunt

499 2541 811 2607 Errantes
845 2538 1110 2627 oculos;
1147 2539 1520 2636 effossaque
1556 2541 1841 2636 protulit
1876 2567 2115 2612 aurum

501 2651 580 2718 In
617 2647 834 2718 lucem
869 2649 1099 2736 tellus,
1136 2667 1358 2720 versat
1393 2677 1633 2721 manus
1672 2653 1983 2748 improba
2024 2651 2273 2722 furtum
2296 2707 2316 2738 ‚

496 2759 1004 2853 Thoeaurosque
1045 2763 1222 2856 rapit
1258 2789 1274 2831 ε
1306 2762 1512 2832 sudor
1545 2788 1813 2857 quoque
1850 2761 2102 2858 proluit
2134 2789 2289 2848 ora,

500 2871 585 2938 Et
619 2886 911 2940 mentem
950 2873 1152 2941 timor
1189 2871 1360 2942 altus
1391 2872 1625 2954 habet,
1664 2899 1749 2942 ne
1784 2873 1957 2942 forte
1989 2888 2335 2971 gravatum

500 2982 809 3052 Excutiat
843 2984 1169 3078 gremium
1207 2984 1442 3052 secreti
1477 2985 1782 3054 conscius
1817 2989 1985 3053 auri.

481 3225 527 3260 ι.
565 3209 723 3259 Veluti
760 3227 904 3276 quum
950 3209 1158 3260 somnia.
1205 3207 1309 3260 Pro
1362 3225 1425 3260 eo

405 3286 777 3353 Lamhrecius,
828 3289 924 3342 lib.
967 3287 1022 3339 II
1067 3286 1136 3341 de
1182 3285 1426 3340 biblioth.

407 3365 640 3420 vindob.
670 3385 725 3440 p.
757 3367 894 3433 933,
933 3385 996 3420 ex
1029 3379 1208 3440 mspto
1243 3365 1430 3420 codice

403 3445 736 3500 bibliothecae
761 3447 1006 3500 Caesareae
1020 3489 1034 3514 ,
1071 3445 1164 3520 qui
1192 3445 1295 3498 hoc
1325 3447 1429 3518 epi-

407 3543 637 3597 gramma
673 3525 862 3592 habet,
895 3527 1100 3599 profert
1141 3529 1188 3578 si
1223 3530 1428 3594 quando

407 3607 598 3656 somnia
625 3609 814 3658 ludunt.

478 3685 528 3738 3.
578 3691 760 3737 Versae
810 3705 987 3736 manus
1041 3689 1277 3753 improba.
1331 3685 1430 3737 Alii

407 3763 527 3817 libri
565 3764 762 3817 habent
801 3783 902 3816 non
945 3767 1031 3826 sit,
1083 3764 1138 3817 id
1182 3775 1286 3830 est,
1331 3785 1430 3816 non

407 3845 527 3905 seit,
560 3844 647 3898 cui
667 3855 844 3896 tamen
863 3843 1091 3916 Scaliger
1108 3859 1284 3896 versat
1307 3863 1434 3916 prae-

406 3922 627 3976 ferebat.

481 4008 530 4064 4.
579 4007 760 4054 Proluit
798 4023 921 4054 ora.-
961 4004 1034 4055 sic
1069 4003 1431 4074 cotl.Tragur.

381 4073 462 4134 'et
493 4081 584 4134 alii
608 4099 624 4134 ε
666 4081 758 4135 sed
785 4083 1048 4155 pleraeque
1073 4081 1192 4135 edd.
1221 4082 1432 4136 Petron.

399 4164 586 4231 perluit
600 4183 690 4214 ora
714 4183 730 4210 .·
750 4163 965 4235 quidam
991 4165 1144 4217 etiam
1163 4165 1338 4231 perluit
1355 4183 1436 4214 ar-

1516 3223 1592 3259 tus
1633 3207 1911 3260 dederunt.
1972 3209 2099 3262 Post
2145 3205 2291 3259 huuc
2327 3207 2539 3260 versum

1514 3287 1732 3358 quidam
1758 3286 1940 3359 scripti
1968 3299 2021 3341 ct
2048 3284 2177 3339 editi
2204 3285 2433 3338 alienum
2456 3287 2540 3338 in-

1514 3378 1786 3420 truserunt
1812 3385 1823 3420 :
1854 3393 1877 3414 α
1901 3365 2293 3433 candidiorque
2322 3364 2437 3418 dies
2465 3386 2542 3419 se—

1517 3460 1663 3500 creto
1704 3446 1833 3500 favit
1868 3446 2040 3499 amori
2057 3473 2097 3499 ν.
2140 3443 2243 3500 Sed
2277 3445 2545 3500 aberrasse

1518 3526 1661 3580 hunc
1700 3526 1768 3579 ab
1815 3525 1921 3578 alio
1961 3526 2361 3597 epigrammate,
2399 3525 2546 3596 quod

1520 3605 1927 3678 descriptionem
1947 3605 2052 3658 loci
2074 3603 2266 3656 amoeni
2289 3604 2517 3656 continet
2533 3646 2549 3670 ,

1522 3699 1575 3739 et
1601 3685 1814 3738 Anthol.
1848 3687 1961 3738 Lat.
1998 3696 2145 3737 tomo
2174 3685 2229 3748 1,
2257 3703 2306 3755 p.
2330 3683 2431 3750 493
2462 3702 2547 3736 ex-

1520 3765 1753 3828 hibetur,
1776 3764 2077 3817 observavit
2094 3762 2431 3815 Burmannus
2450 3781 2551 3815 sec.

1594 3849 1643 3898 6.
1678 3845 1915 3895 Excutiat
1952 3845 2219 3909 gremium,
2257 3843 2291 3894 i.
2332 3861 2377 3894 e.
2421 3861 2551 3914 qua-

1526 3924 1707 3978 tiendo
1759 3921 2132 3996 palpandoque
2193 3921 2452 3992 exquirat,
2491 3935 2541 3975 et

1526 4005 1697 4076 ejiciat
1720 4025 1732 4054 :
1764 4021 1871 4074 quo
1890 4020 2047 4056 sensu
2071 4013 2147 4053 est
2177 3999 2319 4070 apud
2336 4001 2546 4054 Terent.

1527 4081 1741 4136 Phorm.
1765 4081 1863 4148 IV,
1890 4100 1936 4146 1,
1957 4100 2039 4133 πο.
2061 4081 2125 4132 Et
2151 4079 2361 4133 Petron.
2389 4099 2553 4140 carm,

1528 4161 1595 4215 de
1616 4163 1760 4216 Beuo
1793 4163 1892 4215 civ.
1922 4161 1985 4224 14
2012 4177 2024 4212 :
2064 4187 2087 4207 a
2108 4159 2374 4226 Quaeritur
2394 4161 2449 4213 in
2470 4160 2555 4212 sil-
