2975 4684
545 268 682 393 318

1218 317 1510 387 CAESII
1572 318 2000 387 TAURINI

643 450 1116 536 Arcanumque
1141 444 1412 524 Jovem3
1449 464 1739 534 quorum
1768 436 2102 507 consentit
2132 439 2201 505 in
2233 437 2353 507 illo

637 557 986 655 MajestaS,
1020 551 1240 647 longae
1277 550 1677 645 promittens
1710 562 2015 643 tempora
2060 548 2229 617 vitae.

562 703 568 712 ·
649 666 920 760 Accipe,
961 663 1356 758 posteritas»,
1379 659 1561 754 quod
1592 684 1715 755 per
1755 675 1871 729 tua
1902 658 2143 727 saecula
2180 680 2432 726 narres.

544 882 673 939 dum
688 922 704 949 ,
729 894 788 935 ut
807 898 997 953 augere
1013 920 1028 947 ,
1053 889 1315 942 mactare,
1330 874 1570 941 adolere,

547 962 689 1017 unde
709 962 970 1030 adjiciales
995 976 1151 1013 coenoe
1171 954 1524 1009 sacerdotum.

623 1059 704 1113 17.
726 1048 1074 1107 Arcanumque
1095 1044 1276 1088 Iovem.
1301 1034 1569 1087 Difficilli-

547 1140 666 1174 mus
688 1120 838 1173 locus
863 1131 916 1171 et
943 1118 1124 1171 multis
1149 1115 1464 1188 conjecturis
1489 1133 1575 1169 ve-

547 1216 714 1256 xatus.
749 1200 908 1274 Apud
943 1200 1206 1272 Apianum
1247 1200 1398 1253 hiatu
1435 1218 1573 1271 quo-

547 1282 670 1336 dam
685 1281 870 1335 relicto
885 1283 1032 1353 signa
1049 1280 1312 1353 ejusmodi
1328 1298 1573 1353 expressa

547 1373 699 1427 sunt,
733 1381 763 1413 e
789 1361 982 1431 quibus
999 1360 1110 1412 vn
1149 1359 1339 1413 elicere
1373 1358 1573 1430 possis,

547 1440 691 1493 unde
712 1440 874 1506 pith„
892 1439 1024 1493 Scal.
1045 1450 1096 1493 et
1122 1437 1434 1492 Boissardus
1455 1436 1577 1491 edi·

547 1518 741 1574 derunt
760 1526 1112 1587 Arcanumque
1135 1520 1231 1569 Vii.
1257 1518 1490 1589 Scaliger
1508 1516 1574 1569 ad

493 1604 504 1627 ⁹
549 1600 843 1664 Catalecta,
863 1616 912 1669 p.
933 1602 1031 1660 ²4²
1049 1637 1065 1663 ,
1082 1594 1138 1649 id
1158 1595 1226 1649 ad
1250 1596 1575 1649 Mercurium

547 1680 720 1731 Deum
755 1677 916 1729 Vium
953 1676 1140 1741 refert,
1182 1686 1236 1727 et
1270 1675 1403 1728 alios
1438 1676 1578 1728 Deos

550 1760 714 1825 Vios,
736 1757 944 1810 viarum
973 1754 1222 1827 presides
1247 1774 1310 1809 ex
1335 1753 1505 1808 Servii
1526 1766 1579 1807 et

548 1838 716 1892 solini
739 1836 869 1891 locis
892 1836 1107 1890 mutatis
1125 1834 1294 1907 fingit.
1311 1864 1384 1875 --
1399 1834 1575 1887 Etiam

551 1916 932 1972 Gutberiethus
953 1918 1037 1966 Vin·
1065 1914 1192 1987 legit
1208 1956 1224 1983 ,
1250 1914 1579 1969 Mercurium

552 1998 872 2069 intelligens,
915 1996 983 2050 de
1033 1994 1296 2069 mysteriis
1339 1998 1573 2049 Deorum

551 2078 732 2132 Cabir.
757 2095 872 2150 cap.
896 2077 946 2128 X
962 2116 978 2142 ,
1014 2095 1065 2147 p.
1091 2077 1176 2146 73.
1201 2075 1578 2129 Exn—Contra

550 2176 710 2230 quem
758 2156 994 2227 disputat
1035 2153 1284 2209 Everard.
1331 2154 1460 2207 Otto
1508 2154 1577 2209 de

551 2238 668 2291 Diis
684 2235 826 2289 Vial.
847 2254 964 2308 cap.
993 2253 1046 2304 7,
1089 2247 1144 2289 et
1165 2233 1234 2288 de
1253 2233 1426 2287 Tutel.
1445 2234 1575 2289 viar.

551 2336 672 2389 cap.
694 2336 754 2385 9,
771 2334 828 2388 p.
851 2316 950 2378 154
971 2332 1080 2386 seq.
1101 2313 1268 2367 Aldus
1283 2354 1298 2381 ,
1317 2314 1545 2369 Smetius
1561 2356 1578 2383 ,

549 2396 810 2451 Gruterus
823 2434 838 2461 ,
855 2394 1084 2457 Merula,
1103 2393 1320 2466 Pighius
1344 2394 1398 2446 in
1419 2393 1575 2449 Herc.

551 2474 709 2527 Prod.
737 2486 792 2527 et
816 2473 1082 2526 Fen-retius
1111 2474 1170 2525 in
1195 2474 1337 2527 Mus.
1361 2474 1464 2544 lap.
1483 2473 1579 2527 ha-

553 2554 682 2607 bent
707 2556 1056 2621 AEgeriumque
1085 2559 1273 2607 Iovem.
1299 2552 1402 2607 Sed
1431 2550 1579 2625 apud

550 2632 1237 2699 Mazochium,Fabricium‚
1253 2632 1580 2698 Sum-etium,

551 2726 606 2766 et
643 2714 698 2766 in
735 2713 900 2767 veteri
927 2712 1138 2765 Moroni
1164 2712 1380 2779 codice,
1415 2730 1577 2784 quem

551 2792 688 2847 vidit
705 2791 978 2858 Heinsius,
1021 2803 1191 2845 exstat
1226 2798 1580 2860 Arcanumque

552 2880 746 2935 lemn,
771 2870 920 2945 quod
933 2871 1199 2943 vulgatam
1224 2877 1579 2939 Arcanumque

560 2956 642 3006 7ἰί
658 2952 880 3026 propius
907 2952 1084 3005 refert.
1109 2952 1446 3004 Burmannus
1472 2970 1576 3004 sec.

551 3032 676 3086 inde
692 3030 981 3103 aliquando
995 3031 1236 3103 conjecit,
1255 3032 1390 3083 forte
1408 3030 1579 3101 legeu-

553 3112 683 3166 dum
704 3115 1048 3180 Albanumque
1060 3117 1240 3163 Iovem.
1261 3108 1366 3164 Sed
1383 3108 1580 3163 deinde

556 3192 855 3247 admonitus
873 3198 1129 3244 Arcanum
1165 3198 1330 3243 Iovem
1357 3189 1413 3242 in
1451 3188 1580 3242 dua·

553 3274 654 3325 bus
667 3271 1096 3343 inscriptionibus
1115 3269 1258 3343 apud
1274 3271 1581 3324 Fabrettum

555 3364 608 3405 et
625 3352 972 3405 Muratorinm
989 3350 1194 3425 ,iisque
1213 3351 1473 3404 Proeneste
1492 3369 1575 3402 re-

552 3434 742 3506 pertis,
763 3432 1075 3498 memorari,
1110 3430 1401 3485 eumdem
1385 3450 1444 3483 ιιι
1470 3430 1573 3483 hac

427 3540 442 3551 ·
554 3512 876 3567 Pronestina
927 3510 1148 3563 indicari
1183 3509 1456 3583 judicavit.
1509 3510 1577 3563 Et

555 3591 688 3645 mihi
705 3590 842 3644 ratio
859 3608 923 3643 ea
945 3589 1077 3642 tanti
1097 3590 1350 3643 momenti
1368 3588 1577 3643 videtur

552 3690 666 3727 esse
679 3713 694 3739 ,
721 3684 778 3724 ut
797 3676 1146 3738 Arcanumque
1179 3676 1344 3722 Iovem
1377 3670 1581 3724 caeteris

553 3750 865 3805 lectionibus
890 3748 1275 3822 preferendam
1301 3768 1408 3802 non
1436 3749 1587 3803 dubi-

555 3844 676 3885 tem.
712 3828 817 3883 Sed
861 3826 930 3883 de
973 3828 1355 3901 significatione
1389 3830 1581 3883 Arcani

553 3910 695 3964 Jovis
715 3909 894 3963 adhuc
913 3908 1153 3963 dubium.
1177 3908 1410 3974 Quidam
1438 3909 1581 3963 docti

555 4010 586 4043 a
613 3992 920 4041 But-manno
939 3990 1221 4043 memorati
1238 4030 1254 4056 ,
1275 3989 1346 4043 ita
1375 3989 1579 4044 dictum

557 4081 812 4139 putarunt
829 4070 1014 4121 Jovem
1033 4108 1047 4135 ,
1068 4068 1215 4141 quod
1233 4070 1288 4122 in
1312 4088 1434 4123 arca
1449 4110 1464 4135 ,
1487 4082 1579 4123 aut

1656 877 1924 933 sacrifieiis
1978 896 2009 929 a
2052 875 2203 947 vulgi
2242 873 2425 929 notitia
2467 870 2681 929 remotis

1656 958 1829 1011 cultus
1856 957 2016 1009 fuerit
2036 974 2055 1019 ;
2082 954 2203 1023 alii,
2245 952 2391 1026 quod
2432 955 2491 1009 iu
2530 964 2682 1007 anu-o

1656 1040 1827 1091 Cretae
1855 1034 2104 1097 latuerit;
2136 1032 2225 1086 alii
2259 1033 2331 1087 ad
2364 1054 2539 1086 arcam
2576 1050 2683 1085 sor·

1654 1118 1789 1171 tium
1828 1114 2263 1169 Proenestinarum
2302 1113 2497 1187 respici
2538 1124 2688 1184 puta-

1656 1210 1813 1265 runt,
1838 1200 1989 1272 cujus
2014 1194 2255 1250 meminit
2274 1196 2489 1249 Sueton.
2502 1194 2684 1249 Tibe.

1657 1296 1774 1348 cap.
1794 1279 1879 1331 63.
1898 1278 1965 1328 Et
1982 1275 2050 1327 ab
2070 1292 2191 1329 arca
2207 1273 2422 1346 quidem
2446 1273 2686 1327 usitatius

1658 1354 2179 1415 dicereturAr-can'us,
2198 1352 2343 1427 quod
2364 1354 2684 1407 vocabulum

1660 1437 1817 1490 etiam
1852 1438 1907 1491 in
1952 1436 2119 1491 titulis
2158 1435 2397 1507 lapidum
2434 1434 2685 1488 cecina-it.

1662 1515 1768 1571 sed
1796 1535 1962 1589 quum
2004 1515 2136 1571 illud
2184 1516 2338 1570 facile
2374 1524 2614 1579 mutare,
2636 1526 2686 1567 et

1662 1616 1783 1651 cum
1826 1596 1932 1649 alio
1968 1596 2158 1650 usitato
2198 1594 2418 1648 miscere
2456 1592 2687 1665 potuerit

1663 1696 1791 1729 usus
1826 1676 2037 1731 serioris
2072 1675 2341 1737 latinitatis
2356 1712 2373 1739 ,
2412 1674 2565 1744 cujus
2582 1671 2687 1724 hoc

1664 1774 1879 1811 carmen
1902 1768 2017 1823 ατς
2056 1767 2309 1827 preterea
2330 1754 2388 1806 in
2408 1751 2685 1805 Mur-terii

1664 1837 2009 1910 inscriptione
2026 1876 2043 1903 ,
2081 1852 2243 1908 quam
2290 1834 2449 1887 etiam
2490 1832 2685 1885 Genius

1662 1916 1733 1971 ad
1759 1917 2003 1988 Inscript.
2033 1916 2168 1969 Don.
2192 1934 2247 1987 p.
2270 1914 2399 1967 XLI
2434 1912 2689 1984 protulit,

1664 2002 1873 2051 cultores
1901 2000 2033 2050 Iovis
2052 1997 2232 2049 amani
2258 2014 2325 2049 ex
2348 1998 2555 2063 regione
2580 2010 2689 2043 ma·

1664 2082 1780 2133 celle·
1792 2088 2175 2141 memorentur,
2202 2076 2295 2147 qui
2312 2092 2433 2129 enm
2454 2071 2685 2145 lapidem

1665 2166 1717 2211 P.
1738 2162 1899 2213 Acilio
1934 2160 2105 2211 Patale
2145 2157 2358 2207 ommi
2393 2174 2617 2206 annonae
2636 2164 2687 2207 et

1664 2242 1883 2291 cremnon·
1898 2238 2197 2296 calendarii,
2223 2249 2435 2303 patrono
2452 2252 2569 2294 suo,
2592 2231 2687 2287 de·

1664 2318 1873 2383 dicant,
1901 2316 2052 2371 facile
2076 2314 2211 2367 mihi
2238 2312 2559 2385 persuadeo,
2590 2318 2687 2363 Ar-

1664 2420 1843 2453 canum
1886 2405 2050 2450 Jovem
2088 2396 2157 2449 ab
2194 2412 2319 2447 arca
2358 2392 2571 2465 publica
2612 2392 2660 2444 ci
2676 2422 2686 2431 ·

1663 2480 1880 2533 vitatum
1934 2488 2027 2531 aut
2070 2472 2277 2547 collegii
2326 2484 2683 2526 mercatorum

1664 2559 1866 2613 dictum
1885 2574 2025 2621 esse,
2042 2555 2351 2625 cultumque
2378 2553 2447 2605 ab
2468 2553 2563 2617 iis,
2596 2551 2686 2623 qni

1664 2656 1843 2693 arcam
1868 2646 2141 2701 curarent,
2174 2633 2427 2705 pecunias
2460 2630 2689 2684 civitatis

1661 2732 1752 2774 aut
1778 2717 2041 2773 societatis
2066 2726 2351 2769 tractarent
2370 2753 2386 2781 ,
2424 2721 2689 2765 mereatu·

1662 2794 1775 2853 rain
1789 2839 1805 2865 ,
1822 2796 2031 2870 negotia
2054 2806 2370 2849 exercerent.

1740 2880 1817 2932 18.
1833 2880 2091 2947 Hajestas.
2104 2875 2221 2928 Hoc
2232 2872 2551 2927 vocabulum
2568 2888 2691 2943 qua·

1662 2958 1707 3012 si
1730 2957 1941 3031 proprie
1963 2955 2031 3009 de
2049 2956 2164 3008 Diis
2188 2952 2518 3007 Praenestinis
2538 2968 2692 3005 usur·

1664 3050 1845 3110 patum
1867 3046 1961 3089 est.
1980 3035 2201 3088 sueton.
2224 3032 2282 3085 in
2298 3033 2417 3085 Tib.
2438 3051 2553 3104 cap.
2574 3031 2645 3084 63
2674 3048 2687 3083 :

1665 3144 1691 3165 .-
1709 3118 1986 3188 Maiestate
2001 3112 2436 3166 Praenestinarum
2466 3110 2691 3163 sortium

1669 3197 1885 3249 territus
1931 3193 2162 3259 destitit,
2202 3191 2347 3263 quod
2386 3191 2691 3262 obsignatas

1670 3274 2017 3346 devectasque
2032 3276 2256 3326 Romam
2280 3291 2389 3325 non
2406 3270 2691 3343 reperisset

1660 3354 1715 3407 in
1742 3373 1895 3421 arca,
1922 3354 2021 3406 nisi
2044 3354 2235 3406 relatas
2254 3368 2443 3405 rursus
2461 3349 2531 3403 ad
2557 3361 2690 3403 tem·

1660 3434 1809 3507 plum
1834 3458 1875 3486 n.

1740 3532 1819 3582 19.
1861 3516 2009 3580 Quod
2025 3532 2118 3579 per
2152 3525 2239 3562 tna
2274 3515 2458 3563 soecula
2492 3528 2689 3561 nat-res.

1664 3594 1748 3646 Ita
1766 3594 2005 3666 plerique
2023 3590 2265 3645 editores.
2284 3590 2497 3661 Pighius
2512 3599 2691 3642 tamen

1667 3672 1727 3725 in.
1749 3672 1992 3744 Inscript.
2014 3683 2066 3725 et
2091 3672 2146 3723 in
2175 3672 2327 3725 Herc.
2354 3668 2512 3721 Prod.
2538 3679 2601 3721 ut
2638 3680 2693 3721 et

1668 3754 1877 3805 Merula
1926 3762 1977 3804 et
2021 3751 2299 3817 schottus,
2342 3748 2543 3802 habent
2578 3762 2698 3817 post

1670 3846 1757 3883 tna
1792 3837 1977 3883 soeeeeIa
2000 3852 2018 3882 .·
2054 3842 2106 3883 et
2136 3831 2209 3885 sic
2231 3830 2459 3885 Smetius
2486 3846 2551 3882 ac
2576 3828 2695 3879 Me·

1668 3912 1849 3978 tellus,
1868 3924 1925 3963 ut
1954 3912 2007 3963 in
2034 3910 2315 3964 novissima
2339 3908 2553 3963 Gruteri
2582 3906 2695 3960 edi·

1668 3992 1812 4045 tione
1848 3990 2071 4063 margini
2112 3990 2421 4043 adnotatum
2462 3998 2555 4040 est.
2587 3985 2691 4040 sed

1663 4091 1759 4139 per
1797 4085 1883 4121 tua
1920 4076 2105 4123 soecula
2147 4082 2348 4123 rectum
2368 4109 2382 4134 ,
2422 4067 2587 4140 idque
2626 4086 2689 4119 ex
