2975 4684
497 344 633 433 542

1357 349 1771 420 INCERTI

591 469 1000 570 Conjung‘ss,
1039 469 1274 539 stridet
1311 493 1547 542 mucro
1579 497 1901 542 mucrone
1930 497 2249 564 coruscO,

595 581 862 675 Corpus
905 579 1254 650 collectum
1287 581 1535 676 tegitur
1570 581 1980 678 fulgentibus
2014 585 2237 656 armis.

591 694 750 761 Non
779 689 976 760 aliter
1013 689 1216 760 fortes
1246 691 1461 762 nitida
1492 717 1617 787 pro
1654 694 1943 790 conjuge
1968 696 2155 763 tauri-

593 802 777 874 Bella
808 817 1084 898 gerunt,
1121 803 1454 898 vastisque
1487 804 1751 900 replent
1778 806 2147 901 mugitibus
2177 830 2393 876 auras.

686 917 968 1009 Jamque
1004 913 1122 983 diu
1165 913 1385 1008 rigido
1412 917 1775 1024 captabant
1806 941 2091 1042 corpora
2131 915 2351 1006 ferro;

2561 939 2647 982 ³00

589 1027 784 1094 Tunc
819 1049 1072 1094 memor
1103 1023 1372 1096 Atrides
1405 1042 1613 1121 raptae
1650 1027 1777 1096 sibi
1804 1028 2113 1123 conjugis
2150 1028 2389 1115 instat,

586 1133 1144 1230 Dardaniumque
1171 1136 1416 1228 premit
1436 1137 1761 1232 juvenem
1784 1162 1941 1208 mox
1970 1163 2129 1208 ense
2160 1139 2405 1232 rigenti
2426 1193 2447 1228 ,

589 1243 1092 1340 Cedentemque
1136 1259 1315 1315 retro
1349 1246 1511 1315 dum
1550 1247 1836 1343 desuper
1861 1247 2119 1342 adpetit
2158 1248 2460 1337 hostem,

587 1353 995 1452 splendidus
1021 1369 1352 1426 extremas
1381 1357 1965 1454 galeaepercussus
1999 1358 2083 1427 ad
2120 1382 2273 1428 oras

590 1465 900 1539 Dissiluit
933 1491 1168 1536 mucro
1200 1493 1215 1537 ε
1243 1485 1645 1563 gemuerunt
1678 1471 1949 1566 agmina
1985 1471 2295 1540 Graium.

2559 1491 2643 1530 30⁵

593 1583 788 1651 Tunc
821 1603 982 1650 vero
1019 1578 1337 1666 ardescit,
1379 1582 1685 1675 quamvis
1717 1607 1955 1650 manus
1994 1605 2149 1650 ense
2185 1595 2483 1670 careret,

587 1693 676 1760 Et
697 1690 1012 1784 juvenem
1049 1703 1317 1785 arrepta
1347 1693 1715 1784 prosternit
1748 1691 2005 1762 casside
2041 1693 2293 1778 victor,

564 1899 682 1967 296.
699 1894 1028 1948 Helmsterus
1045 1893 1344 1964 transponit
1355 1894 1521 1947 verba

491 1995 660 2030 mucro
678 1977 850 2028 stridet
873 1993 1124 2026 mucrone.
1149 1972 1326 2027 Guelf.
1354 1994 1383 2027 2
1421 1973 1519 2028 ali·

493 2069 575 2111 ter
596 2074 610 2110 τ
666 2057 968 2124 constringit
984 2091 1002 2116 ,
1043 2057 1308 2122 aridaeque
1351 2074 1521 2106 mucro

491 2155 723 2190 mucrone
743 2153 962 2186 corusco.

567 2233 686 2285 297.
727 2218 907 2282 Corpus
931 2217 1216 2274 collectum,
1252 2212 1291 2266 i.
1315 2231 1362 2265 e.
1380 2211 1521 2268 intra

489 2295 738 2369 clypeum
751 2292 1032 2348 reductum
1044 2303 1097 2345 et
1109 2291 1519 2364 clausum.Virg.

491 2379 618 2430 AEu.
638 2374 744 2427 ΧΠ
765 2413 780 2439 ,
811 2379 910 2440 491
935 2391 948 2425 :
973 2399 998 2418 κ
1022 2371 1262 2446 Substitit
1287 2375 1482 2426 AEueas
1499 2414 1515 2441 ‚

493 2467 546 2509 et
565 2473 622 2508 se
645 2451 850 2523 collegit
876 2452 932 2504 in
955 2468 1105 2502 arma
1132 2471 1184 2512 -ς
1207 2463 1258 2504 et
1276 2451 1356 2514 X,
1381 2458 1516 2519 412,

491 2563 518 2584 «ι
543 2552 706 2606 seque
721 2530 778 2584 in
803 2548 900 2584 sua
931 2529 1130 2600 colligit
1155 2548 1304 2583 arma
1328 2556 1373 2583 ι.
1411 2531 1518 2585 Pro

487 2617 673 2684 tegitur
706 2610 932 2664 Helmst.
969 2612 1151 2676 petitur
1169 2611 1482 2679 fulgentibus
1501 2651 1517 2674 ‚

487 2709 784 2769 perperam.
815 2719 886 2732 -—
913 2689 1070 2742 Cons-
1103 2693 1372 2761 cuperus,
1407 2689 1519 2744 Ob-

491 2793 627 2832 serv.
649 2772 741 2824 lib.
760 2770 788 2821 1
805 2807 821 2834 ,
851 2787 968 2840 cap.
993 2786 1084 2832 12,
1109 2787 1168 2840 p.
1185 2785 1272 2836 90.
1303 2769 1409 2822 En.

561 2853 686 2922 298.
723 2855 840 2902 Non
861 2851 1008 2900 aliter
1011 2847 1189 2917 sortes.
1219 2848 1347 2901 Hoc
1367 2865 1516 2902 com·

488 2936 694 3008 paratio
719 2930 880 3003 plane
899 2929 968 2982 ab
990 2927 1190 2982 Ovidio
1211 2929 1372 2998 petita
1389 2967 1404 2992 ,
1421 2932 1519 3002 qui

491 3018 622 3070 Met.
653 3013 734 3066 IX
751 3053 766 3078 ,
799 3013 866 3074 46
885 3047 900 3072 ,
942 3021 1062 3082 post
1089 3009 1251 3062 verba
1275 3010 1519 3082 superius

489 3095 730 3167 adlegata
747 3133 762 3160 ,
779 3091 980 3165 pergit:
1003 3117 1029 3137 ι
1042 3091 1162 3146 Non
1187 3089 1338 3143 aliter
1355 3091 1518 3145 sortes

489 3175 600 3229 vidi
622 3191 937 3228 concurrere
962 3184 1142 3225 tauros
1157 3212 1172 3234 ,
1195 3171 1376 3235 Quum
1399 3190 1518 3243 pre·

483 3255 624 3309 tium
649 3271 837 3323 pugno
853 3292 868 3319 ,
901 3263 1014 3304 toto
1039 3249 1355 3304 nitidissima
1379 3251 1517 3305 saltu

487 3331 766 3408 Expetitur
783 3332 976 3401 conjux
1001 3355 1050 3382 ο.

563 3415 686 3468 300.
701 3421 868 3479 Aeque
885 3413 968 3462 diu
987 3412 1179 3478 rigido:
1192 3409 1268 3464 sic
1286 3408 1410 3464 edd.
1429 3430 1518 3464 ve-

485 3511 606 3550 mm
625 3499 838 3561 Jamque
853 3494 938 3542 diu
957 3491 1017 3543 Α.
1037 3488 1182 3561 quod
1202 3490 1428 3560 protuli.
1443 3521 1518 3532 —-

486 3577 765 3644 Captabant
782 3585 1014 3640 pectora,
1056 3569 1090 3622 i.
1121 3587 1171 3622 e.
1207 3569 1384 3622 locum
1419 3588 1516 3642 op-

481 3666 772 3728 portunum
813 3647 1126 3708 vulnerandi
1159 3650 1416 3721 corporis.
1441 3681 1515 3690 --

482 3735 570 3791 Sic
591 3733 738 3806 apud
753 3729 1036 3803 Virgilium
1053 3767 1070 3793 ‚
1088 3733 1208 3784 AEn.
1227 3729 1358 3795 ΧΠ,
1375 3747 1509 3796 920:

483 3841 512 3861 ιι
529 3814 694 3868 telum
707 3817 900 3866 AEneas
919 3810 1080 3863 fatale
1097 3821 1339 3864 coruscat
1357 3847 1372 3873 ,
1399 3811 1515 3863 Sor-

479 3893 608 3948 titus
625 3895 892 3946 fortunam
911 3889 1080 3944 oculis
1091 3915 1131 3942 a.
1153 3889 1511 3958 Pla—Corpo-

482 3993 542 4024 ra
563 3979 660 4026 telo
686 3972 868 4043 legunt
888 3971 1136 4042 vulgate,
1157 3969 1248 4023 sed
1253 3973 1404 4038 jem
1419 3989 1510 4042 ap-

483 4051 588 4102 tius
609 4050 808 4124 putavi,
825 4049 974 4121 quod
993 4049 1060 4103 H.
1083 4062 1134 4102 et
1151 4050 1216 4103 G.
1243 4068 1270 4101 2
1291 4049 1508 4104 habent.

555 4131 675 4194 304.
696 4133 934 4182 Percussit
948 4134 1023 4182 ad
1043 4149 1160 4182 oras
1181 4127 1274 4183 dat
1295 4131 1356 4182 Α.
1380 4147 1507 4183 cum

1606 1893 1733 1949 edd.
1758 1906 1883 1949 vett.
1902 1895 1995 1948 sed
2024 1895 2381 1966 οΙ.1)οη>ἰυι,
2414 1895 2640 1949 observ.

1606 1993 1660 2047 p.
1679 1977 1803 2041 116,
1814 1993 1845 2026 e
1873 1975 2096 2028 lectione
2120 1975 2281 2046 Mspti
2304 1974 2423 2029 cod.
2448 1975 2641 2028 biblio-

1608 2055 1772 2107 theca
1795 2052 2257 2126 Lugdun.B1tav.
2286 2054 2645 2126 corrigitpees

1606 2153 1777 2187 cussus
1821 2139 1897 2186 ad
1930 2153 2047 2185 oras
2082 2136 2333 2194 Dissiluit,
2364 2133 2641 2206 quomodo

1608 2213 1763 2266 etiam
1789 2212 1856 2266 G.
1887 2233 1915 2265 2
1948 2213 2095 2284 legit.
2120 2213 2382 2266 Ceterum
2416 2219 2493 2265 ad
2520 2233 2639 2265 oms

1607 2291 1885 2355 Bai-thius,
1926 2293 2139 2359 Lvm,
2184 2298 2246 2357 14
2270 2331 2286 2356 ,
2328 2293 2527 2348 frustra
2564 2292 2639 2346 ad

1605 2390 1780 2426 nevos
1800 2373 2072 2445 scriptoris
2096 2373 2263 2426 nostri
2284 2373 2463 2425 retulit
2477 2411 2493 2436 ‚
2510 2372 2639 2446 quin

1596 2455 1841 2521 percussit
1860 2452 2079 2524 legebat.

1680 2532 1800 2586 305.
1828 2534 2034 2593 Desiluit
2062 2551 2229 2582 mucro
2253 2529 2383 2602 legit
2418 2531 2485 2582 A.
2508 2549 2639 2584 cun

1606 2611 1831 2684 vulgatis
1851 2651 1867 2679 ,
1897 2611 1987 2664 sed
2012 2611 2257 2664 vitiosum
2276 2611 2377 2662 hoc
2397 2629 2511 2664 esse
2522 2613 2639 2684 jam

1604 2691 1851 2746 Bai-thim
1869 2730 1885 2756 ,
1906 2710 1961 2763 p.
1985 2709 2145 2763 2770,
2165 2690 2563 2756 animadvertit,
2582 2701 2640 2742 et

1604 2775 1819 2825 dissiluit
1841 2770 2123 2844 legendum
2148 2783 2463 2826 censuerunt
2494 2772 2635 2824 Dor-

1606 2852 1728 2923 pius
1770 2853 1803 2905 1.
1845 2871 1891 2905 c.
1932 2865 1983 2905 et
2018 2851 2303 2906 Bussenius
2342 2852 2400 2904 in
2445 2848 2635 2904 Prodr.

1607 2951 1656 3003 p.
1694 2951 1780 2984 21.
1814 2931 1965 2984 Idem
1996 2933 2206 3003 prefert
2234 2931 2352 2984 cod.
2380 2931 2451 2984 G.
2478 2951 2541 2996 2,
2580 2943 2638 2984 et

1604 3012 1717 3085 ipse
1734 3014 1925 3066 Noster
1950 3013 2090 3066 infra
2125 3013 2335 3083 integro
2351 3030 2508 3066 versu
2524 3011 2634 3080 968

1604 3093 1791 3164 repetit
1816 3130 1831 3156 ,
1892 3091 2159 3163 habetque
2215 3111 2279 3145 ex
2338 3090 2635 3146 imitatione

1605 3173 1839 3245 Virgilii,
1866 3174 1961 3246 qui
1980 3171 2225 3226 eumdem
2257 3189 2439 3225 casum
2458 3171 2635 3224 Turni

1605 3272 1905 3306 memorans
1926 3291 1941 3316 ,
1962 3256 2085 3306 AEn.
2104 3253 2206 3304 XII
2221 3289 2237 3312 ‚
2267 3257 2365 3324 741
2385 3273 2399 3305 :
2436 3277 2462 3298 ο
2482 3252 2635 3306 Mor·

1604 3334 1719 3386 talis
1740 3351 1951 3394 mucro,
1972 3332 2164 3405 glacies
2182 3350 2273 3385 seu
2296 3331 2459 3384 futilis
2476 3372 2493 3396 ,
2520 3331 2635 3388 ictu

1602 3414 1839 3466 Dissiluit
1860 3431 1920 3476 -;
1956 3425 2009 3465 et
2034 3410 2193 3464 Ovid.
2214 3412 2494 3471 Metam.V,
2534 3429 2627 3482 ¹⁴7¹

1602 3511 1710 3564 seq.
1748 3519 1773 3538 «ε
1795 3493 1915 3545 Non
1957 3490 2351 3562 circumspectis
2386 3503 2633 3544 exactum

1600 3571 1801 3625 viribus
1840 3589 2019 3626 ensem
2054 3571 2261 3642 Fregit,
2302 3585 2354 3624 et
2398 3583 2631 3626 exn-ema

1602 3667 1861 3722 percusse
1906 3662 2056 3722 parte
2103 3653 2363 3704 columna
2402 3651 2631 3704 Lamina

1599 3730 1866 3797 dissiluit3
1917 3729 2227 3803 dominique
2296 3731 2352 3783 in
2414 3741 2633 3802 gutture

1598 3807 1704 3862 fixa
1744 3821 1823 3862 est
1842 3835 1885 3864 a.

1670 3889 1793 3942 306.
1836 3894 1968 3942 Ense
2010 3893 2213 3942 carebat
2258 3888 2457 3942 habent
2502 3889 2627 3945 edd.

1598 3984 1791 4022 careret
1813 3968 1879 4021 Η.
1899 3969 2045 4041 quod
2066 3968 2451 4042 praeferendum
2474 3983 2627 4044 puto.

1668 4051 1787 4120 307.
1824 4055 2057 4103 Juvenem
2094 4065 2241 4119 rapta
2266 4050 2337 4104 G.
2374 4069 2438 4120 ις
2476 4049 2627 4124 quod
2734 4043 2755 4052 ”

1594 4145 1893 4201 perperam.
