2975 4684
462 349 608 442 490
995 346 1611 418 HOMERISTAE
1678 349 2066 436 LATINI,

459 471 598 540 lum
636 491 821 540 vetus
855 475 1001 540 vitae
1029 475 1170 556 ejus
1199 477 1478 566 scriptor
1510 497 1864 561 memorat,
1900 479 2015 544 sed
2052 480 2247 546 etiam
2279 481 2611 560 Lutatius,

468 582 842 646 scholiastes
866 581 1048 647 Statii
1064 627 1084 662 ,
1117 598 1411 666 testatur,
1444 585 1559 674 qui
1590 587 1813 676 plures
1842 607 2065 651 versus
2096 609 2175 652 ex
2206 610 2287 652 eo
2318 586 2611 677 adlegat3

465 703 541 752 ut
571 687 654 752 ad
681 687 888 752 Theb.
924 688 1021 752 ΙΙΙ
1041 736 1058 769 ,
1093 689 1244 772 641,
1277 690 1460 755 hunc
1481 739 1499 772 ,

737 854 909 926 Atque
935 853 1146 907 Heleno
1174 851 1408 909 timuisse
1434 858 1574 910 Deos
1595 873 1611 920 ;

459 1049 525 1099 et
556 1033 639 1100 ad
672 1034 882 1100 Theb.
919 1037 1046 1118 VI,
1078 1034 1202 1101 322
1223 1084 1242 1120 ,
1275 1037 1396 1101 hos
1426 1059 1443 1101 t

737 1203 897 1259 Haud
925 1205 1075 1258 aliter
1107 1217 1319 1279 raptum
1350 1218 1649 1262 transverso
1676 1206 1840 1262 limite
1876 1209 1990 1263 coli

737 1293 1020 1346 Flammati
1039 1293 1368 1348 Phaethonta
1387 1296 1501 1368 poli
1526 1295 1736 1360 videre,
1766 1297 1987 1369 Deique.

738 1381 920 1446 Quum
939 1381 1056 1434 vice
1082 1394 1283 1436 mutata
1307 1383 1432 1438 totis
1455 1385 1513 1436 in
1544 1385 1814 1438 montibus
1839 1384 2031 1439 ardens

740 1469 906 1523 Terra
931 1467 1080 1523 dedit
1104 1471 1236 1524 calo
1255 1470 1282 1499 “
1317 1484 1617 1546 naturaque
1640 1491 1809 1527 versa.

461 1647 766 1730 Quorum
795 1670 1104 1713 versuum
1124 1651 1410 1738 primum
1429 1669 1497 1716 et
1513 1651 1881 1717 secundum
1896 1653 2172 1742 Soeb'ger
2194 1651 2278 1716 ad
2296 1653 2609 1720 Catalect.

457 1776 522 1842 p.
571 1754 700 1819 280
753 1755 844 1819 sic
879 1757 1152 1820 mutavit
1189 1781 1204 1822 τ
1247 1758 1450 1822 Haud
1481 1758 1673 1823 aliter·
1712 1775 1973 1848 raptum
2010 1773 2359 1824 transverso
2406 1759 2613 1824 limae

457 1859 680 1924 anheli
697 1859 1132 1927 Flammatum
1146 1863 1550 1928 Phaethonta
1559 1863 1725 1953 poli.
1763 1865 1905 1955 Ego
1937 1879 2155 1929 tamen
2186 1887 2337 1930 cum
2360 1866 2609 1931 Vossio

459 1965 542 2030 de
574 1967 741 2032 Hist.
775 1969 911 2034 Lat.
949 1968 1060 2033 lib.
1083 1971 1146 2052 Ι,
1176 1992 1232 2033 c.
1261 1969 1374 2052 26,
1405 1969 1703 2034 existimo
1734 1972 2078 2036 lectionem
2107 1972 2345 2036 Lutatii
2381 1994 2607 2036 veram

455 2089 520 2137 et
547 2073 992 2162 incorruptam
1025 2097 1184 2140 esse.
1218 2078 1294 2140 ln
1329 2077 1523 2140 tei-tio
1548 2099 1741 2141 versu
1773 2078 2074 2142 Bai-thius
2103 2077 2186 2142 ad
2212 2079 2369 2143 Stat.
2386 2077 2609 2144 Theb.

457 2179 582 2261 VI,
607 2178 729 2244 322
747 2227 764 2262 ,
797 2182 1064 2272 corrigit
1086 2185 1231 2247 totis
1259 2205 1404 2246 cum
1421 2181 1766 2264 montibus,
1804 2198 1870 2248 et
1896 2184 1965 2248 in
1996 2198 2229 2272 quarto
2263 2207 2415 2250 cum
2446 2185 2610 2250 Lin-

455 2284 816 2376 denbrogio
864 2290 1004 2353 vult
1043 2289 1240 2354 Terra
1269 2289 1446 2354 dedit
1474 2289 1635 2355 coelo
1674 2289 1894 2356 lacem.
1937 2288 2449 2380 Oudendorpius
2490 2291 2612 2355 hic

454 2407 658 2457 tentat
678 2395 882 2457 Terra
909 2395 1088 2459 dedit
1119 2396 1278 2460 coelo
1311 2395 1637 2486 solem(1).
1662 2397 1990 2480 Quoniam
2019 2413 2206 2462 vetus
2234 2413 2467 2462 auctor
2500 2398 2607 2463 vi·

453 2515 532 2563 tae
560 2501 805 2565 Lucani
839 2503 1008 2566 inter
1029 2503 1168 2583 ejus
1187 2505 1386 2569 libros
1414 2529 1568 2570 cum
1595 2504 1793 2570 Iliaco
1820 2521 2113 2570 recenset
2130 2505 2605 2571 Catacausmon

455 2605 586 2692 (sic
609 2607 782 2671 enim
811 2608 1300 2675 rescribendum
1335 2628 1604 2677 censent
1633 2611 1811 2678 docti
1841 2612 1960 2676 viri
1987 2635 2110 2700 pro
2137 2633 2217 2675 eo
2234 2661 2251 2688 ,
2292 2609 2473 2699 quod
2504 2611 2601 2674 ibi

450 2713 708 2801 legitur,
755 2716 1236 2804 catascomon),
1282 2718 1561 2809 Scaliger
1602 2718 1757 2784 inde
1796 2741 2009 2783 unum
2050 2739 2286 2806 poema
2335 2718 2485 2781 facit
2530 2734 2604 2781 et

449 2819 718 2884 Iliacum
745 2820 1211 2886 Catacausmon
1226 2841 1414 2887 vocat
1429 2873 1446 2904 ,
1465 2825 1591 2889 hac
1614 2824 1881 2913 quidem
1904 2847 2127 2889 caussa
2146 2873 2163 2904 ,
2181 2822 2360 2911 quod
2382 2823 2563 2887 Nero
2580 2873 2598 2901 ‚

450 2949 657 3015 quum
703 2929 910 3009 Trojae
959 2929 1197 2994 halosis
1233 2945 1553 3019 ageretur,
1590 2933 1867 2995 Romam
1900 2929 2208 2995 incendit.
2256 2929 2385 2994 Sed
2424 2930 2597 2993 anti-

448 3056 622 3120 quus
667 3035 813 3098 vitae
849 3036 1126 3124 scriptor
1161 3036 1452 3100 disertim
1487 3037 1731 3101 Iliacon
1767 3049 1831 3100 et
1866 3037 2331 3100 Catacausmon
2367 3032 2599 3098 distin-

455 3139 596 3228 guit
611 3186 629 3220 ,
657 3139 1078 3228 interponens
1103 3142 1460 3206 Saturnalia
1481 3191 1498 3224 ,
1518 3158 1584 3206 et
1598 3143 1891 3207 Lutatius
1908 3190 1927 3225 ,
1950 3141 2066 3205 ubi
2087 3141 2329 3206 Iliacon
2352 3140 2595 3205 librum

452 3245 639 3326 citat,
680 3268 1016 3333 nunquam
1052 3249 1325 3335 apponit
1357 3249 1823 3312 Catacausmon
1844 3297 1863 3330 ,
1904 3243 2120 3337 neque
2156 3247 2475 3328 Crinitus,
2511 3245 2595 3311 de

450 3350 634 3415 Poet.
664 3350 772 3414 lat.
799 3351 967 3418 libro
994 3352 1087 3416 111
1114 3352 1196 3418 de
1218 3354 1463 3418 Lucani
1489 3354 1743 3442 scriptis
1773 3355 2081 3442 loquens,
2100 3355 2283 3418 aliter
2302 3354 2441 3416 haec
2470 3374 2591 3416 no-

449 3457 660 3537 mina,
698 3457 824 3522 nisi
866 3455 1268 3521 diversorum
1309 3461 1672 3524 carminum
1712 3461 2058 3543 intellexit,
2094 3461 2209 3524 ubi
2252 3461 2589 3524 Lucanum

447 3563 538 3628 ait
565 3564 644 3628 de
673 3563 958 3628 incendio
984 3565 1148 3628 urbis
1163 3611 1182 3644 ,
1219 3565 1298 3628 de
1325 3567 1613 3631 incendio
1649 3565 1861 3657 Trojoe
1882 3590 2025 3631 cum
2052 3567 2311 3630 Priami
2326 3565 2593 3631 calami-

447 3685 576 3737 tate
621 3674 968 3762 scripsisse.
1024 3672 1470 3755 Quamobrem
1515 3675 1785 3742 Vossius
1836 3697 1873 3738 a
1916 3675 2237 3741 sententia
2284 3673 2583 3764 Scaligeri

519 3941 598 4010 (1)
632 3939 832 3994 Eadem
855 3940 1105 3994 sententia
1129 3939 1197 3995 de
1224 3941 1469 3996 incendio
1497 3942 1863 3996 Phaethontea
1892 3941 2060 3994 utitur
2078 3939 2305 3996 Ovidius
2321 3979 2337 4004 ‚
2372 3939 2586 3994 Metam.

447 4025 505 4078 11
523 4067 539 4091 ,
564 4029 660 4080 331
685 4046 698 4080 τ
746 4053 768 4076 ι
791 4031 902 4082 Isse
935 4028 1076 4082 diem
1101 4031 1212 4085 sine
1239 4031 1347 4085 sole
1375 4031 1589 4086 serunt:
1614 4029 1857 4086 incendia
1896 4031 2077 4084 lumen
2112 4029 2453 4092 prabebann
2488 4027 2589 4082 ali-

447 4114 672 4184 quisque
698 4117 840 4169 malo
865 4117 965 4170 fuit
999 4137 1125 4173 usus
1147 4121 1204 4172 in
1239 4120 1331 4173 illo
1350 4145 1388 4172 ι.
