2975 4684
437 425 442 430 ⁸
488 319 631 404 [230

1297 315 1759 388 LICENTII

584 441 794 531 Queis
821 437 1308 533 Epidaphnaeas
1351 455 1573 532 aequat
1602 440 1731 510 sibi
1763 444 1987 514 Cassia
2020 469 2255 540 rupes,

581 551 782 625 Unde
817 551 1264 645 quiescentem
1291 552 1652 635 Auroram,
1683 576 2053 649 currusque
2086 554 2379 642 solutos,

583 665 1016 757 Sopitamque
1051 659 1228 728 diem
1257 657 1476 728 media
1508 662 1633 730 sub
1674 678 1872 733 nocte
1906 664 2237 753 viderem,

582 778 678 845 Te
714 771 1064 858 suadente,
1097 784 1322 864 petam
1352 795 1367 838 τ
1401 793 1528 840 nec
1564 772 1745 840 enim
1774 771 1964 842 labor
1993 790 2113 844 aut
2144 789 2363 844 metus
2396 772 2577 844 ullus

483 987 584 1036 sius
604 1000 798 1036 nomeu
818 997 1024 1052 semper
1043 977 1212 1050 prima
1232 975 1382 1030 brevi
1407 987 1504 1029 est.

559 1067 642 1116 66.
673 1063 818 1130 Quee‘s
845 1063 1177 1130 Epidamneas
1205 1055 1296 1110 hic
1323 1073 1507 1108 omnes

485 1142 740 1196 editiones
753 1142 935 1212 legunt
950 1157 966 1201 ς
979 1135 1070 1191 sed
1085 1139 1416 1206 Epidamneas
1430 1153 1516 1186 ru·

479 1243 570 1292 pes
599 1221 823 1296 ignoro:
857 1235 1030 1288 neque
1059 1216 1202 1268 enim
1229 1225 1320 1266 aut
1340 1213 1511 1266 Humi

485 1311 692 1354 montes
712 1339 728 1366 ,
760 1308 850 1351 aut
900 1293 1146 1348 Ceraunii
1191 1294 1313 1346 satis
1348 1292 1509 1346 vicini

483 1379 782 1453 Epidamno
805 1373 1130 1430 Macedonioe
1153 1385 1274 1426 sunt
1291 1414 1308 1440 ,
1325 1384 1383 1426 ut
1407 1371 1511 1424 hos

486 1461 560 1513 ita
587 1457 876 1530 appellatos
903 1454 1206 1508 existimem.
1235 1453 1303 1504 At
1329 1451 1509 1524 legen-

482 1538 612 1592 dum
633 1549 711 1592 est
720 1540 1102 1607 Epidaphnaeas,
1113 1545 1173 1586 ut
1185 1531 1509 1603 intelligatur

483 1637 636 1672 mons
664 1617 850 1671 Casius
881 1615 951 1668 ad
965 1611 1300 1666 Antiochiam
1313 1611 1506 1684 Syrie,

393 1751 398 1757 .
482 1716 601 1771 qnae
623 1695 978 1768 'Epidaphnes
1017 1691 1382 1763 cognominata
1429 1702 1510 1742 est

483 1789 612 1832 teste
635 1775 837 1841 Plinio,
856 1774 1023 1838 lib.V‚
1049 1789 1134 1825 n.
1169 1768 1319 1825 Casia
1343 1781 1424 1822 est
1443 1789 1507 1824 ea

480 1875 601 1930 pars
618 1856 778 1928 Syriae
793 1896 809 1921 ,
827 1855 884 1908 in
903 1871 1007 1926 qua
1024 1851 1206 1904 Casius
1223 1849 1508 1904 Antioche-

481 1956 583 1990 nus
599 1974 616 2000 ,
635 1955 664 1989 a
683 1935 965 1988 Ptolemaeo
987 1933 1190 1984 &sabeis
1209 1928 1376 1984 dicta.
1396 1930 1506 1983 Lu·

478 2015 606 2071 dere
642 2016 975 2088 aliquantum
1001 2011 1170 2065 voluit
1205 2008 1475 2063 Licentius
1493 2047 1509 2072 ,

479 2093 827 2148 similitudine
852 2110 1045 2146 vocum
1079 2092 1213 2144 Casii
1245 2100 1297 2141 et
1326 2093 1503 2151 asia,

479 2189 540 2229 ut
572 2194 623 2229 v.
657 2177 728 2238 64
759 2191 882 2226 cum
909 2171 1100 2224 Leucis
1125 2180 1176 2223 et
1204 2169 1400 2222 Leucia
1423 2169 1503 2222 fe·

479 2265 637 2309 cerat.
659 2253 764 2306 Pro
777 2269 884 2304 var.
897 2250 1019 2304 lect.
1033 2249 1309 2304 Reinharti
1324 2267 1505 2320 margo

477 2334 630 2410 ponit
659 2339 772 2400 Qua
801 2333 1148 2398 Sepidamneos
1168 2367 1186 2390 ,
1218 2345 1337 2400 qua
1367 2327 1505 2379 nihil

476 2417 643 2486 juvat.
667 2442 738 2453 --
756 2409 1042 2464 Salmasius
1061 2409 1132 2463 ad
1151 2407 1311 2464 Solin.
1337 2425 1385 2460 c.
1409 2408 1505 2475 34,

478 2512 532 2566 p.
566 2502 664 2558 ἀοι
683 2533 698 2558 ,
719 2491 864 2544 hunc
890 2489 1118 2542 Licentii
1142 2491 1318 2542 locum
1345 2487 1507 2558 expli-

476 2591 606 2626 cans
619 2611 635 2638 ,
675 2571 743 2624 de
779 2569 894 2623 solo
928 2568 1110 2621 Cassio
1151 2565 1378 2620 Arabico
1416 2565 1503 2619 vel

477 2651 791 2724 AEgyptiaco
835 2663 1136 2702 sermonem
1177 2663 1290 2700 esse
1329 2644 1503 2699 existi-

477 2744 609 2798 mat,
623 2741 675 2784 et
689 2747 786 2804 per
798 2725 1032 2781 Cassiam
1053 2724 1294 2798 intelligit
1311 2725 1501 2778 urbem

475 2815 661 2868 Κάσιον
681 2852 695 2878 ,
717 2827 878 2883 quam
909 2809 964 2861 in
991 2811 1220 2880 AEgypto
1245 2805 1316 2858 ad
1339 2823 1500 2859 mou·

475 2906 583 2947 tem
614 2891 765 2943 illum
796 2889 1035 2942 Cassium
1071 2905 1184 2940 esse
1219 2885 1349 2940 dicit
1381 2885 1499 2938 Ste-

473 2971 686 3045 phanus
709 2985 724 3022 τ
767 2967 972 3022 nullam
1023 2968 1212 3020 urbem
1263 2966 1501 3020 Cassiam

472 3069 584 3105 esse
602 3051 656 3102 in
673 3048 858 3122 Syria:
877 3061 1037 3120 atque
1053 3046 1180 3100 hinc
1193 3045 1499 3098 Licentinm

471 3130 648 3184 dicere
671 3165 687 3191 ,
726 3127 912 3180 urbem
957 3125 1191 3180 Cassiam
1209 3165 1225 3192 ,
1263 3142 1381 3196 qua
1425 3124 1497 3178 ad

471 3207 741 3261 Pelusium
759 3217 837 3259 est
848 3246 863 3271 ,
882 3223 1092 3276 aquare
1109 3202 1464 3276 Epidamnum
1477 3245 1493 3269 ,

467 3289 580 3342 sive
597 3283 968 3358 Dyrrachium,
978 3281 1046 3336 de
1061 3284 1194 3338 situs
1204 3281 1463 3354 parilitate
1477 3301 1495 3346 ς

467 3385 592 3421 nam
618 3377 672 3417 et
697 3363 844 3416 illam
869 3361 1067 3435 pariter
1107 3363 1162 3415 in
1203 3380 1294 3415 ora
1325 3363 1492 3414 maris

467 3445 610 3501 edita
623 3455 672 3497 et
685 3461 870 3497 saxosa
887 3440 1154 3495 conditam
1171 3461 1284 3496 esse
1300 3479 1316 3506 ,
1332 3453 1489 3513 atque

463 3525 590 3580 inde
617 3522 818 3577 dictum
843 3520 1195 3593 Dyrrachium
1211 3561 1227 3587 ,
1255 3521 1358 3576 hoc
1385 3533 1489 3588 est,

470 3606 752 3677 Δυσρᾶχιον,
783 3599 996 3672 quodin
1009 3617 1196 3673 aspero
1209 3603 1260 3656 et
1273 3599 1485 3674 ρακώδει

463 3688 616 3740 litore
641 3683 796 3735 situm
833 3690 980 3733 esset.
1012 3678 1172 3732 Addit
1198 3680 1486 3735 Salmasius

463 3777 746 3838 propterea
778 3759 887 3813 falli
916 3771 969 3812 et
1001 3757 1194 3812 Melam
1221 3772 1274 3812 et
1297 3760 1486 3814 licen-

461 3845 595 3897 tium
611 3883 628 3910 ‚
647 3853 700 3895 et
725 3840 768 3893 si
789 3840 882 3911 qui
905 3837 997 3890 alii
1023 3839 1276 3911 scripsere
1303 3859 1370 3893 ex
1390 3840 1484 3893 Pe·

461 3925 666 3977 lusiaco
689 3921 781 3974 illo
811 3919 968 3974 Casio
995 3918 1118 3971 solis
1143 3931 1322 3972 ortum
1351 3939 1483 3973 con-

462 4003 592 4072 spici
633 4000 806 4071 vigilia
848 4009 1067 4071 quarta:
1099 3999 1202 4053 hoc
1230 3998 1298 4052 de
1325 4001 1482 4053 Casio

460 4079 752 4134 Antiochia
795 4078 974 4132 vicino
1035 4091 1244 4133 tantum
1294 4097 1478 4134 verum

1604 997 1748 1046 esse;
1779 991 1830 1032 et
1871 981 2101 1034 nominis
2142 999 2377 1033 errorem
2410 998 2503 1033 eos
2538 981 2620 1034 in-

1593 1055 1819 1111 duxisse.
1848 1059 1953 1112 Sed
1995 1077 2172 1112 errare
2209 1060 2383 1131 ipsum
2414 1059 2617 1112 Salma-

1596 1137 1752 1204 sium,
1768 1138 1990 1210 quilibet
2004 1138 2166 1192 videt.
2184 1139 2249 1191 In
2272 1139 2375 1192 hoc
2397 1139 2619 1211 quidem

1596 1217 1767 1270 sentio
1792 1236 1913 1271 cum
1940 1237 2003 1270 eo
2020 1258 2034 1284 ‚
2059 1237 2152 1289 per
2175 1219 2407 1271 Cassiam
2430 1218 2622 1272 Licen-

1594 1297 1655 1348 tii
1680 1297 1851 1369 aptius
1876 1298 2095 1370 intelligi
2122 1299 2305 1351 urbem
2336 1297 2419 1352 vel
2444 1299 2619 1370 regio-

1594 1395 1716 1428 nem
1731 1378 1972 1449 AEgypfi,
1986 1395 2103 1449 quae
2120 1391 2174 1430 et
2186 1377 2434 1430 Cassiotis
2452 1397 2481 1430 a
2500 1377 2623 1430 Pto-

1595 1455 1782 1508 lemaeo
1812 1454 2031 1522 dicitur,
2058 1455 2149 1509 sed
2174 1475 2291 1509 eam
2320 1457 2621 1528 comparari

1594 1552 1715 1586 cum
1746 1534 1925 1588 Cassia
1954 1535 2123 1607 Syriai
2151 1547 2205 1588 et
2230 1547 2410 1588 monte
2432 1535 2621 1590 Cassio

1594 1611 1663 1665 ad
1700 1613 2073 1677 Antiochiam,
2110 1631 2219 1667 non
2254 1631 2379 1666 eum
2418 1614 2619 1686 Dym-

1594 1692 1715 1746 chio
1734 1731 1750 1758 ,
1776 1693 2111 1747 manifestum
2152 1706 2263 1757 est,
2290 1706 2343 1746 et
2380 1695 2620 1766 ignorata

1595 1791 1719 1826 vera
1739 1772 1895 1826 lectio
1914 1776 2284 1842 Epidapknaeas
2300 1773 2619 1826 Salmasium

1592 1852 1648 1904 in
1678 1871 1911 1905 errorem
1938 1852 2147 1906 induxit
2164 1877 2205 1906 a.
2228 1853 2331 1905 En.
2362 1894 2367 1905 .

1665 1934 1753 2001 67.
1802 1937 1941 1984 Unde
1986 1935 2309 2000 quiescentem
2346 1937 2615 1985 Amr-aen.

1591 2012 1671 2063 De
1688 2012 1843 2066 Casio
1854 2013 2057 2065 Arabio
2072 2013 2157 2065 vel
2172 2012 2441 2084 AEgypfio,
2456 2011 2620 2076 Mela,

1588 2089 1679 2143 lib.
1694 2093 1743 2156 Ι,
1764 2111 1810 2146 c.
1839 2109 1933 2146 10:
1958 2117 1982 2138 α
2002 2092 2189 2146 Arabia
2204 2132 2218 2158 ‚
2237 2109 2346 2165 qua
2369 2091 2427 2144 iu
2450 2091 2617 2144 altum

1590 2170 1698 2222 abit
1714 2211 1729 2236 ,
1751 2171 1885 2226 adeo
1905 2171 2047 2226 edita
2064 2211 2079 2237 ,
2094 2183 2155 2223 ut
2178 2189 2239 2223 ex
2267 2189 2479 2224 summo
2500 2189 2622 2224 ver-

1592 2249 1694 2302 tice
1739 2269 1769 2304 a
1815 2265 2002 2323 quarta
2042 2250 2223 2322 vigilia
2268 2261 2447 2304 ortum
2490 2250 2619 2302 solis

1592 2331 1831 2385 ostendat
1848 2357 1893 2386 ι.
1922 2334 2003 2384 De
2027 2331 2181 2384 Casio
2208 2331 2370 2403 Syrie
2392 2330 2475 2382 vel
2501 2331 2617 2382 An-

1590 2409 1863 2476 tiocheno,
1884 2410 2025 2464 idem
2052 2422 2235 2466 narrat
2257 2409 2457 2464 Plinius
2472 2449 2489 2476 ‚
2514 2411 2615 2463 lib.

1591 2490 1667 2552 V,
1688 2507 1807 2562 cap.
1838 2508 1901 2540 n
1920 2507 1933 2541 :
1954 2515 1979 2535 ‹-
1994 2491 2124 2563 Ejus
2150 2490 2359 2544 excelsa
2386 2489 2617 2542 altitudo

1590 2581 1775 2640 quarta
1820 2567 1997 2640 vigilia
2044 2570 2300 2622 orientem
2333 2588 2431 2642 per
2464 2581 2615 2622 tene-

1590 2648 1715 2700 bras
1722 2647 1884 2700 solem
1898 2648 2114 2720 aspicit,
2126 2649 2275 2703 brevi
2286 2649 2617 2703 circumactu

1588 2728 1825 2800 corporis
1864 2726 2008 2780 diem
2054 2739 2371 2801 noctemque
2414 2728 2617 2800 pariter

1587 2806 1867 2860 ostendens
1884 2831 1925 2859 a.
1953 2806 2171 2860 Casium
2198 2808 2507 2880 AEgyptium
2532 2810 2615 2862 vi-

1585 2884 1748 2938 dendi
1764 2885 1889 2939 solis
1902 2897 2051 2940 ortus
2068 2887 2234 2958 gratia
2254 2885 2492 2940 escendit
2509 2887 2617 2942 Ha-

1586 2965 1805 3018 drianus
1826 2966 1961 3038 Imp.
1980 2977 2109 3019 teste
2126 2966 2430 3039 Spar-tiano,
2448 2987 2503 3020 c.
2526 2975 2612 3033 14,

1584 3057 1837 3116 praterea
1864 3047 2033 3099 Dione
2061 3047 2245 3100 Cassio
2274 3059 2327 3100 et
2362 3046 2612 3118 Appiano

1584 3125 1726 3178 Alex.
1760 3125 1975 3178 Casium
2010 3125 2173 3198 Syrio
2204 3125 2445 3180 Julianus
2478 3145 2613 3199 quo-

1580 3221 1688 3274 que
1715 3205 1849 3276 Imp.
1888 3217 1947 3258 ut
1982 3218 2241 3259 memorat
2262 3207 2435 3258 Amin.
2459 3206 2609 3260 Mar-

1584 3283 1803 3337 cellinus
1821 3321 1837 3348 ,
1865 3283 1954 3337 lib.
1970 3285 2129 3338 XXII
2144 3305 2159 3338 =
2180 3311 2205 3332 ιι
2218 3285 2459 3358 Denique
2470 3304 2611 3359 pre·

1580 3363 1761 3418 stituto
1792 3365 2047 3418 feriarum
2079 3363 2169 3419 die
2206 3365 2421 3419 Casium
2453 3385 2614 3419 mon-

1578 3455 1685 3496 tem
1718 3443 1953 3498 ascendit
1989 3463 2327 3498 nemorosum
2368 3457 2421 3499 et
2450 3446 2609 3500 tereti

1578 3522 1776 3576 ambitu
1794 3523 1849 3575 in
1869 3523 2095 3578 sublime
2110 3535 2441 3596 pon-ectum:
2458 3525 2611 3580 nude

1576 3601 1821 3656 secundis
1856 3602 2128 3674 galliciniis
2166 3602 2415 3656 videntur
2444 3604 2605 3675 primi

1575 3681 1697 3735 solis
1716 3694 1923 3735 exortus
1945 3707 1986 3734 n.

1646 3763 1730 3815 68.
1750 3767 2060 3831 Sopieamque
2080 3766 2228 3814 diem.
2256 3761 2345 3816 Sic
2370 3762 2440 3816 de
2459 3765 2609 3836 Alpi-

1575 3842 1673 3894 bus
1701 3842 1966 3905 Avienus,
1996 3843 2175 3896 Descr.
2206 3843 2337 3896 Orh.
2368 3861 2423 3895 v.
2460 3851 2598 3912 429:

1573 3948 1595 3968 ι
1628 3921 1809 3992 rigidis
1844 3924 2126 3995 insurgunt
2158 3922 2381 3995 rupibus
2404 3922 2597 3994 Alpes,

1570 4003 1985 4074 Nascentemque
2006 4001 2147 4054 diem
2176 4003 2317 4056 celso
2333 4023 2353 4074 J
2362 4021 2471 4076 ug&
2486 4021 2605 4056 ver-

1572 4081 1669 4134 tice
1700 4092 1923 4135 cernunt
1942 4107 1965 4129 n
1982 4122 1995 4134 .
2036 4082 2137 4134 En.
