<?xml version="1.0" encoding="UTF-8"?>
<!DOCTYPE html PUBLIC "-//W3C//DTD XHTML 1.0 Transitional//EN"
    "http://www.w3.org/TR/xhtml1/DTD/xhtml1-transitional.dtd">
<html xmlns="http://www.w3.org/1999/xhtml" xml:lang="en" lang="en">
 <head>
  <title>
</title>
<meta http-equiv="Content-Type" content="text/html;charset=utf-8" />
  <meta name='ocr-system' content='tesseract 3.04.00' />
  <meta name='ocr-capabilities' content='ocr_page ocr_carea ocr_par ocr_line ocrx_word'/>
</head>
<body>
  <div class='ocr_page' id='page_1' title='image "./poetaelatinimin00unkngoog_0200.png"; bbox 0 0 2975 4684; ppageno 0'>
   <div class='ocr_carea' id='block_1_1' title="bbox 772 356 2472 455">
    <p class='ocr_par' dir='ltr' id='par_1_1' title="bbox 772 356 2472 455">
     <span class='ocr_line' id='line_1_1' title="bbox 772 356 2472 455; baseline 0.001 -28"><span class='ocrx_word' id='word_1_1' title='bbox 772 358 907 427; x_wconf 78' lang='lat' dir='ltr'><strong>AD</strong></span> <span class='ocrx_word' id='word_1_2' title='bbox 952 358 1351 428; x_wconf 65' lang='lat' dir='ltr'><strong>Lucan</strong></span> <span class='ocrx_word' id='word_1_3' title='bbox 1406 356 1619 427; x_wconf 78' lang='lat' dir='ltr'><strong>JUN.</strong></span> <span class='ocrx_word' id='word_1_4' title='bbox 1670 358 2063 429; x_wconf 77' lang='lat' dir='ltr'><strong>AETNAM.</strong></span> <span class='ocrx_word' id='word_1_5' title='bbox 2351 382 2472 455; x_wconf 80' lang='lat'><strong>191</strong></span> 
     </span>
    </p>
   </div>
   <div class='ocr_carea' id='block_1_2' title="bbox 360 476 2497 1379">
    <p class='ocr_par' dir='ltr' id='par_1_2' title="bbox 360 476 2497 1379">
     <span class='ocr_line' id='line_1_2' title="bbox 364 476 2480 569; baseline 0 -26"><span class='ocrx_word' id='word_1_6' title='bbox 364 479 713 569; x_wconf 57' lang='lat' dir='ltr'><strong>quaet-itum</strong></span> <span class='ocrx_word' id='word_1_7' title='bbox 736 493 937 543; x_wconf 83' lang='lat' dir='ltr'><strong>exstat</strong></span> <span class='ocrx_word' id='word_1_8' title='bbox 968 493 1186 545; x_wconf 83' lang='lat' dir='ltr'><strong>autem</strong></span> <span class='ocrx_word' id='word_1_9' title='bbox 1220 477 1287 541; x_wconf 90' lang='lat' dir='ltr'><strong>in</strong></span> <span class='ocrx_word' id='word_1_10' title='bbox 1324 476 1562 541; x_wconf 77' lang='lat' dir='ltr'><strong>Stobaei</strong></span> <span class='ocrx_word' id='word_1_11' title='bbox 1595 478 1881 568; x_wconf 85' lang='lat' dir='ltr'><strong>Eclogis‚</strong></span> <span class='ocrx_word' id='word_1_12' title='bbox 1913 478 2121 543; x_wconf 80' lang='lat' dir='ltr'><strong>Serm.</strong></span> <span class='ocrx_word' id='word_1_13' title='bbox 2134 479 2436 544; x_wconf 83' lang='lat' dir='ltr'><strong>LXXVII</strong></span> <span class='ocrx_word' id='word_1_14' title='bbox 2461 528 2480 561; x_wconf 89' lang='lat'>‚</span> 
     </span>
     <span class='ocr_line' id='line_1_3' title="bbox 360 578 2480 671; baseline 0.001 -26"><span class='ocrx_word' id='word_1_15' title='bbox 360 583 497 647; x_wconf 84' lang='lat' dir='ltr'><strong>sive</strong></span> <span class='ocrx_word' id='word_1_16' title='bbox 526 581 732 647; x_wconf 85' lang='lat' dir='ltr'><strong>Serm.</strong></span> <span class='ocrx_word' id='word_1_17' title='bbox 767 580 1127 662; x_wconf 85' lang='lat' dir='ltr'>CXCVIII,</span> <span class='ocrx_word' id='word_1_18' title='bbox 1149 578 1303 645; x_wconf 81' lang='lat' dir='ltr'><strong>edit.</strong></span> <span class='ocrx_word' id='word_1_19' title='bbox 1336 580 1633 645; x_wconf 84' lang='lat' dir='ltr'><strong>Francof.</strong></span> <span class='ocrx_word' id='word_1_20' title='bbox 1677 580 1836 646; x_wconf 84' lang='lat'>1581</span> <span class='ocrx_word' id='word_1_21' title='bbox 1859 628 1877 661; x_wconf 86' lang='lat'><strong>,</strong></span> <span class='ocrx_word' id='word_1_22' title='bbox 1901 604 2044 671; x_wconf 85' lang='lat' dir='ltr'><strong>pag.</strong></span> <span class='ocrx_word' id='word_1_23' title='bbox 2072 582 2235 670; x_wconf 86' lang='lat'><strong>676,</strong></span> <span class='ocrx_word' id='word_1_24' title='bbox 2274 583 2386 648; x_wconf 86' lang='lat' dir='ltr'><strong>ubi</strong></span> <span class='ocrx_word' id='word_1_25' title='bbox 2413 585 2480 648; x_wconf 89' lang='lat' dir='ltr'><strong>in</strong></span> 
     </span>
     <span class='ocr_line' id='line_1_4' title="bbox 364 682 2484 772; baseline 0.001 -25"><span class='ocrx_word' id='word_1_26' title='bbox 364 682 687 772; x_wconf 83' lang='lat' dir='ltr'><strong>margine,</strong></span> <span class='ocrx_word' id='word_1_27' title='bbox 724 682 943 747; x_wconf 83' lang='lat' dir='ltr'><strong>nescio</strong></span> <span class='ocrx_word' id='word_1_28' title='bbox 982 696 1223 769; x_wconf 83' lang='lat' dir='ltr'><strong>quanta</strong></span> <span class='ocrx_word' id='word_1_29' title='bbox 1260 704 1412 746; x_wconf 89' lang='lat' dir='ltr'><strong>cum</strong></span> <span class='ocrx_word' id='word_1_30' title='bbox 1447 682 1830 747; x_wconf 84' lang='lat' dir='ltr'><strong>auctoritate</strong></span> <span class='ocrx_word' id='word_1_31' title='bbox 1853 732 1872 763; x_wconf 88' lang='lat'>,</span> <span class='ocrx_word' id='word_1_32' title='bbox 1909 682 2203 749; x_wconf 88' lang='lat' dir='ltr'><strong>AElianus</strong></span> <span class='ocrx_word' id='word_1_33' title='bbox 2233 684 2300 747; x_wconf 87' lang='lat' dir='ltr'><strong>in</strong></span> <span class='ocrx_word' id='word_1_34' title='bbox 2333 685 2484 751; x_wconf 84' lang='lat' dir='ltr'><strong>Var.</strong></span> 
     </span>
     <span class='ocr_line' id='line_1_5' title="bbox 362 783 2490 873; baseline 0.001 -22"><span class='ocrx_word' id='word_1_35' title='bbox 362 786 531 851; x_wconf 87' lang='lat' dir='ltr'><strong>Hist.</strong></span> <span class='ocrx_word' id='word_1_36' title='bbox 564 800 793 851; x_wconf 84' lang='lat' dir='ltr'><strong>auctor</strong></span> <span class='ocrx_word' id='word_1_37' title='bbox 816 783 1185 873; x_wconf 85' lang='lat' dir='ltr'><strong>apponitur.</strong></span> <span class='ocrx_word' id='word_1_38' title='bbox 1209 785 1264 848; x_wconf 91' lang='lat' dir='ltr'>E</span> <span class='ocrx_word' id='word_1_39' title='bbox 1284 783 1524 849; x_wconf 85' lang='lat' dir='ltr'><strong>Latinis</strong></span> <span class='ocrx_word' id='word_1_40' title='bbox 1546 800 1780 872; x_wconf 79' lang='lat' dir='ltr'><strong>proeter</strong></span> <span class='ocrx_word' id='word_1_41' title='bbox 1801 784 2153 867; x_wconf 82' lang='lat' dir='ltr'><strong>Lucilium,</strong></span> <span class='ocrx_word' id='word_1_42' title='bbox 2177 788 2490 873; x_wconf 84' lang='lat' dir='ltr'><strong>poematis</strong></span> 
     </span>
     <span class='ocr_line' id='line_1_6' title="bbox 362 883 2484 967; baseline 0.001 -17"><span class='ocrx_word' id='word_1_43' title='bbox 362 886 448 951; x_wconf 92' lang='lat' dir='ltr'><strong>de</strong></span> <span class='ocrx_word' id='word_1_44' title='bbox 483 886 685 953; x_wconf 77' lang='lat' dir='ltr'><strong>AEtna</strong></span> <span class='ocrx_word' id='word_1_45' title='bbox 735 900 1067 951; x_wconf 79' lang='lat' dir='ltr'><strong>auctorem</strong></span> <span class='ocrx_word' id='word_1_46' title='bbox 1090 932 1111 967; x_wconf 88' lang='lat'>,</span> <span class='ocrx_word' id='word_1_47' title='bbox 1154 884 1615 949; x_wconf 84' lang='lat' dir='ltr'><strong>memorandus</strong></span> <span class='ocrx_word' id='word_1_48' title='bbox 1675 900 1774 949; x_wconf 87' lang='lat' dir='ltr'><strong>est</strong></span> <span class='ocrx_word' id='word_1_49' title='bbox 1819 885 2092 965; x_wconf 80' lang='lat' dir='ltr'><strong>Seneca,</strong></span> <span class='ocrx_word' id='word_1_50' title='bbox 2145 883 2229 950; x_wconf 92' lang='lat' dir='ltr'><strong>de</strong></span> <span class='ocrx_word' id='word_1_51' title='bbox 2265 888 2484 952; x_wconf 81' lang='lat' dir='ltr'><strong>Beuef.</strong></span> 
     </span>
     <span class='ocr_line' id='line_1_7' title="bbox 364 984 2487 1075; baseline 0 -24"><span class='ocrx_word' id='word_1_52' title='bbox 364 987 481 1052; x_wconf 83' lang='lat' dir='ltr'><strong>lib.</strong></span> <span class='ocrx_word' id='word_1_53' title='bbox 499 988 637 1071; x_wconf 89' lang='lat'>111,</span> <span class='ocrx_word' id='word_1_54' title='bbox 670 1010 807 1075; x_wconf 89' lang='lat' dir='ltr'><strong>cap.</strong></span> <span class='ocrx_word' id='word_1_55' title='bbox 838 985 921 1074; x_wconf 85' lang='lat'><strong>37</strong></span> <span class='ocrx_word' id='word_1_56' title='bbox 942 1033 959 1068; x_wconf 93' lang='lat'><strong>,</strong></span> <span class='ocrx_word' id='word_1_57' title='bbox 984 1001 1049 1050; x_wconf 90' lang='lat' dir='ltr'><strong>et</strong></span> <span class='ocrx_word' id='word_1_58' title='bbox 1082 986 1195 1051; x_wconf 85' lang='lat' dir='ltr'><strong>lib.</strong></span> <span class='ocrx_word' id='word_1_59' title='bbox 1220 986 1347 1067; x_wconf 87' lang='lat' dir='ltr'><strong>VI,</strong></span> <span class='ocrx_word' id='word_1_60' title='bbox 1388 984 1473 1049; x_wconf 83' lang='lat'><strong>36</strong></span> <span class='ocrx_word' id='word_1_61' title='bbox 1482 1007 1502 1066; x_wconf 84' lang='lat'>3</span> <span class='ocrx_word' id='word_1_62' title='bbox 1525 984 1816 1049; x_wconf 90' lang='lat' dir='ltr'><strong>Valerius</strong></span> <span class='ocrx_word' id='word_1_63' title='bbox 1833 985 2002 1051; x_wconf 78' lang='lat' dir='ltr'><strong>Max.</strong></span> <span class='ocrx_word' id='word_1_64' title='bbox 2031 985 2141 1049; x_wconf 83' lang='lat' dir='ltr'><strong>lib.</strong></span> <span class='ocrx_word' id='word_1_65' title='bbox 2169 985 2250 1067; x_wconf 86' lang='lat' dir='ltr'><strong>V,</strong></span> <span class='ocrx_word' id='word_1_66' title='bbox 2267 1008 2405 1074; x_wconf 87' lang='lat' dir='ltr'><strong>cap.</strong></span> <span class='ocrx_word' id='word_1_67' title='bbox 2423 990 2487 1067; x_wconf 76' lang='grc'><strong>4,</strong></span> 
     </span>
     <span class='ocr_line' id='line_1_8' title="bbox 364 1085 2486 1178; baseline 0 -25"><span class='ocrx_word' id='word_1_68' title='bbox 364 1104 488 1153; x_wconf 79' lang='lat' dir='ltr'><strong>ext.</strong></span> <span class='ocrx_word' id='word_1_69' title='bbox 516 1092 595 1170; x_wconf 75' lang='lat'><strong>43</strong></span> <span class='ocrx_word' id='word_1_70' title='bbox 628 1087 951 1177; x_wconf 76' lang='lat' dir='ltr'>Hyginus,</span> <span class='ocrx_word' id='word_1_71' title='bbox 988 1085 1205 1151; x_wconf 75' lang='lat' dir='ltr'><strong>fabula</strong></span> <span class='ocrx_word' id='word_1_72' title='bbox 1244 1109 1465 1167; x_wconf 78' lang='lat' dir='ltr'><strong>ccuv3</strong></span> <span class='ocrx_word' id='word_1_73' title='bbox 1497 1086 1840 1174; x_wconf 87' lang='lat' dir='ltr'><strong>Apuleius,</strong></span> <span class='ocrx_word' id='word_1_74' title='bbox 1871 1086 1956 1151; x_wconf 89' lang='lat' dir='ltr'><strong>de</strong></span> <span class='ocrx_word' id='word_1_75' title='bbox 2001 1086 2257 1151; x_wconf 88' lang='lat' dir='ltr'><strong>Mundo</strong></span> <span class='ocrx_word' id='word_1_76' title='bbox 2276 1136 2295 1169; x_wconf 89' lang='lat'>‚</span> <span class='ocrx_word' id='word_1_77' title='bbox 2343 1110 2486 1178; x_wconf 83' lang='lat' dir='ltr'><strong>pag.</strong></span> 
     </span>
     <span class='ocr_line' id='line_1_9' title="bbox 366 1186 2497 1279; baseline -0 -25"><span class='ocrx_word' id='word_1_78' title='bbox 366 1187 477 1275; x_wconf 82' lang='lat'><strong>73,</strong></span> <span class='ocrx_word' id='word_1_79' title='bbox 502 1188 657 1254; x_wconf 85' lang='lat' dir='ltr'><strong>edit.</strong></span> <span class='ocrx_word' id='word_1_80' title='bbox 678 1188 977 1255; x_wconf 86' lang='lat' dir='ltr'><strong>Elmenh.</strong></span> <span class='ocrx_word' id='word_1_81' title='bbox 1000 1187 1261 1253; x_wconf 86' lang='lat' dir='ltr'><strong>Solinus</strong></span> <span class='ocrx_word' id='word_1_82' title='bbox 1282 1188 1596 1277; x_wconf 82' lang='lat' dir='ltr'><strong>Polyhist.</strong></span> <span class='ocrx_word' id='word_1_83' title='bbox 1623 1189 1848 1277; x_wconf 54' lang='grc' dir='ltr'><strong>ΜΡΝ,</strong></span> <span class='ocrx_word' id='word_1_84' title='bbox 1869 1186 2260 1253; x_wconf 76' lang='lat' dir='ltr'><strong>Claudianus</strong></span> <span class='ocrx_word' id='word_1_85' title='bbox 2281 1236 2298 1264; x_wconf 90' lang='lat'>‚</span> <span class='ocrx_word' id='word_1_86' title='bbox 2325 1188 2497 1279; x_wconf 78' lang='lat' dir='ltr'><strong>Idyi-</strong></span> 
     </span>
     <span class='ocr_line' id='line_1_10' title="bbox 361 1290 2490 1379; baseline 0.001 -26"><span class='ocrx_word' id='word_1_87' title='bbox 361 1290 453 1355; x_wconf 86' lang='lat' dir='ltr'><strong>lio</strong></span> <span class='ocrx_word' id='word_1_88' title='bbox 484 1291 645 1371; x_wconf 87' lang='lat' dir='ltr'>VII,</span> <span class='ocrx_word' id='word_1_89' title='bbox 676 1290 809 1355; x_wconf 79' lang='lat' dir='ltr'><strong>sive</strong></span> <span class='ocrx_word' id='word_1_90' title='bbox 834 1290 1119 1355; x_wconf 85' lang='lat' dir='ltr'><strong>carmine</strong></span> <span class='ocrx_word' id='word_1_91' title='bbox 1146 1291 1230 1371; x_wconf 88' lang='lat' dir='ltr'><strong>L,</strong></span> <span class='ocrx_word' id='word_1_92' title='bbox 1264 1312 1401 1379; x_wconf 87' lang='lat' dir='ltr'><strong>quo</strong></span> <span class='ocrx_word' id='word_1_93' title='bbox 1432 1290 1692 1379; x_wconf 86' lang='lat' dir='ltr'><strong>piorum</strong></span> <span class='ocrx_word' id='word_1_94' title='bbox 1727 1292 1998 1355; x_wconf 72' lang='lat' dir='ltr'><strong>flatrum</strong></span> <span class='ocrx_word' id='word_1_95' title='bbox 2035 1304 2311 1371; x_wconf 84' lang='lat' dir='ltr'><strong>statuas,</strong></span> <span class='ocrx_word' id='word_1_96' title='bbox 2345 1312 2490 1377; x_wconf 78' lang='lat' dir='ltr'><strong>quoe</strong></span> 
     </span>
    </p>
   </div>
   <div class='ocr_carea' id='block_1_3' title="bbox 362 1389 2493 1583">
    <p class='ocr_par' dir='ltr' id='par_1_3' title="bbox 362 1389 2493 1583">
     <span class='ocr_line' id='line_1_11' title="bbox 362 1389 2493 1482; baseline 0 -25"><span class='ocrx_word' id='word_1_97' title='bbox 362 1408 549 1457; x_wconf 83' lang='lat' dir='ltr'><strong>erant</strong></span> <span class='ocrx_word' id='word_1_98' title='bbox 573 1390 749 1479; x_wconf 87' lang='lat' dir='ltr'><strong>apud</strong></span> <span class='ocrx_word' id='word_1_99' title='bbox 782 1391 1119 1473; x_wconf 86' lang='lat' dir='ltr'><strong>Catanam,</strong></span> <span class='ocrx_word' id='word_1_100' title='bbox 1148 1391 1449 1482; x_wconf 78' lang='lat' dir='ltr'><strong>graphice</strong></span> <span class='ocrx_word' id='word_1_101' title='bbox 1476 1390 1798 1457; x_wconf 78' lang='lat' dir='ltr'><strong>describit.</strong></span> <span class='ocrx_word' id='word_1_102' title='bbox 1827 1390 1948 1453; x_wconf 80' lang='lat' dir='ltr'><strong>Alii</strong></span> <span class='ocrx_word' id='word_1_103' title='bbox 1981 1405 2187 1478; x_wconf 75' lang='lat' dir='ltr'><strong>poetoe</strong></span> <span class='ocrx_word' id='word_1_104' title='bbox 2213 1389 2493 1457; x_wconf 76' lang='lat' dir='ltr'><strong>breviter</strong></span> 
     </span>
     <span class='ocr_line' id='line_1_12' title="bbox 364 1492 1901 1583; baseline 0.001 -26"><span class='ocrx_word' id='word_1_105' title='bbox 364 1494 755 1583; x_wconf 83' lang='lat' dir='ltr'><strong>attigerunt,</strong></span> <span class='ocrx_word' id='word_1_106' title='bbox 780 1508 858 1557; x_wconf 88' lang='lat' dir='ltr'><strong>ut</strong></span> <span class='ocrx_word' id='word_1_107' title='bbox 886 1494 1079 1558; x_wconf 85' lang='lat' dir='ltr'><strong>Silius</strong></span> <span class='ocrx_word' id='word_1_108' title='bbox 1116 1494 1255 1558; x_wconf 81' lang='lat' dir='ltr'><strong>Ital.</strong></span> <span class='ocrx_word' id='word_1_109' title='bbox 1293 1494 1405 1558; x_wconf 84' lang='lat' dir='ltr'><strong>lib.</strong></span> <span class='ocrx_word' id='word_1_110' title='bbox 1434 1492 1614 1575; x_wconf 81' lang='lat' dir='ltr'>xlv,</span> <span class='ocrx_word' id='word_1_111' title='bbox 1637 1516 1698 1557; x_wconf 80' lang='lat' dir='ltr'><strong>v.</strong></span> <span class='ocrx_word' id='word_1_112' title='bbox 1735 1493 1901 1579; x_wconf 84' lang='lat'><strong>196:</strong></span> 
     </span>
    </p>
   </div>
   <div class='ocr_carea' id='block_1_4' title="bbox 644 1633 2068 1790">
    <p class='ocr_par' dir='ltr' id='par_1_4' title="bbox 644 1633 2068 1790">
     <span class='ocr_line' id='line_1_13' title="bbox 644 1633 1999 1707; baseline 0 -20"><span class='ocrx_word' id='word_1_113' title='bbox 644 1634 787 1687; x_wconf 86' lang='lat' dir='ltr'><strong>Tum</strong></span> <span class='ocrx_word' id='word_1_114' title='bbox 810 1634 1011 1688; x_wconf 80' lang='lat' dir='ltr'><strong>Catane</strong></span> <span class='ocrx_word' id='word_1_115' title='bbox 1026 1672 1041 1699; x_wconf 88' lang='lat'><strong>,</strong></span> <span class='ocrx_word' id='word_1_116' title='bbox 1060 1634 1285 1687; x_wconf 85' lang='lat' dir='ltr'><strong>nimium</strong></span> <span class='ocrx_word' id='word_1_117' title='bbox 1308 1634 1517 1689; x_wconf 83' lang='lat' dir='ltr'><strong>ardenti</strong></span> <span class='ocrx_word' id='word_1_118' title='bbox 1533 1634 1704 1688; x_wconf 81' lang='lat' dir='ltr'><strong>vicina</strong></span> <span class='ocrx_word' id='word_1_119' title='bbox 1723 1633 1966 1707; x_wconf 82' lang='lat' dir='ltr'><strong>Typhoeo</strong></span> <span class='ocrx_word' id='word_1_120' title='bbox 1983 1671 1999 1697; x_wconf 89' lang='lat'><strong>,</strong></span> 
     </span>
     <span class='ocr_line' id='line_1_14' title="bbox 646 1718 2068 1790; baseline -0.003 -19"><span class='ocrx_word' id='word_1_121' title='bbox 646 1718 715 1771; x_wconf 79' lang='lat' dir='ltr'><strong>Et</strong></span> <span class='ocrx_word' id='word_1_122' title='bbox 741 1736 1021 1790; x_wconf 76' lang='lat' dir='ltr'><strong>generasse</strong></span> <span class='ocrx_word' id='word_1_123' title='bbox 1046 1718 1169 1773; x_wconf 83' lang='lat' dir='ltr'><strong>Pios</strong></span> <span class='ocrx_word' id='word_1_124' title='bbox 1197 1718 1465 1790; x_wconf 79' lang='lat' dir='ltr'><strong>quon‘dam</strong></span> <span class='ocrx_word' id='word_1_125' title='bbox 1493 1718 1836 1775; x_wconf 78' lang='lat' dir='ltr'><strong>celeberrima</strong></span> <span class='ocrx_word' id='word_1_126' title='bbox 1862 1718 2068 1771; x_wconf 83' lang='lat' dir='ltr'><strong>fratres.</strong></span> 
     </span>
    </p>
   </div>
   <div class='ocr_carea' id='block_1_5' title="bbox 372 1877 1528 1945">
    <p class='ocr_par' dir='ltr' id='par_1_5' title="bbox 372 1877 1528 1945">
     <span class='ocr_line' id='line_1_15' title="bbox 372 1877 1528 1945; baseline 0.003 -4"><span class='ocrx_word' id='word_1_127' title='bbox 372 1879 457 1943; x_wconf 85' lang='lat' dir='ltr'><strong>Et</strong></span> <span class='ocrx_word' id='word_1_128' title='bbox 490 1877 823 1943; x_wconf 75' lang='lat' dir='ltr'><strong>Ausonius</strong></span> <span class='ocrx_word' id='word_1_129' title='bbox 852 1878 935 1944; x_wconf 90' lang='lat' dir='ltr'><strong>de</strong></span> <span class='ocrx_word' id='word_1_130' title='bbox 971 1878 1173 1943; x_wconf 86' lang='lat' dir='ltr'><strong>Claris</strong></span> <span class='ocrx_word' id='word_1_131' title='bbox 1206 1879 1363 1944; x_wconf 90' lang='lat' dir='ltr'><strong>Urb.</strong></span> <span class='ocrx_word' id='word_1_132' title='bbox 1396 1880 1528 1945; x_wconf 85' lang='lat' dir='ltr'><strong>XI:</strong></span> 
     </span>
    </p>
   </div>
   <div class='ocr_carea' id='block_1_6' title="bbox 648 2030 2132 2189">
    <p class='ocr_par' dir='ltr' id='par_1_6' title="bbox 648 2030 2132 2189">
     <span class='ocr_line' id='line_1_16' title="bbox 648 2030 2132 2105; baseline 0.002 -20"><span class='ocrx_word' id='word_1_133' title='bbox 648 2032 786 2099; x_wconf 85' lang='lat' dir='ltr'><strong>Quis</strong></span> <span class='ocrx_word' id='word_1_134' title='bbox 806 2033 1065 2087; x_wconf 72' lang='lat' dir='ltr'><strong>catanam</strong></span> <span class='ocrx_word' id='word_1_135' title='bbox 1084 2032 1269 2086; x_wconf 82' lang='lat' dir='ltr'><strong>sileat?</strong></span> <span class='ocrx_word' id='word_1_136' title='bbox 1288 2032 1405 2105; x_wconf 85' lang='lat' dir='ltr'><strong>quis</strong></span> <span class='ocrx_word' id='word_1_137' title='bbox 1427 2030 1797 2105; x_wconf 74' lang='lat' dir='ltr'><strong>quadruplices</strong></span> <span class='ocrx_word' id='word_1_138' title='bbox 1812 2034 2132 2105; x_wconf 75' lang='lat' dir='ltr'><strong>Syracusas?</strong></span> 
     </span>
     <span class='ocr_line' id='line_1_17' title="bbox 652 2114 1966 2189; baseline 0.001 -22"><span class='ocrx_word' id='word_1_139' title='bbox 652 2114 805 2169; x_wconf 79' lang='lat' dir='ltr'><strong>Hauc</strong></span> <span class='ocrx_word' id='word_1_140' title='bbox 828 2116 1195 2169; x_wconf 69' lang='lat' dir='ltr'><strong>ambustorum</strong></span> <span class='ocrx_word' id='word_1_141' title='bbox 1220 2116 1442 2169; x_wconf 59' lang='lat' dir='ltr'><strong>&amp;atrum</strong></span> <span class='ocrx_word' id='word_1_142' title='bbox 1469 2118 1664 2189; x_wconf 82' lang='lat' dir='ltr'><strong>pietate</strong></span> <span class='ocrx_word' id='word_1_143' title='bbox 1687 2116 1966 2169; x_wconf 78' lang='lat' dir='ltr'>celebrem.</span> 
     </span>
    </p>
   </div>
   <div class='ocr_carea' id='block_1_7' title="bbox 363 2272 2380 2369">
    <p class='ocr_par' dir='ltr' id='par_1_7' title="bbox 363 2272 2380 2369">
     <span class='ocr_line' id='line_1_18' title="bbox 363 2272 2380 2369; baseline 0.002 -32"><span class='ocrx_word' id='word_1_144' title='bbox 363 2273 574 2337; x_wconf 87' lang='lat' dir='ltr'><strong>Etiam</strong></span> <span class='ocrx_word' id='word_1_145' title='bbox 595 2272 901 2339; x_wconf 81' lang='lat' dir='ltr'>Martialis</span> <span class='ocrx_word' id='word_1_146' title='bbox 924 2274 1055 2337; x_wconf 89' lang='lat' dir='ltr'><strong>huc</strong></span> <span class='ocrx_word' id='word_1_147' title='bbox 1078 2274 1431 2363; x_wconf 79' lang='lat' dir='ltr'><strong>respexisse</strong></span> <span class='ocrx_word' id='word_1_148' title='bbox 1450 2272 1708 2337; x_wconf 84' lang='lat' dir='ltr'><strong>videtur</strong></span> <span class='ocrx_word' id='word_1_149' title='bbox 1729 2273 1839 2339; x_wconf 88' lang='lat' dir='ltr'><strong>lib.</strong></span> <span class='ocrx_word' id='word_1_150' title='bbox 1864 2274 2018 2357; x_wconf 90' lang='lat' dir='ltr'>VII,</span> <span class='ocrx_word' id='word_1_151' title='bbox 2041 2276 2240 2369; x_wconf 86' lang='lat' dir='ltr'><strong>epigr.</strong></span> <span class='ocrx_word' id='word_1_152' title='bbox 2270 2283 2380 2357; x_wconf 70' lang='lat'><strong>24:</strong></span> 
     </span>
    </p>
   </div>
   <div class='ocr_carea' id='block_1_8' title="bbox 646 2424 1949 2580">
    <p class='ocr_par' dir='ltr' id='par_1_8' title="bbox 646 2424 1949 2580">
     <span class='ocr_line' id='line_1_19' title="bbox 646 2424 1949 2499; baseline 0.002 -22"><span class='ocrx_word' id='word_1_153' title='bbox 646 2424 737 2477; x_wconf 81' lang='lat' dir='ltr'><strong>Tu</strong></span> <span class='ocrx_word' id='word_1_154' title='bbox 754 2425 958 2479; x_wconf 76' lang='lat' dir='ltr'><strong>Siculos</strong></span> <span class='ocrx_word' id='word_1_155' title='bbox 978 2424 1167 2479; x_wconf 75' lang='lat' dir='ltr'><strong>fratres</strong></span> <span class='ocrx_word' id='word_1_156' title='bbox 1186 2463 1202 2489; x_wconf 89' lang='lat'><strong>,</strong></span> <span class='ocrx_word' id='word_1_157' title='bbox 1226 2436 1279 2479; x_wconf 81' lang='lat' dir='ltr'><strong>et</strong></span> <span class='ocrx_word' id='word_1_158' title='bbox 1300 2428 1471 2499; x_wconf 80' lang='lat' dir='ltr'><strong>majus</strong></span> <span class='ocrx_word' id='word_1_159' title='bbox 1488 2442 1686 2478; x_wconf 75' lang='lat' dir='ltr'><strong>nomen</strong></span> <span class='ocrx_word' id='word_1_160' title='bbox 1705 2424 1916 2479; x_wconf 77' lang='lat' dir='ltr'><strong>Atridas</strong></span> <span class='ocrx_word' id='word_1_161' title='bbox 1933 2466 1949 2492; x_wconf 93' lang='lat'>,</span> 
     </span>
     <span class='ocr_line' id='line_1_20' title="bbox 716 2506 1706 2580; baseline 0 -19"><span class='ocrx_word' id='word_1_162' title='bbox 716 2508 787 2561; x_wconf 85' lang='lat' dir='ltr'><strong>Et</strong></span> <span class='ocrx_word' id='word_1_163' title='bbox 804 2506 963 2563; x_wconf 69' lang='lat' dir='ltr'><strong>Ledo</strong></span> <span class='ocrx_word' id='word_1_164' title='bbox 981 2519 1195 2580; x_wconf 83' lang='lat' dir='ltr'><strong>poteras</strong></span> <span class='ocrx_word' id='word_1_165' title='bbox 1212 2507 1502 2563; x_wconf 69' lang='lat' dir='ltr'><strong>dissociare</strong></span> <span class='ocrx_word' id='word_1_166' title='bbox 1522 2526 1706 2579; x_wconf 75' lang='lat' dir='ltr'><strong>genus.</strong></span> 
     </span>
    </p>
   </div>
   <div class='ocr_carea' id='block_1_9' title="bbox 368 2686 2502 4189">
    <p class='ocr_par' dir='ltr' id='par_1_9' title="bbox 368 2686 2502 4189">
     <span class='ocr_line' id='line_1_21' title="bbox 368 2686 2497 2781; baseline 0.003 -30"><span class='ocrx_word' id='word_1_167' title='bbox 368 2688 535 2751; x_wconf 87' lang='lat' dir='ltr'><strong>Nam</strong></span> <span class='ocrx_word' id='word_1_168' title='bbox 553 2686 945 2751; x_wconf 88' lang='lat' dir='ltr'><strong>Catanenses</strong></span> <span class='ocrx_word' id='word_1_169' title='bbox 964 2688 1055 2754; x_wconf 86' lang='lat' dir='ltr'><strong>illi</strong></span> <span class='ocrx_word' id='word_1_170' title='bbox 1070 2735 1089 2768; x_wconf 92' lang='lat'>,</span> <span class='ocrx_word' id='word_1_171' title='bbox 1112 2703 1189 2751; x_wconf 91' lang='lat' dir='ltr'><strong>ut</strong></span> <span class='ocrx_word' id='word_1_172' title='bbox 1209 2688 1447 2776; x_wconf 86' lang='lat' dir='ltr'><strong>pietate</strong></span> <span class='ocrx_word' id='word_1_173' title='bbox 1469 2708 1618 2775; x_wconf 82' lang='lat' dir='ltr'><strong>erga</strong></span> <span class='ocrx_word' id='word_1_174' title='bbox 1635 2702 1930 2774; x_wconf 88' lang='lat' dir='ltr'><strong>parentes</strong></span> <span class='ocrx_word' id='word_1_175' title='bbox 1945 2734 1964 2769; x_wconf 88' lang='lat'><strong>,</strong></span> <span class='ocrx_word' id='word_1_176' title='bbox 1980 2686 2068 2751; x_wconf 89' lang='lat' dir='ltr'><strong>ita</strong></span> <span class='ocrx_word' id='word_1_177' title='bbox 2087 2706 2323 2753; x_wconf 88' lang='lat' dir='ltr'><strong>mutuo</strong></span> <span class='ocrx_word' id='word_1_178' title='bbox 2348 2712 2497 2781; x_wconf 84' lang='lat' dir='ltr'><strong>erga</strong></span> 
     </span>
     <span class='ocr_line' id='line_1_22' title="bbox 368 2788 2496 2878; baseline 0.004 -28"><span class='ocrx_word' id='word_1_179' title='bbox 368 2810 438 2852; x_wconf 89' lang='lat' dir='ltr'><strong>se</strong></span> <span class='ocrx_word' id='word_1_180' title='bbox 474 2810 695 2853; x_wconf 87' lang='lat' dir='ltr'><strong>amore</strong></span> <span class='ocrx_word' id='word_1_181' title='bbox 734 2789 1179 2878; x_wconf 83' lang='lat' dir='ltr'><strong>conspirantes</strong></span> <span class='ocrx_word' id='word_1_182' title='bbox 1214 2803 1370 2853; x_wconf 88' lang='lat' dir='ltr'><strong>sunt</strong></span> <span class='ocrx_word' id='word_1_183' title='bbox 1413 2788 1636 2853; x_wconf 89' lang='lat' dir='ltr'><strong>habiti.</strong></span> <span class='ocrx_word' id='word_1_184' title='bbox 1681 2789 1756 2851; x_wconf 91' lang='lat' dir='ltr'><strong>In</strong></span> <span class='ocrx_word' id='word_1_185' title='bbox 1791 2788 2064 2878; x_wconf 78' lang='lat' dir='ltr'><strong>antiquo</strong></span> <span class='ocrx_word' id='word_1_186' title='bbox 2099 2789 2321 2854; x_wconf 85' lang='lat' dir='ltr'><strong>codice</strong></span> <span class='ocrx_word' id='word_1_187' title='bbox 2355 2794 2496 2857; x_wconf 90' lang='lat' dir='ltr'><strong>An·</strong></span> 
     </span>
     <span class='ocr_line' id='line_1_23' title="bbox 368 2889 2497 2983; baseline 0.002 -32"><span class='ocrx_word' id='word_1_188' title='bbox 368 2889 675 2979; x_wconf 82' lang='lat' dir='ltr'><strong>thologiae</strong></span> <span class='ocrx_word' id='word_1_189' title='bbox 708 2890 997 2954; x_wconf 87' lang='lat' dir='ltr'><strong>Palatino</strong></span> <span class='ocrx_word' id='word_1_190' title='bbox 1028 2891 1131 2955; x_wconf 80' lang='lat' dir='ltr'><strong>vel</strong></span> <span class='ocrx_word' id='word_1_191' title='bbox 1160 2891 1508 2972; x_wconf 84' lang='lat' dir='ltr'><strong>Vaticano,</strong></span> <span class='ocrx_word' id='word_1_192' title='bbox 1541 2912 1736 2977; x_wconf 87' lang='lat' dir='ltr'><strong>quem</strong></span> <span class='ocrx_word' id='word_1_193' title='bbox 1768 2890 1910 2955; x_wconf 85' lang='lat' dir='ltr'><strong>Nic.</strong></span> <span class='ocrx_word' id='word_1_194' title='bbox 1946 2891 2246 2956; x_wconf 89' lang='lat' dir='ltr'><strong>Heinsius</strong></span> <span class='ocrx_word' id='word_1_195' title='bbox 2277 2892 2497 2983; x_wconf 87' lang='lat' dir='ltr'><strong>inspe-</strong></span> 
     </span>
     <span class='ocr_line' id='line_1_24' title="bbox 368 2990 2498 3081; baseline 0.002 -28"><span class='ocrx_word' id='word_1_196' title='bbox 368 2990 495 3069; x_wconf 82' lang='lat' dir='ltr'><strong>xit,</strong></span> <span class='ocrx_word' id='word_1_197' title='bbox 529 2990 687 3055; x_wconf 85' lang='lat' dir='ltr'><strong>lecta</strong></span> <span class='ocrx_word' id='word_1_198' title='bbox 722 3007 881 3055; x_wconf 89' lang='lat' dir='ltr'><strong>sunt</strong></span> <span class='ocrx_word' id='word_1_199' title='bbox 921 2992 1379 3081; x_wconf 83' lang='lat' dir='ltr'><strong>epigrammata</strong></span> <span class='ocrx_word' id='word_1_200' title='bbox 1410 2992 1660 3079; x_wconf 83' lang='lat' dir='ltr'><strong>aliquot</strong></span> <span class='ocrx_word' id='word_1_201' title='bbox 1691 2992 1925 3057; x_wconf 87' lang='lat' dir='ltr'><strong>tabulis</strong></span> <span class='ocrx_word' id='word_1_202' title='bbox 1967 2990 2318 3080; x_wconf 68' lang='lat' dir='ltr'><strong>adscripta,</strong></span> <span class='ocrx_word' id='word_1_203' title='bbox 2353 3016 2498 3081; x_wconf 83' lang='lat' dir='ltr'><strong>quae</strong></span> 
     </span>
     <span class='ocr_line' id='line_1_25' title="bbox 370 3090 2498 3180; baseline 0.002 -28"><span class='ocrx_word' id='word_1_204' title='bbox 370 3090 529 3153; x_wconf 88' lang='lat' dir='ltr'><strong>olim</strong></span> <span class='ocrx_word' id='word_1_205' title='bbox 579 3091 647 3153; x_wconf 86' lang='lat' dir='ltr'><strong>in</strong></span> <span class='ocrx_word' id='word_1_206' title='bbox 697 3092 1016 3157; x_wconf 87' lang='lat' dir='ltr'><strong>columnis</strong></span> <span class='ocrx_word' id='word_1_207' title='bbox 1068 3092 1291 3179; x_wconf 87' lang='lat' dir='ltr'><strong>templi</strong></span> <span class='ocrx_word' id='word_1_208' title='bbox 1338 3092 1778 3180; x_wconf 81' lang='lat' dir='ltr'><strong>Apolloniadis</strong></span> <span class='ocrx_word' id='word_1_209' title='bbox 1794 3140 1812 3173; x_wconf 89' lang='lat'>,</span> <span class='ocrx_word' id='word_1_210' title='bbox 1849 3092 2160 3157; x_wconf 88' lang='lat' dir='ltr'><strong>Eumenis</strong></span> <span class='ocrx_word' id='word_1_211' title='bbox 2202 3108 2268 3157; x_wconf 89' lang='lat' dir='ltr'><strong>et</strong></span> <span class='ocrx_word' id='word_1_212' title='bbox 2305 3093 2498 3159; x_wconf 86' lang='lat' dir='ltr'><strong>Attali</strong></span> 
     </span>
     <span class='ocr_line' id='line_1_26' title="bbox 368 3190 2497 3280; baseline 0.005 -29"><span class='ocrx_word' id='word_1_213' title='bbox 368 3210 601 3279; x_wconf 82' lang='lat' dir='ltr'><strong>regum</strong></span> <span class='ocrx_word' id='word_1_214' title='bbox 637 3192 858 3255; x_wconf 89' lang='lat' dir='ltr'><strong>matris</strong></span> <span class='ocrx_word' id='word_1_215' title='bbox 877 3238 895 3275; x_wconf 84' lang='lat'>‚</span> <span class='ocrx_word' id='word_1_216' title='bbox 929 3191 1104 3279; x_wconf 87' lang='lat' dir='ltr'><strong>apud</strong></span> <span class='ocrx_word' id='word_1_217' title='bbox 1139 3192 1447 3280; x_wconf 78' lang='lat' dir='ltr'><strong>Cyzicum</strong></span> <span class='ocrx_word' id='word_1_218' title='bbox 1482 3191 1753 3257; x_wconf 86' lang='lat' dir='ltr'><strong>fuerunt</strong></span> <span class='ocrx_word' id='word_1_219' title='bbox 1791 3190 1996 3255; x_wconf 80' lang='lat' dir='ltr'><strong>affixae</strong></span> <span class='ocrx_word' id='word_1_220' title='bbox 2015 3238 2034 3275; x_wconf 88' lang='lat'>,</span> <span class='ocrx_word' id='word_1_221' title='bbox 2079 3209 2145 3257; x_wconf 91' lang='lat' dir='ltr'><strong>et</strong></span> <span class='ocrx_word' id='word_1_222' title='bbox 2177 3216 2497 3261; x_wconf 86' lang='lat' dir='ltr'><strong>memora·</strong></span> 
     </span>
     <span class='ocr_line' id='line_1_27' title="bbox 370 3291 2496 3380; baseline 0.002 -25"><span class='ocrx_word' id='word_1_223' title='bbox 370 3291 530 3357; x_wconf 88' lang='lat' dir='ltr'><strong>biles</strong></span> <span class='ocrx_word' id='word_1_224' title='bbox 558 3292 956 3379; x_wconf 83' lang='lat' dir='ltr'><strong>antiquitatis</strong></span> <span class='ocrx_word' id='word_1_225' title='bbox 985 3293 1283 3357; x_wconf 87' lang='lat' dir='ltr'><strong>historias</strong></span> <span class='ocrx_word' id='word_1_226' title='bbox 1312 3308 1666 3357; x_wconf 87' lang='lat' dir='ltr'><strong>tenuerunt</strong></span> <span class='ocrx_word' id='word_1_227' title='bbox 1689 3314 2034 3380; x_wconf 84' lang='lat' dir='ltr'><strong>expressas.</strong></span> <span class='ocrx_word' id='word_1_228' title='bbox 2066 3294 2143 3357; x_wconf 92' lang='lat' dir='ltr'><strong>In</strong></span> <span class='ocrx_word' id='word_1_229' title='bbox 2179 3294 2275 3359; x_wconf 89' lang='lat' dir='ltr'><strong>his</strong></span> <span class='ocrx_word' id='word_1_230' title='bbox 2303 3297 2496 3359; x_wconf 88' lang='lat' dir='ltr'><strong>etiam</strong></span> 
     </span>
     <span class='ocr_line' id='line_1_28' title="bbox 370 3393 2498 3483; baseline 0.001 -24"><span class='ocrx_word' id='word_1_231' title='bbox 370 3393 591 3460; x_wconf 72' lang='lat' dir='ltr'><strong>tabula</strong></span> <span class='ocrx_word' id='word_1_232' title='bbox 616 3393 742 3457; x_wconf 81' lang='lat' dir='ltr'><strong>fuit</strong></span> <span class='ocrx_word' id='word_1_233' title='bbox 754 3393 1067 3477; x_wconf 78' lang='lat' dir='ltr'><strong>juvenum</strong></span> <span class='ocrx_word' id='word_1_234' title='bbox 1087 3394 1568 3475; x_wconf 83' lang='lat' dir='ltr'><strong>Catanensium,</strong></span> <span class='ocrx_word' id='word_1_235' title='bbox 1586 3409 1881 3483; x_wconf 89' lang='lat' dir='ltr'><strong>parentes</strong></span> <span class='ocrx_word' id='word_1_236' title='bbox 1914 3395 2330 3482; x_wconf 78' lang='lat' dir='ltr'><strong>servantium,</strong></span> <span class='ocrx_word' id='word_1_237' title='bbox 2344 3417 2498 3461; x_wconf 87' lang='lat' dir='ltr'><strong>cum</strong></span> 
     </span>
     <span class='ocr_line' id='line_1_29' title="bbox 370 3493 2499 3586; baseline 0.002 -29"><span class='ocrx_word' id='word_1_238' title='bbox 370 3494 867 3582; x_wconf 82' lang='lat' dir='ltr'><strong>epigrammate,</strong></span> <span class='ocrx_word' id='word_1_239' title='bbox 909 3496 1094 3577; x_wconf 83' lang='lat' dir='ltr'><strong>cujus</strong></span> <span class='ocrx_word' id='word_1_240' title='bbox 1145 3496 1273 3561; x_wconf 86' lang='lat' dir='ltr'><strong>hoc</strong></span> <span class='ocrx_word' id='word_1_241' title='bbox 1318 3494 1552 3561; x_wconf 85' lang='lat' dir='ltr'><strong>lemma</strong></span> <span class='ocrx_word' id='word_1_242' title='bbox 1603 3496 1672 3559; x_wconf 88' lang='lat' dir='ltr'><strong>in</strong></span> <span class='ocrx_word' id='word_1_243' title='bbox 1727 3493 1903 3561; x_wconf 86' lang='lat' dir='ltr'><strong>dicto</strong></span> <span class='ocrx_word' id='word_1_244' title='bbox 1953 3494 2174 3559; x_wconf 87' lang='lat' dir='ltr'><strong>codice</strong></span> <span class='ocrx_word' id='word_1_245' title='bbox 2228 3498 2499 3586; x_wconf 88' lang='lat' dir='ltr'><strong>antiquo</strong></span> 
     </span>
     <span class='ocr_line' id='line_1_30' title="bbox 371 3587 2500 3686; baseline 0.002 -28"><span class='ocrx_word' id='word_1_246' title='bbox 371 3610 577 3659; x_wconf 85' lang='lat' dir='ltr'><strong>exstat</strong></span> <span class='ocrx_word' id='word_1_247' title='bbox 606 3595 802 3682; x_wconf 79' lang='lat' dir='ltr'><strong>(nam</strong></span> <span class='ocrx_word' id='word_1_248' title='bbox 838 3596 1227 3686; x_wconf 75' lang='lat' dir='ltr'><strong>epigramma</strong></span> <span class='ocrx_word' id='word_1_249' title='bbox 1272 3597 1488 3685; x_wconf 74' lang='lat' dir='ltr'><strong>ipsum</strong></span> <span class='ocrx_word' id='word_1_250' title='bbox 1530 3596 1790 3686; x_wconf 74' lang='lat' dir='ltr'><strong>periit):</strong></span> <span class='ocrx_word' id='word_1_251' title='bbox 1822 3587 1884 3659; x_wconf 67' lang='grc' dir='ltr'><strong>Ἐν</strong></span> <span class='ocrx_word' id='word_1_252' title='bbox 1914 3602 1973 3659; x_wconf 63' lang='grc' dir='ltr'>δί</span> <span class='ocrx_word' id='word_1_253' title='bbox 2007 3614 2078 3679; x_wconf 75' lang='grc' dir='ltr'><strong>τῷ</strong></span> <span class='ocrx_word' id='word_1_254' title='bbox 2107 3592 2180 3669; x_wconf 68' lang='grc' dir='ltr'><strong>ιζ’</strong></span> <span class='ocrx_word' id='word_1_255' title='bbox 2203 3595 2386 3671; x_wconf 56' lang='lat' dir='ltr'><strong>Krane:</strong></span> <span class='ocrx_word' id='word_1_256' title='bbox 2413 3608 2500 3663; x_wconf 73' lang='grc' dir='ltr'><strong>καὶ</strong></span> 
     </span>
     <span class='ocr_line' id='line_1_31' title="bbox 372 3687 2498 3779; baseline 0.001 -20"><span class='ocrx_word' id='word_1_257' title='bbox 372 3687 683 3777; x_wconf 65' lang='grc' dir='ltr'><strong>Ᾰμφὶνομκ,</strong></span> <span class='ocrx_word' id='word_1_258' title='bbox 709 3706 751 3759; x_wconf 78' lang='grc' dir='ltr'><strong>οἳ</strong></span> <span class='ocrx_word' id='word_1_259' title='bbox 781 3709 1081 3777; x_wconf 54' lang='lat' dir='ltr'><strong>inspersu-m</strong></span> <span class='ocrx_word' id='word_1_260' title='bbox 1108 3714 1207 3759; x_wconf 77' lang='grc' dir='ltr'><strong>τῶν</strong></span> <span class='ocrx_word' id='word_1_261' title='bbox 1246 3706 1383 3763; x_wconf 72' lang='grc' dir='ltr'><strong>κατὰ</strong></span> <span class='ocrx_word' id='word_1_262' title='bbox 1408 3708 1628 3761; x_wconf 63' lang='lat' dir='ltr'><strong>nautam</strong></span> <span class='ocrx_word' id='word_1_263' title='bbox 1657 3706 1907 3779; x_wconf 67' lang='grc' dir='ltr'><strong>κρατήρων</strong></span> <span class='ocrx_word' id='word_1_264' title='bbox 1943 3702 2036 3759; x_wconf 69' lang='grc' dir='ltr'><strong>διὰ</strong></span> <span class='ocrx_word' id='word_1_265' title='bbox 2065 3711 2149 3759; x_wconf 84' lang='grc' dir='ltr'><strong>τοῦ</strong></span> <span class='ocrx_word' id='word_1_266' title='bbox 2183 3709 2332 3779; x_wconf 78' lang='grc' dir='ltr'>πυρὸς</span> <span class='ocrx_word' id='word_1_267' title='bbox 2357 3704 2498 3761; x_wconf 70' lang='grc' dir='ltr'>αὐδᾶν</span> 
     </span>
     <span class='ocr_line' id='line_1_32' title="bbox 372 3796 2501 3878; baseline 0.004 -21"><span class='ocrx_word' id='word_1_268' title='bbox 372 3808 529 3877; x_wconf 66' lang='grc' dir='ltr'><strong>ἕτερον</strong></span> <span class='ocrx_word' id='word_1_269' title='bbox 572 3806 607 3863; x_wconf 70' lang='grc' dir='ltr'><strong>ἦ</strong></span> <span class='ocrx_word' id='word_1_270' title='bbox 648 3808 759 3869; x_wconf 77' lang='grc' dir='ltr'><strong>τοὺς</strong></span> <span class='ocrx_word' id='word_1_271' title='bbox 797 3806 981 3861; x_wconf 61' lang='lat' dir='ltr'><strong>{aut-52</strong></span> <span class='ocrx_word' id='word_1_272' title='bbox 1017 3811 1170 3878; x_wconf 72' lang='grc' dir='ltr'>γονεῖς</span> <span class='ocrx_word' id='word_1_273' title='bbox 1210 3808 1560 3875; x_wconf 73' lang='grc' dir='ltr'>βαστάσαντες</span> <span class='ocrx_word' id='word_1_274' title='bbox 1588 3811 1800 3863; x_wconf 66' lang='grc' dir='ltr'><strong>ἔσωσαν.</strong></span> <span class='ocrx_word' id='word_1_275' title='bbox 1845 3799 1924 3862; x_wconf 87' lang='lat' dir='ltr'><strong>In</strong></span> <span class='ocrx_word' id='word_1_276' title='bbox 1974 3796 2227 3863; x_wconf 76' lang='lat' dir='ltr'><strong>decimo</strong></span> <span class='ocrx_word' id='word_1_277' title='bbox 2273 3816 2501 3865; x_wconf 78' lang='lat' dir='ltr'><strong>octavo</strong></span> 
     </span>
     <span class='ocr_line' id='line_1_33' title="bbox 370 3898 2502 3989; baseline 0.002 -28"><span class='ocrx_word' id='word_1_278' title='bbox 370 3898 796 3986; x_wconf 80' lang='lat' dir='ltr'><strong>stylopinacio</strong></span> <span class='ocrx_word' id='word_1_279' title='bbox 826 3898 1219 3986; x_wconf 84' lang='lat' dir='ltr'><strong>sequebatur</strong></span> <span class='ocrx_word' id='word_1_280' title='bbox 1248 3900 1503 3964; x_wconf 79' lang='lat' dir='ltr'><strong>Cleobis</strong></span> <span class='ocrx_word' id='word_1_281' title='bbox 1531 3916 1594 3965; x_wconf 89' lang='lat' dir='ltr'><strong>et</strong></span> <span class='ocrx_word' id='word_1_282' title='bbox 1621 3900 1810 3965; x_wconf 85' lang='lat' dir='ltr'><strong>Biton</strong></span> <span class='ocrx_word' id='word_1_283' title='bbox 1827 3948 1845 3983; x_wconf 92' lang='lat'>,</span> <span class='ocrx_word' id='word_1_284' title='bbox 1876 3898 2055 3987; x_wconf 89' lang='lat' dir='ltr'><strong>quod</strong></span> <span class='ocrx_word' id='word_1_285' title='bbox 2084 3898 2358 3965; x_wconf 84' lang='lat' dir='ltr'><strong>fratrum</strong></span> <span class='ocrx_word' id='word_1_286' title='bbox 2386 3924 2502 3989; x_wconf 84' lang='lat' dir='ltr'><strong>par</strong></span> 
     </span>
     <span class='ocr_line' id='line_1_34' title="bbox 372 3999 2496 4091; baseline 0.002 -28"><span class='ocrx_word' id='word_1_287' title='bbox 372 3999 453 4063; x_wconf 91' lang='lat' dir='ltr'><strong>ab</strong></span> <span class='ocrx_word' id='word_1_288' title='bbox 477 3999 615 4065; x_wconf 86' lang='lat' dir='ltr'><strong>aliis</strong></span> <span class='ocrx_word' id='word_1_289' title='bbox 636 4001 829 4065; x_wconf 86' lang='lat' dir='ltr'><strong>etiam</strong></span> <span class='ocrx_word' id='word_1_290' title='bbox 852 4001 1275 4090; x_wconf 84' lang='lat' dir='ltr'><strong>scriptoribus</strong></span> <span class='ocrx_word' id='word_1_291' title='bbox 1290 4001 1590 4091; x_wconf 80' lang='lat' dir='ltr'><strong>jungitur</strong></span> <span class='ocrx_word' id='word_1_292' title='bbox 1611 4000 2078 4067; x_wconf 65' lang='lat' dir='ltr'><strong>Cannensibus</strong></span> <span class='ocrx_word' id='word_1_293' title='bbox 2095 4047 2113 4082; x_wconf 90' lang='lat'>‚</span> <span class='ocrx_word' id='word_1_294' title='bbox 2132 4016 2209 4063; x_wconf 92' lang='lat' dir='ltr'><strong>ut</strong></span> <span class='ocrx_word' id='word_1_295' title='bbox 2229 4024 2266 4065; x_wconf 91' lang='lat' dir='ltr'><strong>a</strong></span> <span class='ocrx_word' id='word_1_296' title='bbox 2288 4002 2496 4067; x_wconf 86' lang='lat' dir='ltr'><strong>Valer.</strong></span> 
     </span>
     <span class='ocr_line' id='line_1_35' title="bbox 376 4098 2502 4189; baseline 0.002 -25"><span class='ocrx_word' id='word_1_297' title='bbox 376 4098 549 4165; x_wconf 83' lang='lat' dir='ltr'><strong>Max.</strong></span> <span class='ocrx_word' id='word_1_298' title='bbox 600 4118 667 4167; x_wconf 88' lang='lat' dir='ltr'><strong>et</strong></span> <span class='ocrx_word' id='word_1_299' title='bbox 704 4100 963 4189; x_wconf 77' lang='lat' dir='ltr'><strong>Hygino</strong></span> <span class='ocrx_word' id='word_1_300' title='bbox 1004 4101 1068 4167; x_wconf 89' lang='lat'><strong>11.</strong></span> <span class='ocrx_word' id='word_1_301' title='bbox 1110 4126 1203 4169; x_wconf 86' lang='lat' dir='ltr'><strong>cc.</strong></span> <span class='ocrx_word' id='word_1_302' title='bbox 1246 4102 1565 4168; x_wconf 80' lang='lat' dir='ltr'><strong>Referunt</strong></span> <span class='ocrx_word' id='word_1_303' title='bbox 1597 4102 1740 4169; x_wconf 87' lang='lat' dir='ltr'><strong>Nic.</strong></span> <span class='ocrx_word' id='word_1_304' title='bbox 1775 4102 2076 4167; x_wconf 83' lang='lat' dir='ltr'><strong>Heinsius</strong></span> <span class='ocrx_word' id='word_1_305' title='bbox 2112 4100 2178 4163; x_wconf 91' lang='lat' dir='ltr'><strong>in</strong></span> <span class='ocrx_word' id='word_1_306' title='bbox 2214 4102 2386 4169; x_wconf 86' lang='lat' dir='ltr'><strong>notis</strong></span> <span class='ocrx_word' id='word_1_307' title='bbox 2419 4102 2502 4168; x_wconf 88' lang='lat' dir='ltr'><strong>ad</strong></span> 
     </span>
    </p>
   </div>
  </div>
 </body>
</html>
