<?xml version="1.0" encoding="UTF-8"?>
<!DOCTYPE html PUBLIC "-//W3C//DTD XHTML 1.0 Transitional//EN"
    "http://www.w3.org/TR/xhtml1/DTD/xhtml1-transitional.dtd">
<html xmlns="http://www.w3.org/1999/xhtml" xml:lang="en" lang="en">
 <head>
  <title>
</title>
<meta http-equiv="Content-Type" content="text/html;charset=utf-8" />
  <meta name='ocr-system' content='tesseract 3.04.00' />
  <meta name='ocr-capabilities' content='ocr_page ocr_carea ocr_par ocr_line ocrx_word'/>
</head>
<body>
  <div class='ocr_page' id='page_1' title='image "./poetaelatinimin00unkngoog_0058.png"; bbox 0 0 2975 4684; ppageno 0'>
   <div class='ocr_carea' id='block_1_1' title="bbox 781 379 2464 479">
    <p class='ocr_par' dir='ltr' id='par_1_1' title="bbox 781 379 2464 479">
     <span class='ocr_line' id='line_1_1' title="bbox 781 379 2464 479; baseline -0.001 -29"><span class='ocrx_word' id='word_1_1' title='bbox 781 382 1290 451; x_wconf 88' lang='lat' dir='ltr'><strong>CARMINIS</strong></span> <span class='ocrx_word' id='word_1_2' title='bbox 1348 379 1486 449; x_wconf 88' lang='lat' dir='ltr'><strong>AD</strong></span> <span class='ocrx_word' id='word_1_3' title='bbox 1544 380 2023 450; x_wconf 87' lang='lat' dir='ltr'><strong>PISONEM.</strong></span> <span class='ocrx_word' id='word_1_4' title='bbox 2368 386 2464 479; x_wconf 76' lang='lat'><strong>49</strong></span> 
     </span>
    </p>
   </div>
   <div class='ocr_carea' id='block_1_2' title="bbox 334 507 2579 601">
    <p class='ocr_par' dir='ltr' id='par_1_2' title="bbox 334 507 2579 601">
     <span class='ocr_line' id='line_1_2' title="bbox 334 507 2579 601; baseline 0.001 -26"><span class='ocrx_word' id='word_1_5' title='bbox 334 510 464 576; x_wconf 77' lang='lat' dir='ltr'><strong>Sed</strong></span> <span class='ocrx_word' id='word_1_6' title='bbox 495 532 748 574; x_wconf 84' lang='lat' dir='ltr'><strong>merum</strong></span> <span class='ocrx_word' id='word_1_7' title='bbox 777 509 906 575; x_wconf 90' lang='lat' dir='ltr'><strong>hoc</strong></span> <span class='ocrx_word' id='word_1_8' title='bbox 929 513 1246 601; x_wconf 82' lang='lat' dir='ltr'>glossema</span> <span class='ocrx_word' id='word_1_9' title='bbox 1266 526 1365 575; x_wconf 89' lang='lat' dir='ltr'><strong>est</strong></span> <span class='ocrx_word' id='word_1_10' title='bbox 1379 509 1622 573; x_wconf 87' lang='lat' dir='ltr'><strong>librarii</strong></span> <span class='ocrx_word' id='word_1_11' title='bbox 1638 557 1655 591; x_wconf 89' lang='lat'>,</span> <span class='ocrx_word' id='word_1_12' title='bbox 1689 510 1803 596; x_wconf 88' lang='lat' dir='ltr'><strong>qui</strong></span> <span class='ocrx_word' id='word_1_13' title='bbox 1827 507 1957 575; x_wconf 91' lang='lat' dir='ltr'><strong>hoc</strong></span> <span class='ocrx_word' id='word_1_14' title='bbox 1983 510 2463 578; x_wconf 82' lang='lat' dir='ltr'><strong>hemistichium</strong></span> <span class='ocrx_word' id='word_1_15' title='bbox 2569 527 2579 546; x_wconf 71' lang='grc'><em>“</em></span> 
     </span>
    </p>
   </div>
   <div class='ocr_carea' id='block_1_3' title="bbox 334 614 2472 1132">
    <p class='ocr_par' dir='ltr' id='par_1_3' title="bbox 335 614 2469 919">
     <span class='ocr_line' id='line_1_3' title="bbox 335 614 2467 707; baseline 0.001 -27"><span class='ocrx_word' id='word_1_16' title='bbox 335 618 402 680; x_wconf 89' lang='lat' dir='ltr'><strong>in</strong></span> <span class='ocrx_word' id='word_1_17' title='bbox 436 615 570 680; x_wconf 91' lang='lat' dir='ltr'><strong>Ciri</strong></span> <span class='ocrx_word' id='word_1_18' title='bbox 596 616 944 706; x_wconf 85' lang='lat' dir='ltr'><strong>Virgiliana</strong></span> <span class='ocrx_word' id='word_1_19' title='bbox 961 665 979 698; x_wconf 83' lang='lat'>‚</span> <span class='ocrx_word' id='word_1_20' title='bbox 1003 617 1118 680; x_wconf 91' lang='lat' dir='ltr'><strong>ubi</strong></span> <span class='ocrx_word' id='word_1_21' title='bbox 1147 614 1276 701; x_wconf 83' lang='lat'><strong>339</strong></span> <span class='ocrx_word' id='word_1_22' title='bbox 1308 630 1513 678; x_wconf 77' lang='lat' dir='ltr'><strong>exstat</strong></span> <span class='ocrx_word' id='word_1_23' title='bbox 1534 662 1552 694; x_wconf 92' lang='lat'>‚</span> <span class='ocrx_word' id='word_1_24' title='bbox 1588 615 1830 703; x_wconf 81' lang='lat' dir='ltr'><strong>legerat</strong></span> <span class='ocrx_word' id='word_1_25' title='bbox 1848 663 1867 696; x_wconf 92' lang='lat'>‚</span> <span class='ocrx_word' id='word_1_26' title='bbox 1896 633 1965 680; x_wconf 89' lang='lat' dir='ltr'><strong>et</strong></span> <span class='ocrx_word' id='word_1_27' title='bbox 1991 616 2171 704; x_wconf 90' lang='lat' dir='ltr'><strong>quod</strong></span> <span class='ocrx_word' id='word_1_28' title='bbox 2194 639 2467 707; x_wconf 88' lang='lat' dir='ltr'><strong>respon-</strong></span> 
     </span>
     <span class='ocr_line' id='line_1_4' title="bbox 335 721 2469 814; baseline 0.001 -27"><span class='ocrx_word' id='word_1_29' title='bbox 335 722 490 787; x_wconf 85' lang='lat' dir='ltr'><strong>dere</strong></span> <span class='ocrx_word' id='word_1_30' title='bbox 518 723 852 788; x_wconf 67' lang='lat' dir='ltr'><strong>sententiae</strong></span> <span class='ocrx_word' id='word_1_31' title='bbox 879 723 1069 811; x_wconf 87' lang='lat' dir='ltr'><strong>primi</strong></span> <span class='ocrx_word' id='word_1_32' title='bbox 1094 744 1316 786; x_wconf 82' lang='lat' dir='ltr'><strong>versus</strong></span> <span class='ocrx_word' id='word_1_33' title='bbox 1345 721 1732 809; x_wconf 84' lang='lat' dir='ltr'><strong>reperiebat,</strong></span> <span class='ocrx_word' id='word_1_34' title='bbox 1756 722 2179 789; x_wconf 85' lang='lat' dir='ltr'><strong>commodum</strong></span> <span class='ocrx_word' id='word_1_35' title='bbox 2200 726 2469 814; x_wconf 87' lang='lat' dir='ltr'><strong>putabat</strong></span> 
     </span>
     <span class='ocr_line' id='line_1_5' title="bbox 335 828 829 919; baseline 0 -27"><span class='ocrx_word' id='word_1_36' title='bbox 335 828 829 919; x_wconf 81' lang='lat' dir='ltr'><strong>superscribere.</strong></span> 
     </span>
    </p>

    <p class='ocr_par' dir='ltr' id='par_1_4' title="bbox 334 936 2472 1132">
     <span class='ocr_line' id='line_1_6' title="bbox 424 936 2468 1027; baseline 0.002 -28"><span class='ocrx_word' id='word_1_37' title='bbox 424 936 658 1022; x_wconf 88' lang='lat' dir='ltr'><strong>Itaque</strong></span> <span class='ocrx_word' id='word_1_38' title='bbox 689 958 906 1017; x_wconf 87' lang='lat' dir='ltr'><strong>nunc,</strong></span> <span class='ocrx_word' id='word_1_39' title='bbox 942 951 1196 1000; x_wconf 87' lang='lat' dir='ltr'><strong>semoto</strong></span> <span class='ocrx_word' id='word_1_40' title='bbox 1240 937 1539 1016; x_wconf 89' lang='lat' dir='ltr'><strong>Lucan0,</strong></span> <span class='ocrx_word' id='word_1_41' title='bbox 1577 950 1913 1000; x_wconf 85' lang='lat' dir='ltr'><strong>auctorem</strong></span> <span class='ocrx_word' id='word_1_42' title='bbox 1946 937 2335 1027; x_wconf 76' lang='lat' dir='ltr'><strong>panegyrico</strong></span> <span class='ocrx_word' id='word_1_43' title='bbox 2362 939 2468 1003; x_wconf 89' lang='lat' dir='ltr'><strong>Pi·</strong></span> 
     </span>
     <span class='ocr_line' id='line_1_7' title="bbox 334 1035 2472 1132; baseline 0.001 -27"><span class='ocrx_word' id='word_1_44' title='bbox 334 1041 512 1106; x_wconf 88' lang='lat' dir='ltr'><strong>sonis</strong></span> <span class='ocrx_word' id='word_1_45' title='bbox 537 1090 556 1124; x_wconf 86' lang='lat'>,</span> <span class='ocrx_word' id='word_1_46' title='bbox 588 1063 834 1104; x_wconf 78' lang='lat' dir='ltr'><strong>novum</strong></span> <span class='ocrx_word' id='word_1_47' title='bbox 863 1039 1130 1128; x_wconf 89' lang='lat' dir='ltr'><strong>quidem</strong></span> <span class='ocrx_word' id='word_1_48' title='bbox 1167 1057 1234 1105; x_wconf 90' lang='lat' dir='ltr'><strong>et</strong></span> <span class='ocrx_word' id='word_1_49' title='bbox 1262 1035 1478 1105; x_wconf 88' lang='lat' dir='ltr'><strong>adhuc</strong></span> <span class='ocrx_word' id='word_1_50' title='bbox 1511 1041 1919 1130; x_wconf 84' lang='lat' dir='ltr'><strong>incognitum</strong></span> <span class='ocrx_word' id='word_1_51' title='bbox 1939 1091 1958 1125; x_wconf 92' lang='lat'>,</span> <span class='ocrx_word' id='word_1_52' title='bbox 2001 1041 2117 1107; x_wconf 88' lang='lat' dir='ltr'><strong>sed</strong></span> <span class='ocrx_word' id='word_1_53' title='bbox 2140 1043 2291 1107; x_wconf 85' lang='lat' dir='ltr'><strong>satis</strong></span> <span class='ocrx_word' id='word_1_54' title='bbox 2320 1066 2472 1132; x_wconf 86' lang='lat' dir='ltr'><strong>pro-</strong></span> 
     </span>
    </p>
   </div>
   <div class='ocr_carea' id='block_1_4' title="bbox 335 1146 2604 1237">
    <p class='ocr_par' dir='ltr' id='par_1_5' title="bbox 335 1146 2604 1237">
     <span class='ocr_line' id='line_1_8' title="bbox 335 1146 2604 1237; baseline 0.002 -27"><span class='ocrx_word' id='word_1_55' title='bbox 335 1147 616 1211; x_wconf 89' lang='lat' dir='ltr'><strong>babilem</strong></span> <span class='ocrx_word' id='word_1_56' title='bbox 637 1196 656 1230; x_wconf 86' lang='lat'>,</span> <span class='ocrx_word' id='word_1_57' title='bbox 688 1146 970 1211; x_wconf 83' lang='lat' dir='ltr'><strong>Saleium</strong></span> <span class='ocrx_word' id='word_1_58' title='bbox 995 1149 1260 1212; x_wconf 84' lang='lat' dir='ltr'><strong>Bassum</strong></span> <span class='ocrx_word' id='word_1_59' title='bbox 1282 1194 1301 1229; x_wconf 86' lang='lat'>‚</span> <span class='ocrx_word' id='word_1_60' title='bbox 1325 1146 1507 1229; x_wconf 87' lang='lat' dir='ltr'><strong>dedi,</strong></span> <span class='ocrx_word' id='word_1_61' title='bbox 1532 1161 1729 1235; x_wconf 88' lang='lat' dir='ltr'><strong>atque</strong></span> <span class='ocrx_word' id='word_1_62' title='bbox 1760 1147 2274 1237; x_wconf 86' lang='lat' dir='ltr'><strong>iis-argumentis</strong></span> <span class='ocrx_word' id='word_1_63' title='bbox 2310 1173 2471 1214; x_wconf 89' lang='lat' dir='ltr'><strong>con·</strong></span> <span class='ocrx_word' id='word_1_64' title='bbox 2600 1173 2604 1178; x_wconf 76' lang='grc'>’</span> 
     </span>
    </p>
   </div>
   <div class='ocr_carea' id='block_1_5' title="bbox 328 1253 2477 3990">
    <p class='ocr_par' dir='ltr' id='par_1_6' title="bbox 328 1253 2477 3990">
     <span class='ocr_line' id='line_1_9' title="bbox 334 1253 2467 1344; baseline 0 -25"><span class='ocrx_word' id='word_1_65' title='bbox 334 1253 584 1319; x_wconf 82' lang='lat' dir='ltr'><strong>firmavi</strong></span> <span class='ocrx_word' id='word_1_66' title='bbox 604 1303 622 1337; x_wconf 87' lang='lat'><strong>,</strong></span> <span class='ocrx_word' id='word_1_67' title='bbox 661 1271 736 1319; x_wconf 89' lang='lat' dir='ltr'><strong>ut</strong></span> <span class='ocrx_word' id='word_1_68' title='bbox 792 1278 1042 1344; x_wconf 82' lang='lat' dir='ltr'><strong>sperem</strong></span> <span class='ocrx_word' id='word_1_69' title='bbox 1065 1304 1084 1337; x_wconf 91' lang='lat'><strong><em>‚</em></strong></span> <span class='ocrx_word' id='word_1_70' title='bbox 1135 1253 1425 1319; x_wconf 86' lang='lat' dir='ltr'><strong>eruditos</strong></span> <span class='ocrx_word' id='word_1_71' title='bbox 1475 1277 1628 1319; x_wconf 88' lang='lat' dir='ltr'><strong>eum</strong></span> <span class='ocrx_word' id='word_1_72' title='bbox 1678 1255 2069 1343; x_wconf 81' lang='lat' dir='ltr'><strong>probaturos</strong></span> <span class='ocrx_word' id='word_1_73' title='bbox 2116 1257 2427 1344; x_wconf 84' lang='lat' dir='ltr'><strong>tantisper</strong></span> <span class='ocrx_word' id='word_1_74' title='bbox 2448 1305 2467 1340; x_wconf 83' lang='lat'><strong>‚</strong></span> 
     </span>
     <span class='ocr_line' id='line_1_10' title="bbox 335 1359 2471 1450; baseline 0.001 -26"><span class='ocrx_word' id='word_1_75' title='bbox 335 1359 548 1425; x_wconf 89' lang='lat' dir='ltr'><strong>donec</strong></span> <span class='ocrx_word' id='word_1_76' title='bbox 579 1361 739 1424; x_wconf 85' lang='lat' dir='ltr'><strong>alius</strong></span> <span class='ocrx_word' id='word_1_77' title='bbox 766 1361 912 1448; x_wconf 86' lang='lat' dir='ltr'><strong>quis</strong></span> <span class='ocrx_word' id='word_1_78' title='bbox 948 1361 1159 1450; x_wconf 85' lang='lat' dir='ltr'><strong>aptior</strong></span> <span class='ocrx_word' id='word_1_79' title='bbox 1191 1361 1559 1448; x_wconf 88' lang='lat' dir='ltr'><strong>certiorque</strong></span> <span class='ocrx_word' id='word_1_80' title='bbox 1586 1383 1665 1425; x_wconf 81' lang='lat' dir='ltr'><strong>ex</strong></span> <span class='ocrx_word' id='word_1_81' title='bbox 1692 1361 2072 1448; x_wconf 85' lang='lat' dir='ltr'><strong>antiquitate</strong></span> <span class='ocrx_word' id='word_1_82' title='bbox 2090 1363 2471 1450; x_wconf 84' lang='lat' dir='ltr'><strong>reperiatur,</strong></span> 
     </span>
     <span class='ocr_line' id='line_1_11' title="bbox 336 1465 2477 1556; baseline 0.002 -27"><span class='ocrx_word' id='word_1_83' title='bbox 336 1465 516 1555; x_wconf 88' lang='lat' dir='ltr'><strong>quod</strong></span> <span class='ocrx_word' id='word_1_84' title='bbox 556 1468 854 1530; x_wconf 87' lang='lat' dir='ltr'><strong>futurum</strong></span> <span class='ocrx_word' id='word_1_85' title='bbox 881 1489 1017 1530; x_wconf 88' lang='lat' dir='ltr'><strong>non</strong></span> <span class='ocrx_word' id='word_1_86' title='bbox 1056 1485 1241 1554; x_wconf 87' lang='lat' dir='ltr'><strong>puto.</strong></span> <span class='ocrx_word' id='word_1_87' title='bbox 1272 1465 1637 1530; x_wconf 87' lang='lat' dir='ltr'><strong>Dicendum</strong></span> <span class='ocrx_word' id='word_1_88' title='bbox 1660 1489 1842 1530; x_wconf 88' lang='lat' dir='ltr'><strong>nunc</strong></span> <span class='ocrx_word' id='word_1_89' title='bbox 1873 1465 1957 1530; x_wconf 88' lang='lat' dir='ltr'><strong>de</strong></span> <span class='ocrx_word' id='word_1_90' title='bbox 1994 1467 2138 1556; x_wconf 89' lang='lat' dir='ltr'><strong>ipso</strong></span> <span class='ocrx_word' id='word_1_91' title='bbox 2173 1483 2477 1556; x_wconf 88' lang='lat' dir='ltr'><strong>poemate</strong></span> 
     </span>
     <span class='ocr_line' id='line_1_12' title="bbox 335 1561 2474 1662; baseline 0 -26"><span class='ocrx_word' id='word_1_92' title='bbox 335 1572 608 1660; x_wconf 85' lang='lat' dir='ltr'><strong>ejusque</strong></span> <span class='ocrx_word' id='word_1_93' title='bbox 633 1571 1034 1636; x_wconf 88' lang='lat' dir='ltr'><strong>editionibus</strong></span> <span class='ocrx_word' id='word_1_94' title='bbox 1063 1587 1130 1636; x_wconf 91' lang='lat' dir='ltr'><strong>et</strong></span> <span class='ocrx_word' id='word_1_95' title='bbox 1149 1561 1630 1658; x_wconf 78' lang='lat' dir='ltr'><strong>interpretibuS.</strong></span> <span class='ocrx_word' id='word_1_96' title='bbox 1654 1572 1731 1634; x_wconf 89' lang='lat' dir='ltr'><strong>ln</strong></span> <span class='ocrx_word' id='word_1_97' title='bbox 1763 1593 1897 1658; x_wconf 88' lang='lat' dir='ltr'><strong>quo</strong></span> <span class='ocrx_word' id='word_1_98' title='bbox 1922 1573 2145 1659; x_wconf 85' lang='lat' dir='ltr'><strong>paucis</strong></span> <span class='ocrx_word' id='word_1_99' title='bbox 2167 1572 2474 1662; x_wconf 83' lang='lat' dir='ltr'><strong>perfungi</strong></span> 
     </span>
     <span class='ocr_line' id='line_1_13' title="bbox 335 1676 2473 1766; baseline 0 -25"><span class='ocrx_word' id='word_1_100' title='bbox 335 1677 570 1742; x_wconf 88' lang='lat' dir='ltr'><strong>licebit.</strong></span> <span class='ocrx_word' id='word_1_101' title='bbox 617 1677 695 1740; x_wconf 90' lang='lat' dir='ltr'><strong>In</strong></span> <span class='ocrx_word' id='word_1_102' title='bbox 735 1676 1102 1766; x_wconf 79' lang='lat' dir='ltr'><strong>virgilianis</strong></span> <span class='ocrx_word' id='word_1_103' title='bbox 1133 1676 1469 1764; x_wconf 88' lang='lat' dir='ltr'><strong>opusculis&#39;</strong></span> <span class='ocrx_word' id='word_1_104' title='bbox 1496 1691 1561 1739; x_wconf 87' lang='lat' dir='ltr'><strong>et</strong></span> <span class='ocrx_word' id='word_1_105' title='bbox 1592 1677 1929 1740; x_wconf 83' lang='lat' dir='ltr'><strong>Catalectis</strong></span> <span class='ocrx_word' id='word_1_106' title='bbox 1970 1699 2310 1764; x_wconf 88' lang='lat' dir='ltr'><strong>nunquam</strong></span> <span class='ocrx_word' id='word_1_107' title='bbox 2344 1679 2473 1742; x_wconf 92' lang='lat' dir='ltr'><strong>hoc</strong></span> 
     </span>
     <span class='ocr_line' id='line_1_14' title="bbox 335 1780 2473 1872; baseline 0 -25"><span class='ocrx_word' id='word_1_108' title='bbox 335 1805 597 1847; x_wconf 87' lang='lat' dir='ltr'><strong>carmen</strong></span> <span class='ocrx_word' id='word_1_109' title='bbox 623 1831 641 1864; x_wconf 90' lang='lat'>,</span> <span class='ocrx_word' id='word_1_110' title='bbox 679 1797 997 1870; x_wconf 89' lang='lat' dir='ltr'><strong>quantum</strong></span> <span class='ocrx_word' id='word_1_111' title='bbox 1028 1780 1333 1868; x_wconf 84' lang='lat' dir='ltr'><strong>equidem</strong></span> <span class='ocrx_word' id='word_1_112' title='bbox 1365 1781 1539 1862; x_wconf 85' lang='lat' dir='ltr'><strong>scio,</strong></span> <span class='ocrx_word' id='word_1_113' title='bbox 1572 1780 1821 1846; x_wconf 88' lang='lat' dir='ltr'><strong>editum</strong></span> <span class='ocrx_word' id='word_1_114' title='bbox 1850 1797 1981 1861; x_wconf 80' lang='lat' dir='ltr'><strong>est3</strong></span> <span class='ocrx_word' id='word_1_115' title='bbox 2020 1805 2176 1864; x_wconf 85' lang='lat' dir='ltr'><strong>nec,</strong></span> <span class='ocrx_word' id='word_1_116' title='bbox 2210 1783 2323 1870; x_wconf 90' lang='lat' dir='ltr'><strong>qui</strong></span> <span class='ocrx_word' id='word_1_117' title='bbox 2348 1785 2473 1872; x_wconf 87' lang='lat' dir='ltr'><strong>pri-</strong></span> 
     </span>
     <span class='ocr_line' id='line_1_15' title="bbox 335 1885 2474 1976; baseline 0 -24"><span class='ocrx_word' id='word_1_118' title='bbox 335 1911 484 1953; x_wconf 84' lang='lat' dir='ltr'><strong>mus</strong></span> <span class='ocrx_word' id='word_1_119' title='bbox 525 1889 593 1950; x_wconf 89' lang='lat' dir='ltr'><strong>in</strong></span> <span class='ocrx_word' id='word_1_120' title='bbox 623 1888 834 1952; x_wconf 88' lang='lat' dir='ltr'><strong>lucem</strong></span> <span class='ocrx_word' id='word_1_121' title='bbox 867 1885 1212 1975; x_wconf 87' lang='lat' dir='ltr'><strong>protulerit</strong></span> <span class='ocrx_word' id='word_1_122' title='bbox 1233 1934 1250 1967; x_wconf 92' lang='lat'>,</span> <span class='ocrx_word' id='word_1_123' title='bbox 1288 1901 1693 1975; x_wconf 89' lang='lat' dir='ltr'><strong>compertum</strong></span> <span class='ocrx_word' id='word_1_124' title='bbox 1730 1886 1965 1950; x_wconf 90' lang='lat' dir='ltr'><strong>habe0.</strong></span> <span class='ocrx_word' id='word_1_125' title='bbox 1996 1889 2073 1951; x_wconf 89' lang='lat' dir='ltr'><strong>In</strong></span> <span class='ocrx_word' id='word_1_126' title='bbox 2097 1887 2474 1976; x_wconf 88' lang='lat' dir='ltr'><strong>Appendice</strong></span> 
     </span>
     <span class='ocr_line' id='line_1_16' title="bbox 337 1989 2467 2085; baseline 0 -27"><span class='ocrx_word' id='word_1_127' title='bbox 337 1995 686 2085; x_wconf 83' lang='lat' dir='ltr'><strong>Virgiliana</strong></span> <span class='ocrx_word' id='word_1_128' title='bbox 714 2009 863 2082; x_wconf 87' lang='lat' dir='ltr'><strong>post</strong></span> <span class='ocrx_word' id='word_1_129' title='bbox 904 1993 1225 2058; x_wconf 87' lang='lat' dir='ltr'><strong>Catalecta</strong></span> <span class='ocrx_word' id='word_1_130' title='bbox 1265 1989 1445 2056; x_wconf 89' lang='lat' dir='ltr'><strong>dedit</strong></span> <span class='ocrx_word' id='word_1_131' title='bbox 1476 1993 1606 2056; x_wconf 86' lang='lat' dir='ltr'><strong>Jos.</strong></span> <span class='ocrx_word' id='word_1_132' title='bbox 1640 1991 1940 2082; x_wconf 85' lang='lat' dir='ltr'><strong>Scaliger,</strong></span> <span class='ocrx_word' id='word_1_133' title='bbox 1988 2015 2051 2081; x_wconf 86' lang='lat' dir='ltr'><strong>p.</strong></span> <span class='ocrx_word' id='word_1_134' title='bbox 2095 2016 2120 2057; x_wconf 91' lang='lat'>1</span> <span class='ocrx_word' id='word_1_135' title='bbox 2140 1994 2251 2074; x_wconf 79' lang='lat'><strong>163</strong></span> <span class='ocrx_word' id='word_1_136' title='bbox 2294 1995 2467 2060; x_wconf 89' lang='lat' dir='ltr'><strong>Petr.</strong></span> 
     </span>
     <span class='ocr_line' id='line_1_17' title="bbox 339 2097 2471 2187; baseline 0 -22"><span class='ocrx_word' id='word_1_137' title='bbox 339 2101 630 2166; x_wconf 86' lang='lat' dir='ltr'><strong>Pithoeus</strong></span> <span class='ocrx_word' id='word_1_138' title='bbox 667 2101 838 2163; x_wconf 88' lang='lat' dir='ltr'><strong>inter</strong></span> <span class='ocrx_word' id='word_1_139' title='bbox 855 2099 1072 2164; x_wconf 87' lang='lat' dir='ltr'><strong>Veter.</strong></span> <span class='ocrx_word' id='word_1_140' title='bbox 1103 2120 1316 2187; x_wconf 89' lang='lat' dir='ltr'><strong>poem.</strong></span> <span class='ocrx_word' id='word_1_141' title='bbox 1351 2121 1414 2186; x_wconf 91' lang='lat' dir='ltr'><strong>p.</strong></span> <span class='ocrx_word' id='word_1_142' title='bbox 1457 2098 1603 2163; x_wconf 83' lang='lat'><strong>260.</strong></span> <span class='ocrx_word' id='word_1_143' title='bbox 1641 2097 2008 2162; x_wconf 86' lang='lat' dir='ltr'><strong>Hadrianus</strong></span> <span class='ocrx_word' id='word_1_144' title='bbox 2036 2100 2269 2164; x_wconf 79' lang='lat' dir='ltr'><strong>Iunius</strong></span> <span class='ocrx_word' id='word_1_145' title='bbox 2300 2101 2471 2165; x_wconf 87' lang='lat' dir='ltr'><strong>inte·</strong></span> 
     </span>
     <span class='ocr_line' id='line_1_18' title="bbox 335 2202 2472 2297; baseline 0 -27"><span class='ocrx_word' id='word_1_146' title='bbox 335 2229 526 2297; x_wconf 87' lang='lat' dir='ltr'><strong>grum</strong></span> <span class='ocrx_word' id='word_1_147' title='bbox 557 2222 623 2271; x_wconf 91' lang='lat' dir='ltr'><strong>et</strong></span> <span class='ocrx_word' id='word_1_148' title='bbox 655 2204 1070 2270; x_wconf 87' lang='lat' dir='ltr'><strong>emendatum</strong></span> <span class='ocrx_word' id='word_1_149' title='bbox 1093 2202 1368 2266; x_wconf 86' lang='lat' dir='ltr'><strong>inseruit</strong></span> <span class='ocrx_word' id='word_1_150' title='bbox 1382 2202 2069 2268; x_wconf 83' lang='lat' dir='ltr'><strong>Animadversionibus</strong></span> <span class='ocrx_word' id='word_1_151' title='bbox 2102 2205 2284 2269; x_wconf 88' lang='lat' dir='ltr'><strong>Basil.</strong></span> <span class='ocrx_word' id='word_1_152' title='bbox 2306 2204 2472 2272; x_wconf 86' lang='lat'>1556</span> 
     </span>
     <span class='ocr_line' id='line_1_19' title="bbox 335 2307 2473 2398; baseline 0 -22"><span class='ocrx_word' id='word_1_153' title='bbox 335 2311 560 2392; x_wconf 85' lang='lat' dir='ltr'><strong>editis,</strong></span> <span class='ocrx_word' id='word_1_154' title='bbox 599 2310 714 2374; x_wconf 91' lang='lat' dir='ltr'><strong>lib.</strong></span> <span class='ocrx_word' id='word_1_155' title='bbox 737 2309 862 2391; x_wconf 78' lang='lat' dir='ltr'><strong>vl,</strong></span> <span class='ocrx_word' id='word_1_156' title='bbox 906 2332 1044 2398; x_wconf 86' lang='lat' dir='ltr'><strong>cap.</strong></span> <span class='ocrx_word' id='word_1_157' title='bbox 1081 2332 1136 2372; x_wconf 93' lang='lat'><strong>1.</strong></span> <span class='ocrx_word' id='word_1_158' title='bbox 1169 2307 1292 2372; x_wconf 90' lang='lat' dir='ltr'><strong>Alii</strong></span> <span class='ocrx_word' id='word_1_159' title='bbox 1321 2307 1716 2372; x_wconf 88' lang='lat' dir='ltr'><strong>editionibus</strong></span> <span class='ocrx_word' id='word_1_160' title='bbox 1742 2308 1958 2372; x_wconf 82' lang='lat' dir='ltr'><strong>Ovidii</strong></span> <span class='ocrx_word' id='word_1_161' title='bbox 1984 2325 2049 2374; x_wconf 88' lang='lat' dir='ltr'><strong>et</strong></span> <span class='ocrx_word' id='word_1_162' title='bbox 2076 2312 2321 2376; x_wconf 90' lang='lat' dir='ltr'><strong>Lucani</strong></span> <span class='ocrx_word' id='word_1_163' title='bbox 2360 2312 2473 2377; x_wconf 89' lang='lat' dir='ltr'><strong>ad-</strong></span> 
     </span>
     <span class='ocr_line' id='line_1_20' title="bbox 329 2412 2470 2502; baseline 0.001 -20"><span class='ocrx_word' id='word_1_164' title='bbox 329 2418 719 2500; x_wconf 76' lang='lat' dir='ltr'><strong>junxerunt,</strong></span> <span class='ocrx_word' id='word_1_165' title='bbox 757 2433 836 2480; x_wconf 89' lang='lat' dir='ltr'><strong>ut</strong></span> <span class='ocrx_word' id='word_1_166' title='bbox 876 2418 1004 2481; x_wconf 85' lang='lat' dir='ltr'><strong>Jac.</strong></span> <span class='ocrx_word' id='word_1_167' title='bbox 1039 2414 1350 2502; x_wconf 81' lang='lat' dir='ltr'><strong>Micyllus.</strong></span> <span class='ocrx_word' id='word_1_168' title='bbox 1390 2412 1607 2478; x_wconf 87' lang='lat' dir='ltr'><strong>Ovidii</strong></span> <span class='ocrx_word' id='word_1_169' title='bbox 1656 2436 1833 2501; x_wconf 85' lang='lat' dir='ltr'><strong>oper.</strong></span> <span class='ocrx_word' id='word_1_170' title='bbox 1874 2417 2235 2500; x_wconf 84' lang='lat' dir='ltr'><strong>amatoriis,</strong></span> <span class='ocrx_word' id='word_1_171' title='bbox 2284 2419 2470 2485; x_wconf 86' lang='lat' dir='ltr'><strong>Basil.</strong></span> 
     </span>
     <span class='ocr_line' id='line_1_21' title="bbox 342 2518 2470 2611; baseline 0 -21"><span class='ocrx_word' id='word_1_172' title='bbox 342 2523 510 2611; x_wconf 74' lang='lat'><strong>1549</strong></span> <span class='ocrx_word' id='word_1_173' title='bbox 539 2572 556 2605; x_wconf 92' lang='lat'>,</span> <span class='ocrx_word' id='word_1_174' title='bbox 609 2523 724 2586; x_wconf 84' lang='lat' dir='ltr'><strong>fol.</strong></span> <span class='ocrx_word' id='word_1_175' title='bbox 779 2537 846 2586; x_wconf 87' lang='lat' dir='ltr'><strong>et</strong></span> <span class='ocrx_word' id='word_1_176' title='bbox 893 2519 1193 2584; x_wconf 85' lang='lat' dir='ltr'><strong>Francof.</strong></span> <span class='ocrx_word' id='word_1_177' title='bbox 1248 2518 1455 2605; x_wconf 87' lang='lat'>1599,</span> <span class='ocrx_word' id='word_1_178' title='bbox 1501 2519 1676 2600; x_wconf 88' lang='lat' dir='ltr'><strong>in-8-;</strong></span> <span class='ocrx_word' id='word_1_179' title='bbox 1715 2519 1985 2608; x_wconf 85' lang='lat' dir='ltr'><strong>Gregor.</strong></span> <span class='ocrx_word' id='word_1_180' title='bbox 2038 2523 2470 2592; x_wconf 85' lang='lat' dir='ltr'><strong>Bersmannus</strong></span> 
     </span>
     <span class='ocr_line' id='line_1_22' title="bbox 334 2624 2468 2716; baseline 0 -20"><span class='ocrx_word' id='word_1_181' title='bbox 334 2628 608 2711; x_wconf 80' lang='lat' dir='ltr'><strong>Ovidio,</strong></span> <span class='ocrx_word' id='word_1_182' title='bbox 647 2629 824 2716; x_wconf 88' lang='lat' dir='ltr'><strong>Lips.</strong></span> <span class='ocrx_word' id='word_1_183' title='bbox 857 2627 1056 2707; x_wconf 84' lang='lat'>1620,</span> <span class='ocrx_word' id='word_1_184' title='bbox 1091 2625 1382 2712; x_wconf 88' lang='lat' dir='ltr'><strong>itemque</strong></span> <span class='ocrx_word' id='word_1_185' title='bbox 1411 2624 1674 2688; x_wconf 88' lang='lat' dir='ltr'><strong>Lucano</strong></span> <span class='ocrx_word' id='word_1_186' title='bbox 1697 2672 1716 2706; x_wconf 86' lang='lat'>‚</span> <span class='ocrx_word' id='word_1_187' title='bbox 1744 2625 1915 2713; x_wconf 90' lang='lat' dir='ltr'><strong>Lips.</strong></span> <span class='ocrx_word' id='word_1_188' title='bbox 1968 2624 2175 2714; x_wconf 80' lang='lat'>15893</span> <span class='ocrx_word' id='word_1_189' title='bbox 2203 2630 2468 2696; x_wconf 82' lang='lat' dir='ltr'><strong>Lucano</strong></span> 
     </span>
     <span class='ocr_line' id='line_1_23' title="bbox 333 2727 2466 2820; baseline -0.005 -18"><span class='ocrx_word' id='word_1_190' title='bbox 333 2737 531 2802; x_wconf 86' lang='lat' dir='ltr'><strong>etiam</strong></span> <span class='ocrx_word' id='word_1_191' title='bbox 565 2732 818 2798; x_wconf 85' lang='lat' dir='ltr'><strong>Theod.</strong></span> <span class='ocrx_word' id='word_1_192' title='bbox 859 2732 1299 2813; x_wconf 89' lang='lat' dir='ltr'><strong>Pulmannus,</strong></span> <span class='ocrx_word' id='word_1_193' title='bbox 1325 2731 1655 2818; x_wconf 86' lang='lat' dir='ltr'><strong>Antwerp.</strong></span> <span class='ocrx_word' id='word_1_194' title='bbox 1708 2727 1912 2818; x_wconf 83' lang='lat'>1576,</span> <span class='ocrx_word' id='word_1_195' title='bbox 1947 2747 2013 2794; x_wconf 90' lang='lat' dir='ltr'><strong>et</strong></span> <span class='ocrx_word' id='word_1_196' title='bbox 2054 2733 2466 2820; x_wconf 79' lang='lat' dir='ltr'><strong>1592‚in-83</strong></span> 
     </span>
     <span class='ocr_line' id='line_1_24' title="bbox 334 2834 2465 2927; baseline -0 -19"><span class='ocrx_word' id='word_1_197' title='bbox 334 2845 494 2908; x_wconf 89' lang='lat' dir='ltr'><strong>item</strong></span> <span class='ocrx_word' id='word_1_198' title='bbox 529 2840 731 2906; x_wconf 90' lang='lat' dir='ltr'><strong>Gottl.</strong></span> <span class='ocrx_word' id='word_1_199' title='bbox 767 2839 1027 2902; x_wconf 86' lang='lat' dir='ltr'><strong>Cortius</strong></span> <span class='ocrx_word' id='word_1_200' title='bbox 1049 2885 1068 2918; x_wconf 89' lang='lat'>,</span> <span class='ocrx_word' id='word_1_201' title='bbox 1106 2837 1278 2925; x_wconf 90' lang='lat' dir='ltr'><strong>Lips.</strong></span> <span class='ocrx_word' id='word_1_202' title='bbox 1325 2834 1494 2923; x_wconf 80' lang='lat'><em>1726</em></span> <span class='ocrx_word' id='word_1_203' title='bbox 1527 2882 1546 2914; x_wconf 89' lang='lat'>,</span> <span class='ocrx_word' id='word_1_204' title='bbox 1582 2835 1749 2901; x_wconf 89' lang='lat' dir='ltr'><strong>in-8.</strong></span> <span class='ocrx_word' id='word_1_205' title='bbox 1792 2836 1869 2900; x_wconf 89' lang='lat' dir='ltr'><strong>In</strong></span> <span class='ocrx_word' id='word_1_206' title='bbox 1915 2837 2224 2927; x_wconf 87' lang='lat' dir='ltr'><strong>singulari</strong></span> <span class='ocrx_word' id='word_1_207' title='bbox 2269 2844 2465 2907; x_wconf 88' lang='lat' dir='ltr'><strong>colle-</strong></span> 
     </span>
     <span class='ocr_line' id='line_1_25' title="bbox 333 2940 2466 3037; baseline -0.007 -23"><span class='ocrx_word' id='word_1_208' title='bbox 333 2949 554 3014; x_wconf 88' lang='lat' dir='ltr'><strong>ctione</strong></span> <span class='ocrx_word' id='word_1_209' title='bbox 611 2961 954 3034; x_wconf 86' lang='lat' dir='ltr'><strong>poetarum</strong></span> <span class='ocrx_word' id='word_1_210' title='bbox 1011 2940 1444 3031; x_wconf 88' lang='lat' dir='ltr'><strong>quorumdam</strong></span> <span class='ocrx_word' id='word_1_211' title='bbox 1507 2940 1837 3005; x_wconf 88' lang='lat' dir='ltr'><strong>minorum</strong></span> <span class='ocrx_word' id='word_1_212' title='bbox 1887 2942 2131 3034; x_wconf 83' lang='lat' dir='ltr'><strong>Lucani</strong></span> <span class='ocrx_word' id='word_1_213' title='bbox 2182 2967 2466 3037; x_wconf 75' lang='lat' dir='ltr'><strong>panegy-</strong></span> 
     </span>
     <span class='ocr_line' id='line_1_26' title="bbox 331 3048 2465 3138; baseline 0 -20"><span class='ocrx_word' id='word_1_214' title='bbox 331 3056 544 3119; x_wconf 88' lang='lat' dir='ltr'><strong>ricum</strong></span> <span class='ocrx_word' id='word_1_215' title='bbox 581 3053 648 3116; x_wconf 91' lang='lat' dir='ltr'><strong>in</strong></span> <span class='ocrx_word' id='word_1_216' title='bbox 673 3051 975 3116; x_wconf 87' lang='lat' dir='ltr'><strong>Pisonem</strong></span> <span class='ocrx_word' id='word_1_217' title='bbox 1018 3048 1266 3113; x_wconf 85' lang='lat' dir='ltr'><strong>editum</strong></span> <span class='ocrx_word' id='word_1_218' title='bbox 1305 3063 1403 3112; x_wconf 89' lang='lat' dir='ltr'><strong>est</strong></span> <span class='ocrx_word' id='word_1_219' title='bbox 1430 3070 1581 3112; x_wconf 89' lang='lat' dir='ltr'><strong>cum</strong></span> <span class='ocrx_word' id='word_1_220' title='bbox 1615 3049 1849 3112; x_wconf 88' lang='lat' dir='ltr'><strong>Darete</strong></span> <span class='ocrx_word' id='word_1_221' title='bbox 1877 3048 2163 3138; x_wconf 83' lang='lat' dir='ltr'><strong>Phrygio</strong></span> <span class='ocrx_word' id='word_1_222' title='bbox 2188 3048 2269 3114; x_wconf 88' lang='lat' dir='ltr'><strong>de</strong></span> <span class='ocrx_word' id='word_1_223' title='bbox 2292 3053 2465 3118; x_wconf 91' lang='lat' dir='ltr'><strong>bello</strong></span> 
     </span>
     <span class='ocr_line' id='line_1_27' title="bbox 329 3154 2467 3249; baseline 0 -23"><span class='ocrx_word' id='word_1_224' title='bbox 329 3159 650 3242; x_wconf 85' lang='lat' dir='ltr'><strong>Trojano,</strong></span> <span class='ocrx_word' id='word_1_225' title='bbox 669 3157 871 3222; x_wconf 86' lang='lat' dir='ltr'><strong>Gratii</strong></span> <span class='ocrx_word' id='word_1_226' title='bbox 902 3172 968 3221; x_wconf 88' lang='lat' dir='ltr'><strong>et</strong></span> <span class='ocrx_word' id='word_1_227' title='bbox 1000 3154 1287 3244; x_wconf 80' lang='lat' dir='ltr'><strong>Olympii</strong></span> <span class='ocrx_word' id='word_1_228' title='bbox 1315 3155 1743 3245; x_wconf 78' lang='lat' dir='ltr'><strong>Cynegeticis‚</strong></span> <span class='ocrx_word' id='word_1_229' title='bbox 1761 3155 1992 3218; x_wconf 84' lang='lat' dir='ltr'><strong>Avieni</strong></span> <span class='ocrx_word' id='word_1_230' title='bbox 2019 3157 2467 3249; x_wconf 87' lang='lat' dir='ltr'><strong>Descriptione</strong></span> 
     </span>
     <span class='ocr_line' id='line_1_28' title="bbox 331 3259 2465 3353; baseline -0 -21"><span class='ocrx_word' id='word_1_231' title='bbox 331 3267 510 3332; x_wconf 84' lang='lat' dir='ltr'><strong>orbis</strong></span> <span class='ocrx_word' id='word_1_232' title='bbox 536 3316 554 3351; x_wconf 87' lang='lat'>,</span> <span class='ocrx_word' id='word_1_233' title='bbox 618 3262 905 3352; x_wconf 78' lang='lat' dir='ltr'><strong>Olympii</strong></span> <span class='ocrx_word' id='word_1_234' title='bbox 961 3278 1026 3324; x_wconf 89' lang='lat' dir='ltr'><strong>et</strong></span> <span class='ocrx_word' id='word_1_235' title='bbox 1072 3260 1406 3348; x_wconf 87' lang='lat' dir='ltr'><strong>Calpurnii</strong></span> <span class='ocrx_word' id='word_1_236' title='bbox 1449 3259 1765 3324; x_wconf 91' lang='lat' dir='ltr'><strong>Bucolicis</strong></span> <span class='ocrx_word' id='word_1_237' title='bbox 1788 3308 1805 3342; x_wconf 90' lang='lat'>,</span> <span class='ocrx_word' id='word_1_238' title='bbox 1860 3262 2241 3351; x_wconf 77' lang='lat' dir='ltr'><strong>Antwerpioe</strong></span> <span class='ocrx_word' id='word_1_239' title='bbox 2288 3267 2465 3353; x_wconf 89' lang='lat' dir='ltr'><strong>apud</strong></span> 
     </span>
     <span class='ocr_line' id='line_1_29' title="bbox 333 3364 2467 3460; baseline -0.002 -19"><span class='ocrx_word' id='word_1_240' title='bbox 333 3373 554 3441; x_wconf 86' lang='lat' dir='ltr'><strong>Joach.</strong></span> <span class='ocrx_word' id='word_1_241' title='bbox 592 3369 1040 3460; x_wconf 83' lang='lat' dir='ltr'><strong>Trognaesium</strong></span> <span class='ocrx_word' id='word_1_242' title='bbox 1059 3416 1076 3450; x_wconf 90' lang='lat'>,</span> <span class='ocrx_word' id='word_1_243' title='bbox 1112 3367 1276 3432; x_wconf 89' lang='lat'>1608</span> <span class='ocrx_word' id='word_1_244' title='bbox 1295 3415 1312 3450; x_wconf 89' lang='lat'><strong>,</strong></span> <span class='ocrx_word' id='word_1_245' title='bbox 1337 3364 1509 3430; x_wconf 84' lang='lat' dir='ltr'><strong>in-8.</strong></span> <span class='ocrx_word' id='word_1_246' title='bbox 1542 3367 1640 3430; x_wconf 81' lang='lat' dir='ltr'><strong>Ex</strong></span> <span class='ocrx_word' id='word_1_247' title='bbox 1658 3365 1899 3454; x_wconf 81' lang='lat' dir='ltr'><strong>Micylli</strong></span> <span class='ocrx_word' id='word_1_248' title='bbox 1921 3369 2298 3435; x_wconf 88' lang='lat' dir='ltr'><strong>recensione</strong></span> <span class='ocrx_word' id='word_1_249' title='bbox 2316 3394 2467 3459; x_wconf 89' lang='lat' dir='ltr'><strong>pro-</strong></span> 
     </span>
     <span class='ocr_line' id='line_1_30' title="bbox 333 3472 2460 3567; baseline -0.001 -22"><span class='ocrx_word' id='word_1_250' title='bbox 333 3482 453 3546; x_wconf 91' lang='lat' dir='ltr'><strong>diit</strong></span> <span class='ocrx_word' id='word_1_251' title='bbox 467 3481 640 3542; x_wconf 90' lang='lat' dir='ltr'><strong>inter</strong></span> <span class='ocrx_word' id='word_1_252' title='bbox 661 3477 970 3540; x_wconf 85' lang='lat' dir='ltr'><strong>Veterum</strong></span> <span class='ocrx_word' id='word_1_253' title='bbox 995 3489 1337 3562; x_wconf 88' lang='lat' dir='ltr'><strong>poetarum</strong></span> <span class='ocrx_word' id='word_1_254' title='bbox 1365 3472 1667 3536; x_wconf 85' lang='lat' dir='ltr'><strong>Carmina</strong></span> <span class='ocrx_word' id='word_1_255' title='bbox 1695 3473 1961 3566; x_wconf 74' lang='lat' dir='ltr'><strong>selecta,</strong></span> <span class='ocrx_word' id='word_1_256' title='bbox 1996 3473 2223 3539; x_wconf 84' lang='lat' dir='ltr'><strong>Colon.</strong></span> <span class='ocrx_word' id='word_1_257' title='bbox 2239 3478 2460 3567; x_wconf 82' lang='lat' dir='ltr'><strong>Agrip.</strong></span> 
     </span>
     <span class='ocr_line' id='line_1_31' title="bbox 339 3578 2461 3673; baseline -0 -24"><span class='ocrx_word' id='word_1_258' title='bbox 339 3585 542 3673; x_wconf 86' lang='lat'><strong>1596,</strong></span> <span class='ocrx_word' id='word_1_259' title='bbox 597 3585 788 3647; x_wconf 69' lang='lat' dir='ltr'><strong>iri-12</strong></span> <span class='ocrx_word' id='word_1_260' title='bbox 813 3631 831 3664; x_wconf 86' lang='lat'>,</span> <span class='ocrx_word' id='word_1_261' title='bbox 883 3597 948 3645; x_wconf 84' lang='lat' dir='ltr'><strong>et</strong></span> <span class='ocrx_word' id='word_1_262' title='bbox 997 3580 1120 3644; x_wconf 91' lang='lat' dir='ltr'><strong>sub</strong></span> <span class='ocrx_word' id='word_1_263' title='bbox 1152 3579 1396 3644; x_wconf 90' lang='lat' dir='ltr'><strong>Lucani</strong></span> <span class='ocrx_word' id='word_1_264' title='bbox 1441 3578 1709 3642; x_wconf 85' lang='lat' dir='ltr'><strong>nomine</strong></span> <span class='ocrx_word' id='word_1_265' title='bbox 1745 3578 1813 3641; x_wconf 90' lang='lat' dir='ltr'><strong>in</strong></span> <span class='ocrx_word' id='word_1_266' title='bbox 1845 3581 2135 3667; x_wconf 87' lang='lat' dir='ltr'><strong>Corpore</strong></span> <span class='ocrx_word' id='word_1_267' title='bbox 2164 3583 2461 3648; x_wconf 89' lang='lat' dir='ltr'><strong>omnium</strong></span> 
     </span>
     <span class='ocr_line' id='line_1_32' title="bbox 329 3683 2463 3777; baseline -0.002 -19"><span class='ocrx_word' id='word_1_268' title='bbox 329 3709 626 3758; x_wconf 78' lang='lat' dir='ltr'><strong>veterum</strong></span> <span class='ocrx_word' id='word_1_269' title='bbox 659 3704 999 3777; x_wconf 76' lang='lat' dir='ltr'><strong>poetarum</strong></span> <span class='ocrx_word' id='word_1_270' title='bbox 1031 3686 1236 3750; x_wconf 87' lang='lat' dir='ltr'><strong>Latin.</strong></span> <span class='ocrx_word' id='word_1_271' title='bbox 1261 3685 1480 3748; x_wconf 87' lang='lat' dir='ltr'><strong>Aurel.</strong></span> <span class='ocrx_word' id='word_1_272' title='bbox 1521 3683 1847 3773; x_wconf 88' lang='lat' dir='ltr'><strong>Allobrog.</strong></span> <span class='ocrx_word' id='word_1_273' title='bbox 1886 3683 2001 3748; x_wconf 90' lang='lat'><strong>161</strong></span> <span class='ocrx_word' id='word_1_274' title='bbox 2021 3708 2045 3747; x_wconf 87' lang='lat'>1</span> <span class='ocrx_word' id='word_1_275' title='bbox 2074 3732 2091 3765; x_wconf 89' lang='lat'>‚</span> <span class='ocrx_word' id='word_1_276' title='bbox 2124 3686 2307 3769; x_wconf 72' lang='lat' dir='ltr'><strong>in·4;</strong></span> <span class='ocrx_word' id='word_1_277' title='bbox 2346 3688 2463 3753; x_wconf 90' lang='lat' dir='ltr'><strong>de-</strong></span> 
     </span>
     <span class='ocr_line' id='line_1_33' title="bbox 330 3790 2460 3888; baseline -0.002 -23"><span class='ocrx_word' id='word_1_278' title='bbox 330 3801 535 3888; x_wconf 87' lang='lat' dir='ltr'><strong>nique</strong></span> <span class='ocrx_word' id='word_1_279' title='bbox 559 3795 764 3861; x_wconf 80' lang='lat' dir='ltr'><strong>Mich.</strong></span> <span class='ocrx_word' id='word_1_280' title='bbox 784 3793 1143 3858; x_wconf 89' lang='lat' dir='ltr'><strong>Maittarius</strong></span> <span class='ocrx_word' id='word_1_281' title='bbox 1181 3792 1355 3854; x_wconf 90' lang='lat' dir='ltr'><strong>inter</strong></span> <span class='ocrx_word' id='word_1_282' title='bbox 1382 3790 1599 3878; x_wconf 87' lang='lat' dir='ltr'><strong>Opera</strong></span> <span class='ocrx_word' id='word_1_283' title='bbox 1630 3803 1701 3854; x_wconf 81' lang='lat' dir='ltr'><strong>et</strong></span> <span class='ocrx_word' id='word_1_284' title='bbox 1728 3790 2085 3880; x_wconf 88' lang='lat' dir='ltr'><strong>fragmenta</strong></span> <span class='ocrx_word' id='word_1_285' title='bbox 2127 3807 2253 3856; x_wconf 85' lang='lat' dir='ltr'><strong>vet.</strong></span> <span class='ocrx_word' id='word_1_286' title='bbox 2287 3811 2460 3882; x_wconf 87' lang='lat' dir='ltr'><strong>poet.</strong></span> 
     </span>
     <span class='ocr_line' id='line_1_34' title="bbox 328 3895 2462 3990; baseline -0.003 -20"><span class='ocrx_word' id='word_1_287' title='bbox 328 3906 455 3972; x_wconf 80' lang='lat' dir='ltr'><strong>vol.</strong></span> <span class='ocrx_word' id='word_1_288' title='bbox 482 3905 548 3968; x_wconf 92' lang='lat' dir='ltr'><strong>II</strong></span> <span class='ocrx_word' id='word_1_289' title='bbox 565 3952 584 3985; x_wconf 92' lang='lat'>‚</span> <span class='ocrx_word' id='word_1_290' title='bbox 614 3926 679 3990; x_wconf 89' lang='lat' dir='ltr'><strong>p.</strong></span> <span class='ocrx_word' id='word_1_291' title='bbox 706 3898 904 3986; x_wconf 81' lang='lat'><strong>1590,</strong></span> <span class='ocrx_word' id='word_1_292' title='bbox 938 3897 1178 3962; x_wconf 84' lang='lat' dir='ltr'><strong>retulit.</strong></span> <span class='ocrx_word' id='word_1_293' title='bbox 1207 3897 1282 3959; x_wconf 90' lang='lat' dir='ltr'><strong>In</strong></span> <span class='ocrx_word' id='word_1_294' title='bbox 1308 3895 1703 3960; x_wconf 87' lang='lat' dir='ltr'><strong>Collectione</strong></span> <span class='ocrx_word' id='word_1_295' title='bbox 1729 3895 2089 3959; x_wconf 87' lang='lat' dir='ltr'><strong>Pisaurensi</strong></span> <span class='ocrx_word' id='word_1_296' title='bbox 2121 3914 2462 3986; x_wconf 88' lang='lat' dir='ltr'><strong>poetarum</strong></span> 
     </span>
    </p>
   </div>
   <div class='ocr_carea' id='block_1_6' title="bbox 213 4001 2463 4090">
    <p class='ocr_par' dir='ltr' id='par_1_7' title="bbox 213 4001 2463 4090">
     <span class='ocr_line' id='line_1_35' title="bbox 213 4001 2463 4090; baseline -0.004 -12"><span class='ocrx_word' id='word_1_297' title='bbox 213 4073 218 4078; x_wconf 90' lang='lat'><strong>.</strong></span> <span class='ocrx_word' id='word_1_298' title='bbox 329 4011 630 4076; x_wconf 90' lang='lat' dir='ltr'><strong>omnium</strong></span> <span class='ocrx_word' id='word_1_299' title='bbox 653 4020 858 4071; x_wconf 82' lang='lat' dir='ltr'><strong>exstat</strong></span> <span class='ocrx_word' id='word_1_300' title='bbox 879 4026 1137 4070; x_wconf 87' lang='lat' dir='ltr'><strong>carmen</strong></span> <span class='ocrx_word' id='word_1_301' title='bbox 1166 4002 1234 4066; x_wconf 88' lang='lat' dir='ltr'><strong>in</strong></span> <span class='ocrx_word' id='word_1_302' title='bbox 1254 4002 1559 4065; x_wconf 86' lang='lat' dir='ltr'><strong>Pisonem</strong></span> <span class='ocrx_word' id='word_1_303' title='bbox 1574 4049 1594 4082; x_wconf 89' lang='lat'>,</span> <span class='ocrx_word' id='word_1_304' title='bbox 1619 4016 1801 4064; x_wconf 84' lang='lat' dir='ltr'><strong>tomo</strong></span> <span class='ocrx_word' id='word_1_305' title='bbox 1816 4001 1930 4082; x_wconf 85' lang='lat' dir='ltr'><strong>IV,</strong></span> <span class='ocrx_word' id='word_1_306' title='bbox 1949 4025 2091 4090; x_wconf 90' lang='lat' dir='ltr'><strong>pag.</strong></span> <span class='ocrx_word' id='word_1_307' title='bbox 2112 4001 2259 4085; x_wconf 85' lang='lat'><strong>253,</strong></span> <span class='ocrx_word' id='word_1_308' title='bbox 2281 4007 2463 4070; x_wconf 89' lang='lat' dir='ltr'><strong>nullo</strong></span> 
     </span>
    </p>
   </div>
   <div class='ocr_carea' id='block_1_7' title="bbox 327 4107 2464 4195">
    <p class='ocr_par' dir='ltr' id='par_1_8' title="bbox 327 4107 2464 4195">
     <span class='ocr_line' id='line_1_36' title="bbox 327 4107 2464 4195; baseline -0.003 -12"><span class='ocrx_word' id='word_1_309' title='bbox 327 4115 616 4182; x_wconf 84' lang='lat' dir='ltr'><strong>auctoris</strong></span> <span class='ocrx_word' id='word_1_310' title='bbox 648 4112 916 4175; x_wconf 87' lang='lat' dir='ltr'><strong>nomine</strong></span> <span class='ocrx_word' id='word_1_311' title='bbox 951 4109 1222 4190; x_wconf 87' lang='lat' dir='ltr'><strong>adjecto.</strong></span> <span class='ocrx_word' id='word_1_312' title='bbox 1259 4107 1613 4195; x_wconf 89' lang='lat' dir='ltr'><strong>Separatim</strong></span> <span class='ocrx_word' id='word_1_313' title='bbox 1645 4107 1801 4170; x_wconf 86' lang='lat' dir='ltr'><strong>olim</strong></span> <span class='ocrx_word' id='word_1_314' title='bbox 1831 4129 2138 4172; x_wconf 80' lang='lat' dir='ltr'><strong>excusum</strong></span> <span class='ocrx_word' id='word_1_315' title='bbox 2168 4132 2309 4175; x_wconf 88' lang='lat' dir='ltr'><strong>esse</strong></span> <span class='ocrx_word' id='word_1_316' title='bbox 2341 4113 2464 4176; x_wconf 89' lang='lat' dir='ltr'><strong>sub</strong></span> 
     </span>
    </p>
   </div>
   <div class='ocr_carea' id='block_1_8' title="bbox 563 4219 2225 4300">
    <p class='ocr_par' dir='ltr' id='par_1_9' title="bbox 563 4219 2225 4300">
     <span class='ocr_line' id='line_1_37' title="bbox 563 4219 2225 4300; baseline 0.007 -12"><span class='ocrx_word' id='word_1_317' title='bbox 563 4223 707 4288; x_wconf 78' lang='lat' dir='ltr'><strong>HJ.</strong></span> <span class='ocrx_word' id='word_1_318' title='bbox 2179 4219 2225 4300; x_wconf 81' lang='grc' dir='ltr'><strong>ίι</strong></span> 
     </span>
    </p>
   </div>
  </div>
 </body>
</html>
