2975 4684
631 425 1090 494 EPITOME
1151 424 1574 494 ILIADOS
1638 423 2066 492 HOMERI.

2288 420 2423 520 517

476 552 844 642 Postquam
879 546 1064 617 nulla
1101 547 1579 618 dies‘animum
1626 572 1911 617 moerore
1948 545 2240 636 levabat,

377 657 708 754 Nullaque
747 657 1048 728 lenibant
1082 658 1334 753 patrios
1372 655 1607 727 solatia
1638 656 1864 740 fletus,

379 774 613 840 Castra
652 771 820 865 petit
861 773 1206 856 Danaum,
1243 768 1659 866 genibusque
1694 766 1967 838 adfusus
1994 767 2247 838 Atridae
2262 822 2281 854 ,

379 883 508 950 Per
551 883 846 976 Superos
887 881 1212 975 regnique
1246 879 1448 950 decus
1481 876 1877 948 miserabilis
1916 893 2097 966 orat,

378 993 474 1060 Ut
509 991 636 1060 sibi
676 1015 906 1060 caussa
949 1017 1084 1061 suae
1122 989 1438 1060 reddatur
1469 1003 1630 1058 nata
1662 986 1925 1058 salutis:

377 1103 576 1170 Dona
605 1100 802 1171 simul
835 1101 1093 1198 profert
1125 1128 1141 1170 z
1187 1101 1554 1170 vincuntur
1590 1100 1859 1169 fletibus
1898 1101 2041 1194 ejus

375 1211 836 1306 Myrmidones
856 1265 876 1301 ,
915 1211 1242 1307 reddique
1273 1212 1450 1307 patri
1487 1209 1855 1306 Chryseida
1890 1226 2180 1281 censent.

379 1321 508 1391 Sed
545 1337 746 1417 negat
780 1323 1084 1409 Atrides,
1119 1322 1565 1417 Chrysenque
1598 1321 1923 1392 excedere
1959 1323 2191 1392 castris

381 1435 712 1527 Despecta
747 1435 994 1530 pietate
1022 1433 1259 1528 jubet:
1298 1432 1476 1502 ferus
1516 1433 1781 1510 ossibus
1815 1433 1969 1502 imis
2381 1457 2431 1496 2⁵

375 1549 602 1615 Haeret
639 1570 854 1632 amor,
889 1547 1280 1641 spernitque
1311 1568 1545 1639 preces
1580 1543 1903 1614 damnosa
1942 1542 2175 1616 libido.

477 1660 922 1751 Contemptus
958 1657 1200 1750 repetit
1236 1655 1549 1725 Phoebeia
1590 1654 1839 1750 templa
1888 1655 2225 1743 sacerdos,
2242 1708 2261 1718 -

382 1765 830 1861 squalidaque
866 1765 1124 1838 infestis
1167 1790 1452 1834 moerens
1489 1780 1669 1836 secat
1700 1767 2047 1861 unguibus
2088 1791 2242 1852 ora,

282 1969 528 2044 Chrysen
552 1969 800 2024 hocloco
825 1969 1084 2044 signifieat
1107 1985 1313 2038 auctor,

280 2050 572 2122 Virgilium
601 2050 820 2116 fortasse
841 2052 1105 2119 imitatus,
1122 2053 1218 2126 qni
1244 2052 1313 2105 de

279 2130 528 2202 Orpheo,
551 2131 744 2204 Georg.
763 2132 864 2199 IV,
890 2152 942 2186 v.
973 2137 1107 2198 464:
1144 2157 1168 2180 ιι
1189 2134 1312 2205 Ipse

281 2227 412 2264 cava
435 2211 612 2265 solans
639 2231 838 2284 agrum
867 2212 1135 2266 testudine
1160 2229 1312 2266 amo-

281 2309 398 2343 rem
419 2330 436 2358 ,
456 2291 536 2343 Te
565 2290 738 2346 dulcis
773 2294 994 2364 conjux,
1035 2303 1088 2345 te
1115 2291 1229 2343 solo
1255 2291 1313 2344 in

278 2369 438 2424 litore
475 2389 682 2439 secum,
708 2371 788 2425 Te
823 2372 1068 2426 veniente
1112 2369 1225 2438 die,
1262 2381 1315 2423 te

281 2447 574 2503 decedente
599 2451 822 2504 canebat
835 2477 874 2503 ιι.
903 2451 1166 2504 Homerus
1184 2460 1314 2503 tem·

282 2549 387 2601 pus
433 2541 486 2582 et
527 2529 934 2607 perpetuitatem
982 2531 1157 2584 luctus
1205 2547 1314 2582 non

283 2608 484 2681 attigit,
535 2621 722 2663 contra
767 2609 1008 2683 Chrysen
1051 2610 1108 2661 in
1155 2609 1314 2663 litore

285 2689 458 2742 solum
493 2689 924 2743 obambulantem
961 2688 1128 2754 facin
1166 2688 1314 2762 quod

283 2769 544 2842 Virgilius
567 2769 817 2840 explessit
842 2769 898 2822 in
929 2769 1175 2841 Orpheo,
1203 2769 1312 2822 No·

283 2859 396 2902 ster
415 2849 615 2902 omisit.
643 2851 862 2902 Invisum
882 2851 1224 2904 moerentibns
1243 2855 1316 2902 Iu-

285 2947 392 2980 eem
411 2929 494 2982 vel
509 2932 665 2980 vitam
686 2927 864 2982 dicere
884 2929 1055 2982 solent
1075 2943 1244 3002 poetae
1263 2940 1317 2982 et

281 3008 528 3079 inprimis
539 3007 827 3080 Virgilius,
851 3019 908 3060 ut
927 3011 1049 3061 AEn.
1064 3009 1166 3076 1V,
1187 3009 1314 3074 631,

285 3085 427 3154 ΧΠ,
459 3105 576 3158 ¹77·-

366 3185 450 3237 17.
471 3173 734 3236 Postquam
757 3172 900 3220 nulla
928 3169 1049 3220 dies.
1081 3167 1316 3240 Sequen-

285 3257 365 3300 tes
401 3246 504 3300 hos
544 3247 781 3319 quinque
815 3267 1000 3302 versus
1038 3247 1316 3314 Bai-thius,

287 3325 508 3380 advers.
531 3327 712 3380 LVIII
727 3367 743 3394 ,
767 3336 833 3393 14
849 3369 864 3394 ,
885 3325 1220 3381 memorabili
1243 3327 1318 3380 in-

289 3405 446 3478 genio
467 3418 522 3459 et
537 3403 742 3478 judicio
768 3407 993 3477 scriptos
1019 3425 1132 3460 esse
1160 3405 1320 3459 adfir-

289 3498 402 3539 mat
420 3527 435 3551 ,
473 3503 768 3558 eorumque
801 3487 1115 3540 suavitatem
1147 3485 1318 3539 admi-

287 3578 456 3618 ratur.
467 3569 729 3617 —Levavit
742 3565 944 3619 habent
957 3567 1186 3638 vulgato
1197 3606 1213 3631 ,
1228 3565 1322 3619 sed

289 3647 486 3697 levabat
499 3642 565 3696 G.
592 3663 613 3697 1
637 3657 690 3697 et
712 3663 739 3696 a
756 3683 772 3708 ‚
787 3643 936 3717 quod
960 3646 1186 3718 praefero
1203 3663 1322 3716 pro·

287 3737 406 3797 pter
428 3741 653 3796 sequens
673 3729 906 3778 lenibant.
921 3725 987 3777 In
1005 3725 1185 3797 priore
1203 3724 1322 3778 cod.

289 3805 554 3859 recentior
589 3822 780 3858 manus
817 3806 1049 3878 margini
1081 3803 1326 3876 adposuit

291 3891 377 3938 Al.
398 3887 624 3954 replevit,
657 3883 803 3956 quod
827 3887 1070 3958 ineptum
1089 3896 1183 3939 est.

371 3985 452 4036 19.
476 3967 690 4016 Gem'bus
717 3967 950 4036 profluus
969 3968 1154 4018 Atridis
1174 3964 1243 4016 G.
1275 3981 1318 4016 1.

368 4063 430 4100 ἰ
443 4085 458 4098 .
509 4049 572 4094 Ue
617 4047 709 4097 sibi
759 4065 948 4097 caussa
986 4063 1106 4098 suoe.
1163 4039 1324 4114 Apud

291 4123 451 4180 ovid.
487 4123 617 4178 Met.
653 4123 769 4188 VI,
803 4137 906 4195 499
925 4165 941 4190 ,
975 4120 1212 4176 Pandion
1256 4120 1326 4175 de

291 4205 405 4259 mia
432 4221 530 4258 sna
553 4223 567 4256 :
602 4228 626 4251 ιι
649 4203 747 4257 Per
764 4205 996 4277 Superos
1022 4221 1117 4254 oro
1127 4239 1250 4255 .....
1261 4203 1328 4254 Et

1401 1971 1533 2026 mihi
1566 1973 1797 2029 sollicite
1829 1975 2063 2028 lenimen
2094 1973 2252 2029 dulce
2278 1995 2433 2030 sene·

1399 2065 1499 2106 cto
1534 2055 1948 2126 Quamprimum
1980 2054 2177 2120 (omnis
2204 2055 2306 2108 erit
2335 2075 2433 2109 no-

1397 2134 1480 2186 bis
1502 2153 1649 2188 mora
1672 2135 1855 2206 longa)
1882 2135 2137 2188 remittas.

1473 2213 1559 2266 23.
1598 2217 1950 2280 Myrmidones.
1984 2212 2232 2267 Bal-thius
2269 2213 2303 2266 l.
2342 2212 2437 2266 cit.

1401 2309 1508 2344 non
1531 2293 1657 2346 satis
1682 2293 2063 2365 circumspecte
2097 2295 2167 2346 ab
2200 2293 2305 2346 boe
2342 2313 2437 2346 au-

1402 2383 1549 2425 ctore
1571 2372 1645 2425 ait
1670 2372 2039 2444 Myrmidones
2058 2391 2159 2444 pro
2185 2373 2435 2426 omnibus

1399 2451 1598 2504 Grecis
1621 2450 1757 2518 diei,
1785 2469 2111 2524 quamquam
2137 2453 2295 2506 Maro
2327 2453 2436 2506 Da-

1401 2549 1554 2597 naos,
1573 2531 1794 2603 Argivos
1807 2571 1823 2598 ,
1842 2531 2087 2603 Pelasgos
2112 2551 2215 2602 pro
2244 2531 2435 2585 iisdem

1401 2609 1563 2665 habet
1580 2629 1597 2674 ;
1615 2611 1719 2664 hoc
1746 2629 1871 2664 vero
1887 2611 2046 2683 ,quia
2071 2629 2303 2679 novum,
2325 2629 2435 2664 non

1403 2707 1555 2757 posse
1588 2691 1828 2762 placere3
1856 2702 2105 2763 praterea
2140 2691 2439 2764 Myrmido-

1402 2789 1535 2824 num
1565 2769 1720 2823 aliam
1751 2771 2012 2824 rationem
2048 2789 2193 2837 esse,
2215 2771 2310 2842 qni
2342 2789 2439 2822 no-

1405 2852 1549 2904 mine
1604 2851 1888 2922 preferant
1950 2851 2213 2922 originem
2266 2849 2439 2920 gentis

1405 2949 1623 3003 prorsus
1648 2930 1971 3003 peculiarem
1992 2966 2009 2992 ,
2047 2947 2209 3000 quam
2232 2927 2300 2981 ad
2322 2927 2443 2981 reli·

1406 3027 1542 3082 quas
1577 3007 1892 3074 extendere,
1924 3008 2175 3080 proferat
2208 3009 2441 3080 speciem

1405 3087 1637 3143 historie
1664 3088 1851 3160 ignari.

1481 3171 1567 3221 26.
1585 3173 1753 3220 Hoeret
1770 3187 1927 3228 amor,
1952 3167 2230 3236 spernitque
2245 3186 2264 3217 .-
2284 3165 2359 3218 sic
2370 3163 2439 3218 G.

1413 3267 1436 3302 1
1469 3259 1523 3301 et
1551 3268 1597 3301 2.
1626 3251 1905 3316 Spreve'tque
1942 3249 2080 3299 Ann-
2116 3249 2276 3298 Hoesie
2299 3263 2443 3297 amor

1407 3331 1677 3398 sprevitque
1704 3327 1771 3380 L.
1792 3327 1917 3381 Tor.
1948 3328 2027 3381 Cl.
2054 3329 2108 3380 P.
2143 3324 2439 3379 Bondamio

1409 3407 1618 3461 videtur
1644 3407 1749 3460 hoc
1788 3425 2093 3478 expressum
2122 3425 2183 3460 ex
2210 3403 2411 3459 ovidio
2427 3445 2442 3470 ,

1411 3487 1629 3540 Hei-oid.
1648 3487 1752 3554 IV,
1778 3505 1847 3557 70
1868 3504 1883 3537 :
1912 3513 1937 3532 ‹-
1956 3489 2093 3541 Acer
2114 3487 2170 3538 in
2192 3483 2441 3538 extremis

1411 3566 1616 3621 ossibus
1635 3565 1791 3619 hesit
1806 3583 1957 3618 amor
1971 3591 1992 3612 ι
2007 3607 2023 3632 ,
2042 3566 2137 3638 qui
2155 3576 2208 3619 et
2224 3564 2441 3617 Metam.

1415 3647 1497 3700 111
1511 3687 1525 3712 ,
1547 3643 1669 3716 395,
1686 3671 1712 3691 α
1728 3643 1833 3698 Sed
1853 3656 2029 3698 tamen
2051 3643 2221 3696 haret
2236 3661 2439 3696 amora.

1414 3757 1486 3767 —-
1512 3731 1772 3776 Damnem
1794 3728 1942 3777 libido
1969 3735 2050 3777 est
2083 3722 2151 3774 ab
2192 3721 2444 3786 Horatio,

1415 3805 1582 3878 Epist.
1608 3803 1688 3870 11,
1724 3823 1769 3870 1,
1798 3822 1910 3873 107.

1492 3903 1575 3954 27.
1604 3887 1881 3953 Contempto
1906 3883 2077 3950 repetit
2099 3879 2165 3934 G.
2192 3899 2238 3932 2.

1485 3965 1568 4018 28.
1615 3967 1763 4015 Seeae
1800 3965 2041 4032 unguibus
2080 3979 2189 4012 ora.
2234 3955 2443 4011 Bouda-

1412 4043 1553 4096 mius
1580 4041 1685 4096 hoc
1704 4040 1899 4094 Ovidio
1920 4039 2105 4092 deberi
2120 4049 2299 4110 putat,
2317 4036 2445 4090 Her.

1416 4123 1490 4188 V,
1518 4139 1624 4192 7²²
1660 4119 1773 4172 «Et
1813 4119 1957 4174 secui
1994 4115 2237 4171 madidas
2268 4133 2447 4187 ungue

1417 4203 1625 4273 rigente
1640 4217 1805 4272 genas
1827 4224 1849 4246 ι
1870 4217 1885 4261 ;
1928 4196 2071 4252 idem
2102 4199 2336 4265 squalida
2358 4213 2449 4247 ora
