2975 4684
682 412 1140 480 EPITOME
1203 359 1635 479 nmmos
1700 412 2133 481 HOMERI.

2336 416 2477 515 609

443 530 783 625 Calliope,
819 534 1118 626 vatisque
1151 535 1250 602 tui
1291 534 1637 603 moderare
1666 535 1961 603 carinam
1981 590 1998 621 ‚

443 644 664 733 Quem
701 643 914 711 cernis
947 644 1176 737 paucis
1217 645 1649 739 stringentem
1692 643 1885 713 litora
1922 648 2141 717 remis.
2211 720 2225 749 ζ
2374 693 2471 730 ...70

441 756 722 847 Jamque
757 768 992 821 tenens
1029 768 1298 847 portum
1331 769 1709 847 metamque
1740 756 2027 847 patentis
2058 762 2371 847 Homeri,

439 862 780 931 Pieridum
821 864 1132 931 comitata
1179 862 1453 950 cohorS,
1482 862 1797 931 submitte
1837 864 2183 952 rudentes;

442 978 816 1067 Sanctaque
860 974 1189 1068 virgineos
1223 972 1414 1042 lauro
1455 966 1759 1041 redimita
1796 972 2069 1067 capillos

423 1159 574 1225 1069.
601 1161 826 1224 Calliope.
867 1156 1026 1221 Quod
1059 1169 1242 1209 auctor
1277 1156 1364 1210 hic

347 1236 552 1289 Musam
575 1235 876 1307 adloquitur
909 1252 1008 1305 pro
1039 1252 1097 1288 se
1135 1246 1187 1287 et
1223 1247 1368 1288 extra

347 1332 564 1369 carmen
581 1313 920 1367 Homericum
931 1354 948 1378 ,
963 1330 1026 1367 eo
1043 1311 1370 1367 videtur-wel-

350 1394 399 1447 le
443 1395 457 1445 i
464 1392 680 1447 udicare
697 1433 714 1458 ,
743 1412 798 1445 se
843 1394 900 1445 in
944 1392 1112 1447 Iliade
1153 1392 1370 1446 Homeri

349 1472 507 1525 latine
547 1468 900 1524 contrahenda
939 1484 990 1523 et
1028 1472 1243 1543 proprio
1285 1472 1369 1524 in··

237 1574 244 1577 ·
351 1552 509 1622 genio
536 1562 588 1603 et
615 1549 796 1603 officio
835 1562 1002 1621 poetae
1033 1569 1188 1604 usum
1223 1570 1364 1604 esse:

351 1629 497 1702 quod
536 1648 730 1699 negare
767 1628 844 1681 illi
881 1640 1049 1681 totum
1089 1629 1274 1683 nolim.
1298 1662 1368 1671 —

353 1713 615 1759 moderare
641 1712 880 1759 ear-inam.
909 1707 1136 1760 Solenne
1155 1708 1367 1780 quidem

349 1787 518 1859 poetis
545 1799 652 1849 est,
676 1804 834 1858 opera
869 1806 958 1840 sua
992 1806 1113 1839 cum
1152 1788 1368 1858 naviga-

351 1867 495 1919 tione
511 1904 526 1929 ,
553 1866 689 1919 sieut
712 1865 868 1918 etiam
893 1884 1054 1918 curru
1079 1876 1128 1917 et
1150 1865 1366 1938 quadri-

349 1945 427 2017 gis
447 1962 750 2015 comparare
762 1983 778 2009 ,
799 1956 859 1997 ut
877 1963 908 1997 a
927 1944 1111 2007 Statio,
1130 1944 1253 1998 silv.
1268 1946 1366 2009 IV,

351 2030 384 2087 4
403 2065 418 2089 ,
447 2042 546 2094 99;
583 2023 919 2089 Nemesiano,
949 2027 1145 2094 Cyneg.
1178 2022 1278 2093 59,
1317 2036 1366 2076 et

351 2102 543 2156 Claud.
565 2103 622 2154 in
651 2104 796 2174 praef.
817 2101 883 2156 ad
908 2103 933 2153 1
954 2102 1021 2155 de
1043 2104 1196 2174 Rapt.
1219 2104 1366 2158 Pros.

349 2182 546 2235 factum
571 2194 680 2246 est3
702 2181 793 2234 sed
817 2201 934 2254 quei
957 2181 1202 2254 allegoria
1223 2184 1368 2237 navi-

352 2261 574 2333 gationis
613 2260 701 2312 hic
740 2271 910 2313 totum
951 2261 1060 2313 fere
1099 2261 1367 2333 epilogum

351 2352 616 2412 occupat,
644 2337 788 2392 hand
820 2357 1006 2409 parum
1035 2340 1200 2392 efficit
1225 2342 1366 2393 veri-

350 2418 547 2482 simile,
586 2430 852 2472 auctorem
873 2417 1092 2490 hujusce
1112 2420 1369 2489 poematis

351 2498 594 2551 eumdem
623 2498 861 2569 esse,qui
887 2498 1277 2569 epigrammatis
1302 2498 1369 2552 de

351 2578 686 2649 navigatione
702 2614 720 2641 ,
746 2576 890 2649 quod
926 2577 982 2628 in
1006 2576 1224 2629 Anthol.
1253 2580 1367 2632 Lat.

351 2658 442 2711 lib.
463 2658 576 2721 111,
601 2656 762 2728 epigr.
779 2660 846 2708 62
867 2667 1054 2720 exstat,
1076 2668 1126 2708 et
1145 2657 1278 2711 inter
1294 2670 1368 2711 te-

353 2736 596 2789 stimonia
627 2735 696 2789 de
731 2736 834 2789 hoc
871 2748 1114 2807 poemate
1147 2755 1180 2790 a
1215 2739 1369 2791 nobis

351 2818 576 2869 relatum
610 2827 718 2881 est,
745 2815 834 2867 ubi
871 2826 1056 2868 auctor
1091 2816 1192 2882 ait,
1223 2836 1278 2869 se
1312 2818 1368 2869 in

354 2896 474 2948 villa
512 2897 774 2949 maritima
804 2894 1024 2949 Iliadem
1053 2915 1144 2949 seu
1172 2895 1368 2949 bellum

353 2975 642 3048 Trojanum
691 2974 1026 3046 descripsisse
1049 3016 1065 3041 ,
1106 2974 1369 3045 simulque

353 3055 589 3126 pericula
610 3057 772 3107 maris
791 3074 911 3108 eum
932 3054 1212 3108 securitate
1231 3056 1368 3108 ruris

353 3147 640 3205 comparat.
663 3135 784 3199 Qua
805 3133 872 3186 de
893 3152 948 3187 re
967 3133 1118 3207 plura
1142 3131 1368 3185 diximus

352 3217 408 3269 in
434 3215 704 3287 prooemiO.

429 3312 582 3365 ¹⁰7⁰·
604 3296 924 3362 Set-ingentem
947 3291 1101 3343 simul
1122 3303 1171 3343 et
1191 3312 1368 3359 argen-

351 3391 444 3427 tem
481 3376 632 3446 ponit
655 3374 725 3425 G.
761 3374 1078 3424 2.—Paucis
1109 3372 1252 3421 remis
1289 3383 1367 3423 est

353 3472 518 3527 parva
547 3452 701 3517 navi,
729 3470 844 3524 quae
871 3450 1054 3523 paucis
1081 3450 1238 3501 remis
1265 3449 1372 3502 uti·

353 3546 455 3587 tur.
483 3532 785 3605 Olympius,
814 3531 1016 3603 Cyneg.
1056 3528 1157 3598 59:
1189 3553 1210 3575 ι
1234 3529 1370 3580 Dum

353 3631 461 3665 non
494 3628 685 3683 magna
713 3610 840 3661 ratis
867 3609 1054 3661 vicinis
1084 3619 1226 3660 sueta
1257 3626 1371 3659 mo·
1397 3656 1402 3663 .

353 3690 466 3745 veri
492 3691 762 3744 Litoribus
779 3730 794 3755 ‚
821 3700 1064 3759 tutosque
1089 3686 1230 3739 sinus
1255 3704 1374 3758 per-

355 3788 568 3822 currere
599 3768 758 3821 remis
787 3794 826 3819 a.
853 3798 924 3806 —
949 3768 1016 3819 Et
1041 3764 1228 3818 Claud.
1261 3766 1296 3815 l.
1327 3782 1372 3816 c.

354 3848 504 3914 (edit.
529 3859 668 3901 nost.
695 3849 804 3900 vol.
833 3847 889 3899 11
907 3886 922 3911 ,
944 3866 997 3919 p.
1028 3845 1125 3897 182
1147 3862 1227 3915 sq.
1247 3844 1373 3911 En.)

363 3954 384 3975 ιι
400 3928 505 3993 Qui
525 3926 702 3981 dubiis
719 3944 876 3978 ausus
894 3924 1216 3978 committere
1239 3922 1373 3975 flati-

357 4011 457 4062 bus
476 4006 842 4070 alnum,Quas
860 4018 1046 4059 natura
1065 4016 1236 4075 negat,
1245 4020 1375 4073 prae-

361 4088 473 4141 buit
502 4100 614 4141 arte
641 4085 751 4139 vias
767 4125 782 4150 ,
799 4081 1124 4156 Tranquillis
1148 4084 1374 4152 primum

359 4166 596 4239 trepidus
635 4185 691 4218 se
726 4163 946 4217 credidit
985 4162 1166 4225 undiS,
1201 4162 1376 4212 Litora

602 4260 746 4323 Ill.

1456 1173 1644 1209 securo
1664 1157 1871 1211 tramite
1895 1176 2099 1212 summa
2119 1158 2345 1231 legens».
2368 1164 2471 1217 En.

1532 1253 1657 1304 1071
1670 1274 1683 1288 .
1712 1241 1940 1304 Namque
1966 1253 2095 1291 tenet
2114 1254 2309 1307 portum
2346 1246 2473 1296 scri-

1455 1314 1529 1365 bit
1554 1314 1621 1369 G.
1646 1332 1954 1387 perperam,
1975 1328 2032 1369 nt
2052 1330 2211 1388 puto:
2232 1319 2473 1375 similiter

1453 1398 1665 1460 Jamque
1679 1408 1830 1445 cenes.
1844 1396 1988 1467 Lips.
2000 1400 2273 1449 —Poeemis
2282 1404 2480 1463 Homeri

1453 1472 1651 1525 habent
1667 1472 1737 1525 H.
1758 1485 1810 1527 et
1826 1473 1895 1526 G.
1923 1493 1942 1526 1
1960 1493 1974 1527 :
1992 1474 2084 1527 sed
2104 1476 2270 1529 multo
2286 1478 2472 1531 melius

1454 1552 1555 1606 Ga
1574 1563 1627 1603 et
1642 1553 1862 1623 vulgatae
1882 1552 2007 1606 edd.
2026 1560 2242 1623 patentis
2264 1562 2470 1609 Homeri.

1435 1630 1585 1689 31th
1620 1632 1759 1682 enim
1781 1671 1797 1697 ,
1825 1650 1881 1685 se
1909 1650 2161 1704 magnum
2191 1652 2323 1705 opus
2360 1634 2471 1687 Ho-

1455 1708 1613 1774 meri,
1632 1720 1899 1781 tamqunm
1920 1722 2105 1782 patens
2126 1730 2273 1765 mare
2292 1750 2307 1776 ,
2328 1732 2471 1767 nunc

1455 1805 1727 1847 emensum
1753 1807 1881 1842 esse.
1904 1788 2179 1858 Horatius,
2201 1793 2378 1846 Carm.
2394 1795 2471 1859 11,

1462 1868 1552 1932 16,
1580 1884 1603 1919 1
1630 1884 1643 1919 :
1668 1869 1717 1917 in
1735 1872 1931 1934 patenti
1956 1875 2167 1920 Pramus
2189 1874 2379 1939 AEgceo.
2401 1904 2471 1911 —-

1452 1944 1521 1995 Et
1544 1946 1761 1999 verbnm
1780 1948 2013 2015 patefecit
2030 1947 2135 2000 alio
2160 1961 2215 2001 et
2239 1950 2473 2002 notando

1453 2040 1610 2075 sensu
1644 2024 1875 2077 occurrit
1913 2024 2057 2096 apud
2096 2026 2325 2079 Saleium
2356 2029 2475 2081 Bas

1454 2120 1602 2167 sum,
1631 2104 1812 2157 Can-m.
1842 2102 1913 2157 ad
1934 2105 2211 2173 Pisonem,
2234 2126 2315 2161 vs.
2340 2111 2467 2163 230:

1457 2184 1901 2255 uAusoniamque
1929 2184 2121 2254 chelyn
2151 2188 2363 2257 gracilis
2387 2208 2473 2260 pa

1452 2261 1629 2313 tefecit
1650 2258 1897 2315 Horati-·
1884 2264 2018 2326 ;nbi
2040 2264 2237 2319 sirecte
2256 2268 2471 2320 verbum
2578 2324 2583 2329 ,

1443 2343 1731 2410 patefacere
1746 2300 2013 2411 potuimus
2026 2344 2361 2415 interpretari
2374 2346 2477 2399 cla·

1453 2438 1577 2472 rum
1600 2420 1800 2483 facere,
1822 2421 1975 2474 famo
1995 2421 2301 2488 ostendere,
2330 2443 2474 2477 nunc

1452 2516 1563 2551 non
1584 2498 1845 2551 immerito
1857 2503 2078 2570 patentis
2100 2505 2295 2553 Homeri
2314 2521 2374 2554 ex
2378 2522 2475 2573 po-

1453 2578 1511 2629 ni
1526 2577 1689 2648 possit
1710 2577 1950 2645 illustris‚
1970 2579 2155 2651 inclyti
2184 2582 2318 2633 vatis
2338 2619 2353 2645 ,
2377 2600 2473 2634 cu·

1451 2660 1539 2728 jus
1558 2657 1807 2710 omnibus
1833 2657 1972 2711 fama
1998 2658 2474 2712 innotuit.Videan-

1453 2750 1540 2789 tur
1564 2732 1817 2789 adnotata
1838 2748 2018 2790 nostra
2042 2736 2111 2790 ad
2131 2738 2231 2791 loc.
2252 2738 2469 2791 citatum

1453 2816 1611 2889 hujus
1640 2816 1795 2878 tomi,
1830 2834 1953 2887 pag.
1987 2818 2086 2870 265
2128 2835 2273 2887 seqq.
2318 2816 2470 2870 Hanc

1454 2913 1579 2947 vero
1599 2894 2014 2947 observationem
2037 2896 2187 2967 quasi
2201 2895 2270 2948 de
2290 2914 2473 2967 super-

1455 2972 1565 3025 fluo
1606 2972 1745 3026 addo
1764 3010 1779 3036 ,
1822 2992 1920 3027 nec
1964 2974 2083 3027 ideo
2130 2973 2471 3028 deserendam

1453 3050 1714 3105 Wernsd.
1746 3052 2144 3123 explicationem
2170 3064 2317 3125 puto.
2338 3054 2438 3104 En.

1529 3149 1677 3201 ¹⁰7²·
1704 3134 1931 3191 &batiae
1956 3136 2212 3193 rudentes,
2242 3132 2393 3185 trahe
2418 3146 2473 3186 et

1454 3208 1671 3262 demitte
1693 3209 1829 3262 vela.
1874 3210 1965 3263 Est
1990 3208 2129 3263 idem
2160 3209 2304 3283 qnod
2324 3211 2471 3283 Virg.

1455 3288 1765 3361 significavit
1787 3289 1983 3362 Georg.
2014 3290 2118 3355 lv,
2162 3294 2293 3343 116:
2332 3316 2357 3337 α
2390 3310 2473 3343 ex-

1457 3381 1626 3421 tremo
1644 3369 1698 3420 ni
1710 3370 1819 3440 jam
1838 3369 1940 3422 sub
1959 3368 2065 3423 fine
2081 3369 2321 3423 laborum
2340 3370 2471 3422 Vela

1457 3448 1663 3501 trabam
1679 3484 1696 3509 ‚
1714 3460 1766 3499 et
1791 3449 1943 3501 terris
1970 3449 2211 3501 festinem
2240 3447 2477 3501 adverte-

1459 3545 1519 3579 re
1540 3546 1751 3598 proram
1768 3552 1806 3580 ι.
1833 3528 1900 3580 Et
1925 3528 2135 3592 Statius,
2159 3528 2285 3581 silv.
2306 3528 2405 3591 tv,
2430 3537 2479 3595 4,

1461 3608 1531 3673 89
1559 3604 1625 3657 de
1646 3605 1919 3659 Thebaide
1944 3603 2123 3659 finita:
2145 3634 2169 3652 a·
2186 3607 2304 3659 Jam
2329 3606 2479 3662 Sido-

1463 3686 1578 3737 nios
1598 3690 1805 3737 emensa
1827 3682 2033 3738 labores
2052 3685 2279 3737 Thebais
2297 3698 2479 3757 optato

1463 3762 1674 3835 collegit
1702 3764 1917 3817 carbasa
1951 3776 2109 3835 portu
2124 3789 2166 3814 n.

1540 3844 1693 3912 1073.
1733 3846 2013 3909 Sanctaque
2048 3845 2303 3909 virgineos
2341 3848 2481 3895 lauro
2502 3864 2527 3889 κ

1427 3992 1434 3999 ·
1463 3924 1701 3973 redimita.
1732 3921 1836 3973 Pro
1872 3938 2019 3973 more
2060 3938 2155 3974 suo
2177 3932 2362 3974 auctor
2385 3921 2480 3975 du-

1462 4000 1589 4073 plici
1630 3998 1861 4071 epitheto
1900 3998 2171 4051 Musarum
2209 3998 2480 4053 cohortem

1446 4091 1637 4131 ¹ornat.
1682 4108 1749 4117 —-
1781 4076 2073 4151 videantur
2112 4078 2363 4131 'adnotata
2416 4080 2484 4133 ad

1465 4176 1543 4210 vs.
1572 4176 1697 4211 που
1726 4168 1778 4209 et
1805 4159 1950 4208 1026.
1970 4157 2073 4209 En.

2154 4244 2244 4339 39
