2975 4684
632 349 644 356 “
747 375 1334 488 EoRUMQUE
1397 380 2048 451 FRAGMENTA.
2323 381 2493 468 431.

683 509 824 562 Nam
861 525 1020 562 nemo
1040 507 1154 562 haec
1176 525 1412 580 unquam
1437 522 1515 563 est
1538 523 1865 564 transvectus
1893 511 2081 565 cerula
2101 531 2291 579 eursu,

679 596 831 662 Quin
856 597 1004 668 priua
1028 595 1292 652 adstiterit
1315 615 1507 651 vocum
1529 597 1812 654 dulcedine
1831 611 2045 671 captus3

689 685 810 751 Post
831 686 991 762 variis
1015 685 1176 738 avido
1201 687 1418 740 satiatus
1440 699 1654 760 pectore
1680 690 1839 744 musis
1860 727 1877 754 ‚

688 773 908 826 Doctior
932 773 999 826 ad
1031 774 1229 845 patrias
1256 774 1436 848 lapsus
1464 779 1759 848 pervenerit
1785 797 1921 831 oras.

689 861 798 914 Nos
823 880 984 933 grave
1011 873 1279 916 certamen
1307 863 1460 926 belli,
1492 864 1805 938 clademque
1832 881 2111 932 canemus,

694 947 900 1004 Graecia
925 969 1086 1024 quam
1099 952 1274 1025 Trojae
1301 951 1486 1006 divino
1508 954 1728 1008 numine
1748 955 1888 1006 vexit
1906 994 1923 1021 ,

691 1040 995 1112 Omniaque
1015 1060 1047 1095 e
1073 1042 1192 1095 latis
1219 1061 1396 1097 rerum
1424 1043 1643 1115 vestigia
1669 1045 1841 1098 terris.

427 1191 492 1256 9.
517 1147 943 1262 Augustinus,
962 1173 1045 1238 de
1062 1175 1254 1240 αἰνὴ.
1279 1177 1418 1259 Dei,
1439 1177 1551 1241 lib.
1572 1177 1653 1258 v,
1673 1200 1811 1265 cap.
1834 1177 2137 1258 &versus
2158 1174 2477 1264 quosdam

520 1277 904 1344 Homericos
937 1279 1234 1364 adducit,
1269 1305 1434 1370 quos
1469 1283 1627 1347 dicit
1657 1283 2145 1360 Ciceronemin
2176 1283 2479 1347 Latinum

516 1401 812 1450 vertisse:

689 1513 848 1566 Tales
873 1527 996 1568 sunt
1015 1513 1296 1570 hominum
1323 1529 1527 1572 mentes
1542 1556 1557 1582 ,
1579 1518 1753 1590 qualis
1780 1528 1931 1590 pater
1953 1517 2069 1589 ipse

696 1601 902 1674 Jupiter
926 1605 1214 1658 auctiferas
1239 1607 1482 1660 lustravit
1511 1606 1712 1660 lumine
1738 1619 1924 1660 terras.

524 1733 810 1822 Apparet
833 1751 1086 1817 autem,
1106 1759 1368 1802 versum
1395 1760 1533 1802 esse
1563 1737 1683 1804 135
1716 1737 1867 1802 libri
1892 1737 2113 1801 XVIII
2144 1734 2485 1825 Odysseae,

524 1850 662 1910 Τοῖος
691 1848 786 1922 γὰρ
814 1851 916 1912 νόος
942 1850 1074 1903 ier-riv
1104 1853 1382 1920 ὄπιχθονὶων
1409 1853 1673 1925 ἀνθρώπων
1690 1885 1708 1914 ‚
1736 1843 1850 1906 Οἷον
1878 1855 1959 1905 ἐπ’
1978 1848 2112 1923 ’ἦμαρ
2141 1851 2291 1922 ἄγῃσι
2320 1851 2488 1922 πατὴρ

526 1939 714 2015 ἀνδρῶν
741 1965 795 1999 τι
822 1951 942 1999 σιῶν
966 1966 1042 1999 τι.
1067 1936 1281 2002 Verba
1326 1954 1480 2002 sunt
1520 1939 1763 2026 Ulyssis
1810 1937 1894 2001 ad
1929 1937 2489 2024 Amphinomum,

529 2035 966 2117 adfirmantis,
1017 2056 1270 2104 mentes
1321 2041 1671 2106 hominum
1716 2040 1957 2105 mutari
2008 2040 2315 2122 subinde,
2370 2062 2492 2104 nec

527 2145 694 2231 ipsas
729 2161 1025 2210 constare
1057 2147 1214 2227 sibi,
1242 2169 1512 2236 esseque
1550 2145 1818 2238 singulis
1856 2146 2124 2228 diebus,
2158 2147 2377 2234 quales
2413 2169 2493 2210 eo

530 2249 636 2314 die
661 2250 818 2314 velit
849 2275 988 2316 esse
1017 2253 1291 2340 Jupiter,
1320 2255 1613 2318 Deorum
1640 2269 1837 2341 atque
1863 2253 2209 2316 hominum
2237 2274 2492 2341 parens.

528 2357 772 2420 Versus
814 2357 1052 2421 latinus
1099 2357 1417 2446 posterior
1461 2381 1725 2423 sensum
1769 2357 2037 2422 Homeri
2088 2380 2223 2421 non
2280 2359 2495 2447 expri-

531 2461 686 2545 mit,
721 2479 786 2526 et
813 2464 911 2527 vel
958 2464 1095 2553 ipse
1133 2481 1478 2554 corruptus
1514 2481 1644 2541 est,
1673 2465 1776 2528 vel
1807 2479 2191 2554 corruptum
2226 2463 2497 2528 Homeri

531 2565 859 2654 exemplar
879 2564 1058 2630 reddi
1067 2564 1180 2630 dit.
1203 2565 1437 2653 Neque
1455 2589 1614 2647 vero
1630 2617 1649 2648 ,
1674 2588 1807 2653 quo
1834 2565 2003 2629 libro
2032 2565 2362 2630 Ciceronis
2390 2565 2499 2628 isti

532 2693 758 2735 versus
787 2672 1150 2736 exstiterint
1169 2721 1188 2754 ,
1227 2672 1445 2738 adhue
1471 2675 1881 2761 exploratum
1917 2687 2034 2736 est.
2054 2709 2143 2720 —
2164 2671 2495 2736 Minucius
2573 2677 2601 2688 “

538 2777 718 2841 Felix
763 2778 831 2840 in
877 2777 1100 2844 OctaV.
1159 2801 1216 2844 c.
1267 2801 1366 2865 19,
1407 2801 1667 2844 versum
1718 2777 1988 2844 Homeri
2040 2777 2133 2842 sic
2181 2776 2495 2842 reddidit:

537 2913 564 2938 ι
584 2883 804 2948 Talem
841 2906 980 2948 esse
1019 2884 1390 2948 mortalium
1427 2899 1715 2948 mentem
1736 2931 1755 2967 ,
1792 2884 2049 2970 qualem
2086 2903 2319 2971 parens
2350 2904 2496 2946 om·

541 2989 726 3053 nium
759 2988 932 3053 diem
964 2986 1218 3056 duxerit
1236 3021 1282 3052 n.
1318 2989 1439 3052 En.

453 3139 534 3206 V.
579 3140 1016 3206 Memorabilis
1084 3141 1278 3206 etiam
1327 3142 1499 3205 inter
1544 3141 1873 3204 Romanos
1926 3139 2013 3202 ob
2058 3137 2321 3202 latinam
2365 3137 2505 3201 Ho-

365 3247 530 3311 meri
577 3247 1172 3337 interpretationem
1219 3263 1317 3310 est
1353 3249 1573 3310 Actius
1610 3245 1854 3324 La‘bw,
1904 3266 2298 3332 quamquam
2349 3241 2509 3306 inde

368 3375 505 3417 non
543 3375 842 3443 magnam
879 3351 1138 3417 laudem
1176 3352 1470 3416 retulisse
1508 3351 1786 3416 videtur.
1824 3349 2023 3414 Notat
2056 3371 2208 3414 eum
2246 3347 2505 3412 Persius

369 3459 610 3547 Satyrae
645 3459 875 3523 initio:
909 3458 1052 3523 -Ne
1087 3459 1248 3522 mihi
1285 3455 1669 3546 Polydamas
1702 3473 1767 3520 et
1797 3453 2103 3520 Troiades
2138 3455 2507 3519 Labeonem

370 3564 858 3647 Praetulerint»;
885 3565 1257 3652 iterumque
1292 3585 1484 3628 versu
1527 3563 1641 3644 50,
1662 3593 1689 3618 κ
1710 3561 1859 3626 Non
1896 3562 2003 3626 hic
2047 3575 2145 3626 est
2179 3560 2327 3624 Ilias
2362 3559 2507 3622 Acti

368 3669 568 3734 Ebria
594 3685 847 3736 veratro
867 3702 914 3734 υ.
958 3671 1323 3750 Cornutus,
1355 3671 1456 3733 vel
1500 3669 1796 3757 quisquis
1842 3685 1939 3732 est
1962 3683 2147 3731 vetus
2189 3667 2509 3752 interpres

370 3775 607 3858 Persii,
625 3775 706 3840 ad
731 3777 1014 3865 priorem
1043 3775 1261 3841 locum
1290 3792 1643 3840 memorat:
1671 3775 1925 3840 «Labeo
1954 3771 2283 3838 transtulit
2312 3768 2513 3835 Iliada

373 3897 440 3944 et
475 3880 830 3970 odysseam
851 3929 870 3963 ,
894 3881 1168 3946 verbum
1204 3904 1279 3944 ex
1313 3882 1513 3946 verbo
1534 3931 1553 3964 ,
1583 3880 1854 3945 ridicule
1890 3880 2039 3944 satis
2055 3925 2075 3961 ,
2109 3877 2287 3965 quod
2318 3875 2513 3940 verba

371 3988 628 4076 potius,
658 4010 854 4077 quam
883 4011 1146 4053 sensum
1177 4004 1494 4077 sequutus
1526 3989 1627 4053 sit.
1662 3989 1816 4067 Ejus
1850 4001 1949 4051 est
1973 3986 2079 4050 ille
2104 4003 2364 4048 versus:

731 4127 974 4185 Crudum
993 4127 1285 4184 manduces
1309 4129 1579 4184 Priamum
1595 4169 1611 4198 ,
1636 4128 1937 4202 Priamique
1958 4126 2195 4296 picium}
2208 4150 2251 4179 ιο.

527 4231 666 4300 III.
2202 4249 2229 4295 1
