2975 4684
449 362 587 437 330

1228 371 1785 441 REPOSIANI

537 494 642 559 Tu
656 530 681 576 ,·
708 491 952 562 lectum
991 507 1344 563 constetne
1379 495 1547 563 rosis
1567 520 1591 583 3·
1624 510 1729 579 tu,
1760 510 1935 565 serta
1964 513 2231 592 parato,

535 603 621 670 Et
658 602 860 672 roseis
895 604 1148 673 crinem
1188 602 1383 674 nodis
1413 606 1731 689 subnecte
1760 607 2087 677 decenter.

533 715 691 781 Haec
727 712 928 785 modo
964 739 1378 808 purpureum
1417 713 1775 810 decerpens
1810 714 2051 811 pollice
2086 718 2354 805 florem,
2526 746 2573 783 ss

528 824 761 912 Quum
797 823 1179 919 diligatam
1221 824 1507 920 suspiria
1554 824 1758 897 ducat
1794 827 2125 911 odoi-eins

531 935 655 1003 Ast
698 934 820 1003 tibi
863 933 1107 1005 blanda
1145 937 1459 1005 manus*.
1494 990 1510 1005 .

1544 989 1559 1007 .
1577 938 1701 1007 sub
1744 954 2012 1034 pectore
2056 940 2325 1009 condat.

532 1048 724 1114 Tunc
747 1098 766 1133 ,
807 1072 890 1115 ne
920 1047 1242 1140 purpurei
1276 1046 1469 1117 laedat
1511 1061 1579 1117 te
1615 1049 1807 1142 spina
1840 1050 2079 1138 roseti,

533 1156 882 1227 Destrictis
919 1172 1180 1227 teneras
1219 1157 1394 1228 foliis
1432 1161 1817 1256 constringe
1851 1159 2165 1255 papillas:

523 1266 634 1334 Sic
671 1266 858 1337 decet
901 1268 972 1335 in
1007 1269 1290 1337 Veneris
1325 1268 1475 1339 luco
1501 1270 1805 1363 'gaudere
1842 1270 2115 1365 puellas.
2520 1288 2577 1327 ⁶⁰

523 1380 620 1446 Ut
649 1392 870 1447 tamen
905 1378 1160 1449 inlaesos
1189 1380 1458 1475 Paphiae
1499 1381 1772 1449 servetis
1805 1406 2095 1469 amoreS‚

529 1488 821 1558 Vincula
865 1490 958 1559 sic
993 1490 1220 1559 mixtis
1257 1506 1452 1560 caute
1489 1491 1929 1585 constringite
1977 1490 2215 1576 ramis»,

529 1605 634 1673 Ne
671 1603 914 1674 diffusa
947 1606 1117 1675 ferat
1155 1630 1274 1700 per
1314 1606 1583 1675 frondes
1623 1606 1877 1676 lumina
1912 1607 2134 1675 Titan.

533 1712 655 1782 His
691 1714 902 1809 igitur
939 1716 1106 1785 lucis
1139 1716 1430 1810 Paphie,
1467 1716 1627 1785 dum
1671 1716 1897 1811 praelia
1934 1720 2207 1787 Mavors

507 1926 589 1980 53.
623 1932 716 1989 Tu,
763 1946 866 1981 uua
897 1929 1202 1983 Gratiarum
1225 1967 1241 1993 ,
1280 1935 1453 1982 tecuam

431 2022 687 2060 constetne
706 2013 861 2071 rosis,·
878 2024 948 2072 tu,
972 2011 1132 2065 altera
1154 2009 1454 2073 Charitum,

433 2101 563 2138 serta
583 2102 782 2155 parato,

507 2166 590 2232 54.
609 2173 676 2218 Ec
689 2171 840 2220 roseth
857 2173 1062 2231 crinem,
1088 2170 1127 2222 i.
1156 2188 1204 2222 e.
1233 2180 1372 2222 serto
1394 2188 1458 2221 ex

430 2245 562 2299 mosis
584 2247 724 2299 facto
745 2248 945 2301 crinem
964 2248 1185 2320 subligat.
1202 2246 1460 2303 Videatur

431 2343 617 2379 versus
635 2344 721 2399 7²·
741 2328 913 2381 Etiam
936 2328 1083 2402 apud
1106 2326 1458 2382 Claudianum

429 2403 468 2456 l.
492 2425 547 2458 c.
565 2423 673 2458 una
693 2405 996 2461 Gratiarum
1010 2407 1236 2461 Veneris
1257 2408 1458 2461 crinem

431 2484 596 2536 comit
617 2496 671 2537 et
697 2486 873 2539 nectit.
912 2488 1015 2541 Pro
1037 2489 1180 2541 nodis
1211 2486 1348 2539 male
1374 2508 1460 2538 no·

433 2564 494 2615 tis
517 2563 572 2616 in
600 2564 723 2618 cod.
745 2566 897 2621 Leid.

504 2643 588 2697 56.
617 2650 786 2697 Ducat
807 2650 1025 2699 odorem.
1051 2646 1116 2698 In
1145 2646 1452 2700 Divionens.

431 2722 683 2777 mendose
721 2730 795 2777 ad
829 2744 980 2777 orem.
1028 2726 1258 2779 Versum
1308 2726 1456 2780 hunc

431 2818 740 2876 corruptum
767 2817 820 2859 et
847 2808 957 2859 fere
983 2806 1321 2879 desperatum
1339 2806 1454 2859 Ou-

433 2882 754 2957 dendorpius
813 2897 866 2939 et
925 2886 1260 2940 Burmannus
1307 2885 1455 2938 varia

433 2964 800 3019 emendatione
837 2978 1106 3020 tentarunt
1121 3003 1137 3030 ,
1175 2984 1294 3037 quae
1323 2966 1457 3019 mihi

431 3063 532 3101 nec
565 3047 797 3118 vestigiis
829 3048 1104 3102 literarum
1136 3048 1258 3101 satis
1295 3047 1458 3101 inhae-

431 3146 550 3179 rere
572 3164 586 3190 ,
609 3146 708 3181 nec
727 3146 936 3181 sensnm
959 3126 1220 3181 idoneum
1245 3128 1457 3181 efficere

429 3204 651 3258 videtur.
665 3206 805 3277 Ergo
821 3206 957 3259 nihil
971 3208 1377 3261 convenientius
1387 3208 1455 3262 ad

433 3302 644 3339 sensum
669 3286 872 3356 reperio
892 3327 906 3353 ,
931 3305 1092 3358 quam
1109 3300 1173 3339 ut
1190 3288 1425 3361 legamus
1439 3326 1454 3352 ,

443 3390 465 3410 ι
490 3364 670 3427 Quum
695 3365 820 3436 legit
841 3377 1051 3435 gratum
1067 3407 1081 3433 ,
1107 3369 1334 3440 suspiria
1359 3368 1457 3421 du-

433 3455 515 3497 ent
535 3482 550 3506 ,
571 3442 790 3497 odorem
811 3470 836 3489 ι·
855 3485 870 3511 ,
909 3444 966 3499 h.
991 3463 1040 3498 e.
1063 3448 1156 3499 ubi
1174 3461 1386 3519 gratum
1405 3459 1457 3501 et

431 3522 716 3577 delicatum
742 3524 971 3597 aliquem
997 3525 1218 3579 odorem
1241 3546 1452 3599 repere-

431 3604 503 3656 rit
520 3642 536 3667 ,
577 3604 762 3676 legerit
777 3643 792 3668 ,
831 3624 954 3659 cum
997 3606 1222 3677 suspirio
1267 3607 1452 3675 ducto,

430 3684 514 3737 vel
557 3685 935 3738 sternutatione
954 3727 971 3753 ‚
1020 3684 1233 3739 indicet.
1280 3687 1454 3742 Possis
1498 3682 1505 3698 '

431 3763 588 3815 etiam
613 3784 734 3817 cum
752 3764 880 3817 vitio
906 3765 1088 3832 metri,
1114 3766 1172 3819 in
1191 3767 1281 3819 tali
1297 3782 1452 3839 poeta

431 3842 586 3896 facile
611 3844 855 3911 ferendo,
875 3846 1049 3917 legere
1073 3865 1086 3899 :
1117 3848 1337 3911 «Quum
1358 3846 1451 3901 de-

431 3921 592 3977 licato
631 3925 852 3997 suspiria
877 3925 1038 3979 ducat
1069 3925 1233 3980 odore
1255 3954 1300 3981 n.
1321 3928 1454 3981 Tale

432 4012 537 4067 est,
563 4003 708 4075 quod
733 4005 787 4056 in
814 4006 1016 4078 Pet-vig.
1038 4006 1179 4060 Ven.
1203 4026 1257 4059 v.
1282 4025 1350 4078 79
1375 4007 1454 4061 di-

435 4079 610 4132 citur:
651 4110 672 4129 -
699 4085 819 4152 Ipsa
847 4084 1036 4139 ssorum
1073 4086 1307 4142 delicatis
1329 4086 1456 4140 edu-

435 4160 575 4213 cavit
600 4164 789 4217 osculis
810 4190 850 4216 ι.

1616 1930 1703 2001 57.
1723 1935 1821 1981 Asc
1838 1934 1949 1991 cibi,
1974 1929 2087 1983 scil.
2112 1927 2340 1981 Veneri:
2362 1925 2451 1979 hic
2468 1946 2575 1979 ma-

1543 2010 1637 2062 lim
1667 2016 1745 2061 Ac
1772 2014 1869 2061 tibi.
1906 2040 1976 2075 ··.··
2006 2011 2209 2060 Blanda
2234 2026 2410 2058 manus
2438 2004 2573 2058 Gra·

1546 2090 1660 2143 tiae:
1690 2089 1935 2142 lacunam
1952 2126 1969 2152 ,
1988 2106 2108 2159 qun
2125 2098 2247 2159 post
2262 2104 2439 2137 manus
2462 2097 2541 2137 est
2554 2125 2572 2149 ‚

1548 2168 1962 2240 Oudendorpius
1988 2166 2267 2239 supplebat
2280 2167 2451 2233 penite
2482 2168 2575 2215 sub

1541 2262 1742 2318 pectore
1755 2286 1772 2308 ,
1811 2246 1893 2299 vel
1923 2250 2093 2298 macris
2118 2249 2205 2296 sub
2217 2258 2437 2313 pectore.
2458 2243 2573 2315 Ego

1550 2326 1973 2381 commodissime
1998 2325 2103 2396 legi
2128 2336 2257 2396 puto
2291 2338 2455 2375 tenero
2486 2322 2573 2374 vel

1548 2412 1681 2461 nudo
1708 2410 1795 2459 sub
1808 2420 2005 2475 pectore
2032 2409 2243 2465 condat,
2278 2404 2311 2454 i.
2340 2420 2390 2453 e.
2420 2400 2575 2453 subli-

1548 2499 1635 2559 get
1662 2487 1747 2542 vel
1774 2478 2077 2557 appendas
2094 2482 2162 2537 ad
2196 2481 2415 2536 odorem
2450 2480 2573 2533 inde

1548 2565 1877 2638 capiendum.

1618 2646 1705 2699 58.
1742 2650 1907 2708 Tunc,
1944 2665 2007 2697 ne
2035 2645 2287 2713 purpurei.
2326 2641 2391 2691 In
2418 2637 2570 2690 Leid-

1544 2725 1664 2780 cod.
1686 2740 1803 2779 tunc
1817 2727 2063 2794 purperei,
2088 2737 2142 2777 et
2162 2720 2569 2794 superscriptum

1544 2808 1676 2858 hine.
1706 2806 1845 2877 Lege
1861 2808 2012 2865 Hinc,
2049 2824 2113 2856 ne
2126 2802 2374 2871 purpurei.
2394 2800 2569 2851 Bumt.

1544 2892 1769 2939 Bosecum
1801 2884 2057 2957 sequioris
2094 2882 2260 2936 atatis
2286 2878 2454 2951 poetis
2480 2896 2571 2947 po·

1544 2966 1602 3019 ni
1638 2983 1739 3036 pro
1782 2982 1903 3016 rosa
1944 2962 2191 3034 decerpta
2226 2961 2389 3023 solet,
2430 2956 2569 3009 utin

1542 3044 1898 3116 Epithalamio
1920 3042 2186 3095 Laurentii
2208 3078 2223 3104 ,
2258 3038 2403 3112 quod
2430 3037 2568 3089 infra

1544 3123 1814 3191 dabimus,
1842 3144 1896 3177 v.
1920 3124 1987 3177 33
2010 3142 2024 3176 :
2058 3122 2228 3175 «Lilia
2249 3138 2349 3173 ceu
2369 3118 2569 3171 niteant

1542 3205 1715 3259 rutilis
1743 3204 2025 3258 commixta
2050 3203 2237 3255 rosetis
2260 3227 2301 3253 n.

1618 3286 1703 3356 59.
1734 3286 1980 3337 Descrae'cu's
2004 3282 2169 3337 edidit
2197 3283 2535 3334 Burmannus
2550 3314 2569 3341 ‚

1545 3377 1597 3419 et
1618 3366 1675 3419 in
1696 3364 1917 3419 Salmas.
1941 3369 2005 3416 de
2031 3365 2233 3423 strictis,
2258 3361 2385 3432 quia
2404 3373 2459 3414 et
2478 3376 2569 3411 su-

1544 3464 1635 3517 pra
1657 3486 1672 3512 ,
1695 3464 1744 3498 v.
1769 3445 1834 3498 30
1852 3482 1869 3507 ,
1906 3444 1981 3497 sic
2000 3442 2321 3514 loquebatur
2346 3450 2566 3492 auctor:

1543 3551 1570 3571 α
1588 3526 1665 3578 De
1706 3523 1869 3578 roseis
1908 3534 2161 3577 connecte
2194 3537 2383 3573 mnus
2401 3555 2417 3583 ,
2436 3516 2569 3571 val-

1542 3624 1703 3669 eane,
1732 3604 1929 3657 catenis
1949 3628 1990 3656 n.

1614 3688 1698 3737 62.
1727 3686 1938 3735 Vincula
1984 3686 2056 3732 εἰσ
2100 3682 2287 3732 mixtis.
2336 3678 2569 3731 Arbores

1542 3763 1692 3836 quasi
1732 3762 1955 3817 vinculis
1994 3759 2333 3830 constringite
2348 3796 2363 3820 ,
2405 3756 2569 3811 ramis

1543 3845 1681 3898 inter
1704 3862 1759 3897 se
1785 3843 1962 3895 mixtis
1984 3852 2037 3894 et
2058 3852 2203 3893 arcte
2224 3837 2565 3909 complicatis.

1543 3922 1778 3977 Lucilius
1806 3922 1861 3975 in
1879 3926 2039 3975 AEtna
2058 3960 2073 3985 ,
2112 3940 2167 3973 v.
2198 3920 2324 3982 361,
2360 3916 2571 3971 dicebat

1546 4030 1568 4049 -
1594 4002 1813 4055 brachia
1830 4000 2083 4054 silvarum
2098 3999 2243 4053 nodo
2256 3997 2511 4069 implicita
2526 4022 2565 4049 n.

1542 4084 1680 4135 Hinc
1700 4095 1750 4134 et
1768 4084 1951 4134 Venu's
1970 4080 2023 4131 in
2047 4080 2193 4132 Perv.
2209 4097 2259 4130 v.
2282 4082 2337 4143 6,
2352 4104 2377 4123 ι-
2390 4077 2569 4148 Impli-

1542 4174 1627 4218 eat
1634 4180 1783 4217 casas
1792 4160 2017 4213 virentes
2026 4158 2166 4213 defle
2172 4158 2307 4231 gello
2318 4168 2567 4230 myrteo».
