<?xml version="1.0" encoding="UTF-8"?>
<!DOCTYPE html PUBLIC "-//W3C//DTD XHTML 1.0 Transitional//EN"
    "http://www.w3.org/TR/xhtml1/DTD/xhtml1-transitional.dtd">
<html xmlns="http://www.w3.org/1999/xhtml" xml:lang="en" lang="en">
 <head>
  <title>
</title>
<meta http-equiv="Content-Type" content="text/html;charset=utf-8" />
  <meta name='ocr-system' content='tesseract 3.04.00' />
  <meta name='ocr-capabilities' content='ocr_page ocr_carea ocr_par ocr_line ocrx_word'/>
</head>
<body>
  <div class='ocr_page' id='page_1' title='image "./poetaelatinimin00unkngoog_0456.png"; bbox 0 0 2975 4684; ppageno 0'>
   <div class='ocr_carea' id='block_1_1' title="bbox 891 379 2532 480">
    <p class='ocr_par' dir='ltr' id='par_1_1' title="bbox 891 379 2532 480">
     <span class='ocr_line' id='line_1_1' title="bbox 891 379 2532 480; baseline 0.005 -33"><span class='ocrx_word' id='word_1_1' title='bbox 891 379 1024 448; x_wconf 89' lang='lat' dir='ltr'><strong>AD</strong></span> <span class='ocrx_word' id='word_1_2' title='bbox 1085 379 1546 450; x_wconf 87' lang='lat' dir='ltr'>LICENTII</span> <span class='ocrx_word' id='word_1_3' title='bbox 1608 379 2051 448; x_wconf 87' lang='lat' dir='ltr'>CARMEN.</span> <span class='ocrx_word' id='word_1_4' title='bbox 2394 385 2532 480; x_wconf 74' lang='grc'><strong>447</strong></span> 
     </span>
    </p>
   </div>
   <div class='ocr_carea' id='block_1_2' title="bbox 405 498 2585 1096">
    <p class='ocr_par' dir='ltr' id='par_1_2' title="bbox 407 498 2541 992">
     <span class='ocr_line' id='line_1_2' title="bbox 407 498 2531 589; baseline 0.003 -26"><span class='ocrx_word' id='word_1_5' title='bbox 407 501 599 564; x_wconf 84' lang='lat' dir='ltr'><strong>brari.</strong></span> <span class='ocrx_word' id='word_1_6' title='bbox 633 498 972 589; x_wconf 86' lang='lat' dir='ltr'><strong>Legendus</strong></span> <span class='ocrx_word' id='word_1_7' title='bbox 1004 500 1298 589; x_wconf 81' lang='lat' dir='ltr'><strong>inprimis</strong></span> <span class='ocrx_word' id='word_1_8' title='bbox 1333 517 1434 564; x_wconf 87' lang='lat' dir='ltr'><strong>est</strong></span> <span class='ocrx_word' id='word_1_9' title='bbox 1467 500 1834 564; x_wconf 83' lang='lat' dir='ltr'><strong>Lactantius</strong></span> <span class='ocrx_word' id='word_1_10' title='bbox 1850 548 1868 582; x_wconf 90' lang='lat'><strong>,</strong></span> <span class='ocrx_word' id='word_1_11' title='bbox 1907 500 2145 564; x_wconf 90' lang='lat' dir='ltr'><strong>Institt.</strong></span> <span class='ocrx_word' id='word_1_12' title='bbox 2183 499 2385 567; x_wconf 84' lang='lat' dir='ltr'><strong>divin.</strong></span> <span class='ocrx_word' id='word_1_13' title='bbox 2417 504 2531 569; x_wconf 91' lang='lat' dir='ltr'><strong>lib.</strong></span> 
     </span>
     <span class='ocr_line' id='line_1_3' title="bbox 409 596 2536 692; baseline 0.003 -29"><span class='ocrx_word' id='word_1_14' title='bbox 409 601 532 663; x_wconf 90' lang='lat' dir='ltr'><strong>VII</strong></span> <span class='ocrx_word' id='word_1_15' title='bbox 548 596 731 689; x_wconf 68' lang='lat' dir='ltr'><strong>‚&#39;cap.</strong></span> <span class='ocrx_word' id='word_1_16' title='bbox 773 604 889 681; x_wconf 74' lang='lat'><strong>24,</strong></span> <span class='ocrx_word' id='word_1_17' title='bbox 917 616 1012 681; x_wconf 85' lang='lat' dir='ltr'><strong>et,</strong></span> <span class='ocrx_word' id='word_1_18' title='bbox 1045 601 1230 681; x_wconf 87' lang='lat' dir='ltr'><strong>cujus</strong></span> <span class='ocrx_word' id='word_1_19' title='bbox 1270 601 1717 666; x_wconf 87' lang='lat' dir='ltr'><strong>testimonium</strong></span> <span class='ocrx_word' id='word_1_20' title='bbox 1754 601 1865 665; x_wconf 83' lang='lat' dir='ltr'><strong>hic</strong></span> <span class='ocrx_word' id='word_1_21' title='bbox 1898 601 2220 690; x_wconf 85' lang='lat' dir='ltr'><strong>praecipue</strong></span> <span class='ocrx_word' id='word_1_22' title='bbox 2258 607 2536 692; x_wconf 86' lang='lat' dir='ltr'><strong>requiri-</strong></span> 
     </span>
     <span class='ocr_line' id='line_1_4' title="bbox 409 700 2541 792; baseline 0.002 -28"><span class='ocrx_word' id='word_1_23' title='bbox 409 723 554 764; x_wconf 89' lang='lat' dir='ltr'><strong>mus</strong></span> <span class='ocrx_word' id='word_1_24' title='bbox 571 751 590 782; x_wconf 85' lang='lat'>‚</span> <span class='ocrx_word' id='word_1_25' title='bbox 609 702 1013 790; x_wconf 84' lang='lat' dir='ltr'><strong>Augustinus</strong></span> <span class='ocrx_word' id='word_1_26' title='bbox 1025 702 1336 791; x_wconf 79' lang='lat' dir='ltr'><strong>Eelogam</strong></span> <span class='ocrx_word' id='word_1_27' title='bbox 1352 702 1600 792; x_wconf 82' lang='lat' dir='ltr'><strong>Virgilii</strong></span> <span class='ocrx_word' id='word_1_28' title='bbox 1618 700 1795 768; x_wconf 78' lang='lat' dir='ltr'><strong>haud</strong></span> <span class='ocrx_word' id='word_1_29' title='bbox 1812 701 1996 766; x_wconf 87' lang='lat' dir='ltr'><strong>aliter</strong></span> <span class='ocrx_word' id='word_1_30' title='bbox 2007 750 2025 782; x_wconf 92' lang='lat'>,</span> <span class='ocrx_word' id='word_1_31' title='bbox 2042 725 2239 790; x_wconf 84' lang='lat' dir='ltr'><strong>quam</strong></span> <span class='ocrx_word' id='word_1_32' title='bbox 2258 703 2339 768; x_wconf 91' lang='lat' dir='ltr'><strong>de</strong></span> <span class='ocrx_word' id='word_1_33' title='bbox 2358 706 2541 769; x_wconf 85' lang='lat' dir='ltr'><strong>Chri-</strong></span> 
     </span>
     <span class='ocr_line' id='line_1_5' title="bbox 409 802 2536 893; baseline 0.004 -28"><span class='ocrx_word' id='word_1_34' title='bbox 409 817 508 866; x_wconf 86' lang='lat' dir='ltr'><strong>sto</strong></span> <span class='ocrx_word' id='word_1_35' title='bbox 526 851 543 884; x_wconf 90' lang='lat'><strong>,</strong></span> <span class='ocrx_word' id='word_1_36' title='bbox 568 802 1050 893; x_wconf 79' lang='lat' dir='ltr'><strong>intelligendam</strong></span> <span class='ocrx_word' id='word_1_37' title='bbox 1085 825 1223 867; x_wconf 89' lang='lat' dir='ltr'><strong>esse</strong></span> <span class='ocrx_word' id='word_1_38' title='bbox 1255 804 1597 868; x_wconf 85' lang='lat' dir='ltr'><strong>confirmat</strong></span> <span class='ocrx_word' id='word_1_39' title='bbox 1616 853 1633 886; x_wconf 93' lang='lat'>,</span> <span class='ocrx_word' id='word_1_40' title='bbox 1664 804 1868 892; x_wconf 87' lang='lat' dir='ltr'><strong>Epist.</strong></span> <span class='ocrx_word' id='word_1_41' title='bbox 1903 805 2087 887; x_wconf 85' lang='lat' dir='ltr'>CLV,</span> <span class='ocrx_word' id='word_1_42' title='bbox 2120 823 2187 869; x_wconf 86' lang='lat' dir='ltr'><strong>et</strong></span> <span class='ocrx_word' id='word_1_43' title='bbox 2220 807 2536 872; x_wconf 91' lang='lat' dir='ltr'>CCLVIII</span> 
     </span>
     <span class='ocr_line' id='line_1_6' title="bbox 409 904 2537 992; baseline 0.003 -27"><span class='ocrx_word' id='word_1_44' title='bbox 409 925 592 967; x_wconf 82' lang='lat' dir='ltr'><strong>novae</strong></span> <span class='ocrx_word' id='word_1_45' title='bbox 647 904 798 968; x_wconf 85' lang='lat' dir='ltr'><strong>edit.</strong></span> <span class='ocrx_word' id='word_1_46' title='bbox 834 935 860 959; x_wconf 75' lang='grc' dir='ltr'><strong>α</strong></span> <span class='ocrx_word' id='word_1_47' title='bbox 882 905 1171 968; x_wconf 86' lang='lat' dir='ltr'><strong>Omnino</strong></span> <span class='ocrx_word' id='word_1_48' title='bbox 1227 927 1362 968; x_wconf 90' lang='lat' dir='ltr'><strong>non</strong></span> <span class='ocrx_word' id='word_1_49' title='bbox 1418 920 1543 987; x_wconf 89' lang='lat' dir='ltr'><strong>est,</strong></span> <span class='ocrx_word' id='word_1_50' title='bbox 1586 905 1833 992; x_wconf 88' lang='lat' dir='ltr'><strong>inquit,</strong></span> <span class='ocrx_word' id='word_1_51' title='bbox 1882 905 1989 968; x_wconf 85' lang='lat' dir='ltr'><strong>cui</strong></span> <span class='ocrx_word' id='word_1_52' title='bbox 2046 905 2261 988; x_wconf 85' lang='lat' dir='ltr'><strong>alteri,</strong></span> <span class='ocrx_word' id='word_1_53' title='bbox 2302 924 2537 992; x_wconf 83' lang='lat' dir='ltr'><strong>praeter</strong></span> 
     </span>
    </p>

    <p class='ocr_par' dir='ltr' id='par_1_3' title="bbox 405 1001 2585 1096">
     <span class='ocr_line' id='line_1_7' title="bbox 405 1001 2585 1096; baseline 0 -29"><span class='ocrx_word' id='word_1_54' title='bbox 405 1006 764 1070; x_wconf 89' lang='lat' dir='ltr'><strong>Dominum</strong></span> <span class='ocrx_word' id='word_1_55' title='bbox 801 1005 1170 1084; x_wconf 81' lang='lat' dir='ltr'><strong>Christum,</strong></span> <span class='ocrx_word' id='word_1_56' title='bbox 1199 1004 1370 1070; x_wconf 87' lang='lat' dir='ltr'><strong>dicat</strong></span> <span class='ocrx_word' id='word_1_57' title='bbox 1402 1029 1609 1096; x_wconf 88' lang='lat' dir='ltr'><strong>genus</strong></span> <span class='ocrx_word' id='word_1_58' title='bbox 1642 1005 2005 1069; x_wconf 85' lang='lat' dir='ltr'><strong>humanum</strong></span> <span class='ocrx_word' id='word_1_59' title='bbox 2034 1026 2051 1068; x_wconf 74' lang='grc' dir='ltr'><strong><em>ε</em></strong></span> <span class='ocrx_word' id='word_1_60' title='bbox 2578 1001 2585 1014; x_wconf 86' lang='grc'><em>’</em></span> 
     </span>
    </p>
   </div>
   <div class='ocr_carea' id='block_1_3' title="bbox 689 1196 2083 1353">
    <p class='ocr_par' dir='ltr' id='par_1_4' title="bbox 689 1196 2083 1353">
     <span class='ocr_line' id='line_1_8' title="bbox 689 1196 2083 1270; baseline -0.001 -21"><span class='ocrx_word' id='word_1_61' title='bbox 689 1198 769 1249; x_wconf 89' lang='lat' dir='ltr'><strong>Te</strong></span> <span class='ocrx_word' id='word_1_62' title='bbox 789 1196 926 1250; x_wconf 83' lang='lat' dir='ltr'><strong>duce</strong></span> <span class='ocrx_word' id='word_1_63' title='bbox 941 1237 958 1262; x_wconf 90' lang='lat'>,</span> <span class='ocrx_word' id='word_1_64' title='bbox 979 1197 1022 1249; x_wconf 86' lang='lat' dir='ltr'><strong>si</strong></span> <span class='ocrx_word' id='word_1_65' title='bbox 1044 1215 1148 1270; x_wconf 76' lang='lat' dir='ltr'><strong>qna</strong></span> <span class='ocrx_word' id='word_1_66' title='bbox 1169 1210 1387 1250; x_wconf 82' lang='lat' dir='ltr'><strong>manent</strong></span> <span class='ocrx_word' id='word_1_67' title='bbox 1404 1197 1620 1250; x_wconf 83' lang='lat' dir='ltr'><strong>sceleris</strong></span> <span class='ocrx_word' id='word_1_68' title='bbox 1642 1197 1863 1268; x_wconf 78' lang='lat' dir='ltr'><strong>vestigia</strong></span> <span class='ocrx_word' id='word_1_69' title='bbox 1882 1198 2049 1250; x_wconf 77' lang='lat' dir='ltr'><strong>nostri</strong></span> <span class='ocrx_word' id='word_1_70' title='bbox 2066 1235 2083 1260; x_wconf 89' lang='lat'>‚</span> 
     </span>
     <span class='ocr_line' id='line_1_9' title="bbox 689 1280 1855 1353; baseline -0.001 -19"><span class='ocrx_word' id='word_1_71' title='bbox 689 1281 840 1334; x_wconf 78' lang='lat' dir='ltr'><strong>Irrita</strong></span> <span class='ocrx_word' id='word_1_72' title='bbox 863 1292 1117 1353; x_wconf 77' lang='lat' dir='ltr'><strong>perpetua</strong></span> <span class='ocrx_word' id='word_1_73' title='bbox 1143 1281 1347 1334; x_wconf 76' lang='lat' dir='ltr'><strong>solvent</strong></span> <span class='ocrx_word' id='word_1_74' title='bbox 1367 1280 1655 1334; x_wconf 82' lang='lat' dir='ltr'><strong>formidine</strong></span> <span class='ocrx_word' id='word_1_75' title='bbox 1674 1291 1855 1334; x_wconf 79' lang='lat' dir='ltr'><strong>terras.</strong></span> 
     </span>
    </p>
   </div>
   <div class='ocr_carea' id='block_1_4' title="bbox 407 1489 2543 3303">
    <p class='ocr_par' dir='ltr' id='par_1_5' title="bbox 407 1489 2543 3303">
     <span class='ocr_line' id='line_1_10' title="bbox 411 1489 2541 1580; baseline 0 -28"><span class='ocrx_word' id='word_1_76' title='bbox 411 1489 575 1572; x_wconf 83' lang='lat' dir='ltr'><strong>Quae</strong></span> <span class='ocrx_word' id='word_1_77' title='bbox 610 1512 690 1553; x_wconf 82' lang='lat' dir='ltr'><strong>ex</strong></span> <span class='ocrx_word' id='word_1_78' title='bbox 720 1492 1019 1572; x_wconf 74' lang='lat' dir='ltr'><strong>Cumaeo,</strong></span> <span class='ocrx_word' id='word_1_79' title='bbox 1049 1489 1116 1554; x_wconf 89' lang='lat' dir='ltr'><strong>id</strong></span> <span class='ocrx_word' id='word_1_80' title='bbox 1150 1505 1278 1572; x_wconf 70' lang='lat' dir='ltr'><strong>est,</strong></span> <span class='ocrx_word' id='word_1_81' title='bbox 1312 1513 1389 1555; x_wconf 84' lang='lat' dir='ltr'><strong>ex</strong></span> <span class='ocrx_word' id='word_1_82' title='bbox 1427 1491 1743 1580; x_wconf 78' lang='lat' dir='ltr'><strong>Sibyllino</strong></span> <span class='ocrx_word' id='word_1_83' title='bbox 1778 1492 2062 1556; x_wconf 84' lang='lat' dir='ltr'><strong>carmine</strong></span> <span class='ocrx_word' id='word_1_84' title='bbox 2106 1513 2175 1555; x_wconf 89' lang='lat' dir='ltr'><strong>se</strong></span> <span class='ocrx_word' id='word_1_85' title='bbox 2206 1491 2411 1554; x_wconf 86' lang='lat' dir='ltr'><strong>fassus</strong></span> <span class='ocrx_word' id='word_1_86' title='bbox 2444 1506 2541 1554; x_wconf 88' lang='lat' dir='ltr'><strong>est</strong></span> 
     </span>
     <span class='ocr_line' id='line_1_11' title="bbox 409 1591 2539 1679; baseline 0 -26"><span class='ocrx_word' id='word_1_87' title='bbox 409 1591 813 1655; x_wconf 83' lang='lat' dir='ltr'><strong>transtulisse</strong></span> <span class='ocrx_word' id='word_1_88' title='bbox 860 1591 1200 1679; x_wconf 84' lang='lat' dir='ltr'><strong>Virgilius;</strong></span> <span class='ocrx_word' id='word_1_89' title='bbox 1251 1592 1564 1678; x_wconf 81' lang='lat' dir='ltr'><strong>quoniam</strong></span> <span class='ocrx_word' id='word_1_90' title='bbox 1628 1591 1913 1656; x_wconf 83' lang='lat' dir='ltr'><strong>fortassis</strong></span> <span class='ocrx_word' id='word_1_91' title='bbox 1972 1592 2162 1656; x_wconf 85' lang='lat' dir='ltr'><strong>etiam</strong></span> <span class='ocrx_word' id='word_1_92' title='bbox 2215 1592 2321 1655; x_wconf 85' lang='lat' dir='ltr'><strong>illa</strong></span> <span class='ocrx_word' id='word_1_93' title='bbox 2367 1607 2539 1655; x_wconf 83' lang='lat' dir='ltr'><strong>vates</strong></span> 
     </span>
     <span class='ocr_line' id='line_1_12' title="bbox 407 1691 2539 1782; baseline 0 -26"><span class='ocrx_word' id='word_1_94' title='bbox 407 1692 652 1780; x_wconf 85' lang='lat' dir='ltr'><strong>aliquid</strong></span> <span class='ocrx_word' id='word_1_95' title='bbox 677 1691 761 1757; x_wconf 91' lang='lat' dir='ltr'><strong>de</strong></span> <span class='ocrx_word' id='word_1_96' title='bbox 787 1693 986 1756; x_wconf 91' lang='lat' dir='ltr'><strong>unico</strong></span> <span class='ocrx_word' id='word_1_97' title='bbox 1011 1692 1338 1757; x_wconf 85' lang='lat' dir='ltr'><strong>Salvatore</strong></span> <span class='ocrx_word' id='word_1_98' title='bbox 1365 1693 1435 1755; x_wconf 90' lang='lat' dir='ltr'><strong>in</strong></span> <span class='ocrx_word' id='word_1_99' title='bbox 1461 1693 1694 1782; x_wconf 87' lang='lat' dir='ltr'><strong>spiritu</strong></span> <span class='ocrx_word' id='word_1_100' title='bbox 1720 1693 2043 1772; x_wconf 86' lang='lat' dir='ltr'><strong>audierat,</strong></span> <span class='ocrx_word' id='word_1_101' title='bbox 2072 1691 2251 1779; x_wconf 89' lang='lat' dir='ltr'><strong>quod</strong></span> <span class='ocrx_word' id='word_1_102' title='bbox 2280 1714 2539 1756; x_wconf 86' lang='lat' dir='ltr'><strong>necesse</strong></span> 
     </span>
     <span class='ocr_line' id='line_1_13' title="bbox 410 1791 2539 1880; baseline 0 -24"><span class='ocrx_word' id='word_1_103' title='bbox 410 1794 637 1857; x_wconf 85' lang='lat' dir='ltr'><strong>habuit</strong></span> <span class='ocrx_word' id='word_1_104' title='bbox 657 1791 949 1856; x_wconf 85' lang='lat' dir='ltr'><strong>confiteri</strong></span> <span class='ocrx_word' id='word_1_105' title='bbox 963 1792 1206 1856; x_wconf 70' lang='lat' dir='ltr'><strong>».—-Si‹.=</strong></span> <span class='ocrx_word' id='word_1_106' title='bbox 1228 1792 1419 1856; x_wconf 85' lang='lat' dir='ltr'><strong>etiam</strong></span> <span class='ocrx_word' id='word_1_107' title='bbox 1443 1794 1880 1879; x_wconf 72' lang='lat' dir='ltr'><strong>Hieronymus</strong></span> <span class='ocrx_word' id='word_1_108' title='bbox 1895 1839 1914 1872; x_wconf 87' lang='lat'>‚</span> <span class='ocrx_word' id='word_1_109' title='bbox 1933 1792 2047 1854; x_wconf 87' lang='lat' dir='ltr'><strong>lib.</strong></span> <span class='ocrx_word' id='word_1_110' title='bbox 2068 1794 2164 1873; x_wconf 87' lang='lat'><strong>11,</strong></span> <span class='ocrx_word' id='word_1_111' title='bbox 2182 1793 2367 1880; x_wconf 83' lang='lat' dir='ltr'><strong>epist.</strong></span> <span class='ocrx_word' id='word_1_112' title='bbox 2394 1815 2431 1856; x_wconf 83' lang='lat'>2</span> <span class='ocrx_word' id='word_1_113' title='bbox 2456 1792 2539 1857; x_wconf 83' lang='lat' dir='ltr'><strong>ad</strong></span> 
     </span>
     <span class='ocr_line' id='line_1_14' title="bbox 409 1893 2542 1980; baseline -0.001 -21"><span class='ocrx_word' id='word_1_114' title='bbox 409 1895 812 1959; x_wconf 85' lang='lat' dir='ltr'><strong>Paullinum:</strong></span> <span class='ocrx_word' id='word_1_115' title='bbox 837 1923 862 1950; x_wconf 75' lang='grc' dir='ltr'><strong>α</strong></span> <span class='ocrx_word' id='word_1_116' title='bbox 884 1893 1086 1976; x_wconf 79' lang='lat' dir='ltr'><strong>Quasi</strong></span> <span class='ocrx_word' id='word_1_117' title='bbox 1115 1913 1251 1956; x_wconf 87' lang='lat' dir='ltr'><strong>non</strong></span> <span class='ocrx_word' id='word_1_118' title='bbox 1282 1893 1623 1980; x_wconf 86' lang='lat' dir='ltr'><strong>legerimus</strong></span> <span class='ocrx_word' id='word_1_119' title='bbox 1656 1893 2279 1956; x_wconf 85' lang='lat' dir='ltr'><strong>Homero-centones</strong></span> <span class='ocrx_word' id='word_1_120' title='bbox 2314 1909 2379 1956; x_wconf 91' lang='lat' dir='ltr'><strong>et</strong></span> <span class='ocrx_word' id='word_1_121' title='bbox 2401 1893 2542 1956; x_wconf 88' lang='lat' dir='ltr'><strong>Vir·</strong></span> 
     </span>
     <span class='ocr_line' id='line_1_15' title="bbox 409 1995 2538 2085; baseline -0.001 -25"><span class='ocrx_word' id='word_1_122' title='bbox 409 1997 940 2085; x_wconf 81' lang='lat' dir='ltr'><strong>gilio-centones3</strong></span> <span class='ocrx_word' id='word_1_123' title='bbox 995 2017 1072 2059; x_wconf 78' lang='lat' dir='ltr'><strong>ac</strong></span> <span class='ocrx_word' id='word_1_124' title='bbox 1123 2017 1256 2058; x_wconf 88' lang='lat' dir='ltr'><strong>non</strong></span> <span class='ocrx_word' id='word_1_125' title='bbox 1308 1995 1402 2058; x_wconf 85' lang='lat' dir='ltr'><strong>sic</strong></span> <span class='ocrx_word' id='word_1_126' title='bbox 1447 1995 1638 2060; x_wconf 83' lang='lat' dir='ltr'><strong>etiam</strong></span> <span class='ocrx_word' id='word_1_127' title='bbox 1694 1995 2032 2058; x_wconf 85' lang='lat' dir='ltr'><strong>Maronem</strong></span> <span class='ocrx_word' id='word_1_128' title='bbox 2083 1995 2222 2058; x_wconf 88' lang='lat' dir='ltr'><strong>sine</strong></span> <span class='ocrx_word' id='word_1_129' title='bbox 2277 1995 2538 2060; x_wconf 88' lang='lat' dir='ltr'><strong>Christo</strong></span> 
     </span>
     <span class='ocr_line' id='line_1_16' title="bbox 409 2094 2543 2186; baseline -0.001 -25"><span class='ocrx_word' id='word_1_130' title='bbox 409 2099 730 2186; x_wconf 87' lang='lat' dir='ltr'><strong>possimus</strong></span> <span class='ocrx_word' id='word_1_131' title='bbox 785 2097 998 2161; x_wconf 84' lang='lat' dir='ltr'><strong>dicere</strong></span> <span class='ocrx_word' id='word_1_132' title='bbox 1045 2094 1488 2160; x_wconf 84' lang='lat' dir='ltr'><strong>Christianum</strong></span> <span class='ocrx_word' id='word_1_133' title='bbox 1510 2143 1531 2176; x_wconf 82' lang='lat'><strong>,</strong></span> <span class='ocrx_word' id='word_1_134' title='bbox 1565 2095 1719 2183; x_wconf 82' lang='lat' dir='ltr'><strong>quia</strong></span> <span class='ocrx_word' id='word_1_135' title='bbox 1764 2094 2090 2182; x_wconf 84' lang='lat' dir='ltr'><strong>scripserit</strong></span> <span class='ocrx_word' id='word_1_136' title='bbox 2121 2117 2137 2157; x_wconf 73' lang='grc' dir='ltr'><em>τ</em></span> <span class='ocrx_word' id='word_1_137' title='bbox 2179 2097 2331 2163; x_wconf 82' lang='lat' dir='ltr'><strong>Jam</strong></span> <span class='ocrx_word' id='word_1_138' title='bbox 2380 2096 2543 2160; x_wconf 79' lang='lat' dir='ltr'><strong>redit</strong></span> 
     </span>
     <span class='ocr_line' id='line_1_17' title="bbox 407 2197 2538 2286; baseline -0.001 -24"><span class='ocrx_word' id='word_1_139' title='bbox 407 2215 472 2264; x_wconf 81' lang='lat' dir='ltr'><strong>et</strong></span> <span class='ocrx_word' id='word_1_140' title='bbox 502 2204 682 2286; x_wconf 78' lang='lat' dir='ltr'><strong>virgo</strong></span> <span class='ocrx_word' id='word_1_141' title='bbox 700 2249 720 2281; x_wconf 89' lang='lat'><em>‚</em></span> <span class='ocrx_word' id='word_1_142' title='bbox 761 2200 1024 2264; x_wconf 78' lang='lat' dir='ltr'><strong>redeunt</strong></span> <span class='ocrx_word' id='word_1_143' title='bbox 1042 2199 1344 2263; x_wconf 77' lang='lat' dir='ltr'><strong>Saturnia</strong></span> <span class='ocrx_word' id='word_1_144' title='bbox 1369 2219 1571 2284; x_wconf 78' lang='lat' dir='ltr'><strong>regna</strong></span> <span class='ocrx_word' id='word_1_145' title='bbox 1583 2221 1610 2276; x_wconf 87' lang='lat'><strong>‚·</strong></span> <span class='ocrx_word' id='word_1_146' title='bbox 1645 2197 1797 2260; x_wconf 87' lang='lat' dir='ltr'><strong>Jam</strong></span> <span class='ocrx_word' id='word_1_147' title='bbox 1830 2218 1993 2260; x_wconf 78' lang='lat' dir='ltr'><strong>nova</strong></span> <span class='ocrx_word' id='word_1_148' title='bbox 2012 2200 2345 2284; x_wconf 77' lang='lat' dir='ltr'><strong>progenies</strong></span> <span class='ocrx_word' id='word_1_149' title='bbox 2380 2198 2538 2262; x_wconf 80' lang='lat' dir='ltr'><strong>coelo</strong></span> 
     </span>
     <span class='ocr_line' id='line_1_18' title="bbox 409 2295 2536 2388; baseline -0.001 -23"><span class='ocrx_word' id='word_1_150' title='bbox 409 2303 756 2366; x_wconf 79' lang='lat' dir='ltr'><strong>demittitur</strong></span> <span class='ocrx_word' id='word_1_151' title='bbox 773 2301 929 2366; x_wconf 83' lang='lat' dir='ltr'><strong>alt0.</strong></span> <span class='ocrx_word' id='word_1_152' title='bbox 949 2331 976 2356; x_wconf 76' lang='grc' dir='ltr'><strong>ι»</strong></span> <span class='ocrx_word' id='word_1_153' title='bbox 992 2302 1076 2364; x_wconf 90' lang='lat' dir='ltr'><strong>Et</strong></span> <span class='ocrx_word' id='word_1_154' title='bbox 1095 2316 1345 2388; x_wconf 85' lang='lat' dir='ltr'><strong>patrem</strong></span> <span class='ocrx_word' id='word_1_155' title='bbox 1364 2299 1741 2386; x_wconf 84' lang='lat' dir='ltr'><strong>loquentem</strong></span> <span class='ocrx_word' id='word_1_156' title='bbox 1759 2295 1843 2362; x_wconf 77' lang='lat' dir='ltr'><strong>ad</strong></span> <span class='ocrx_word' id='word_1_157' title='bbox 1858 2296 2066 2361; x_wconf 89' lang='lat' dir='ltr'><strong>filium</strong></span> <span class='ocrx_word' id='word_1_158' title='bbox 2084 2320 2139 2360; x_wconf 77' lang='lat'><strong>:-</strong></span> <span class='ocrx_word' id='word_1_159' title='bbox 2152 2298 2317 2362; x_wconf 83' lang='lat' dir='ltr'><strong>Nate</strong></span> <span class='ocrx_word' id='word_1_160' title='bbox 2332 2345 2351 2378; x_wconf 86' lang='lat'>,</span> <span class='ocrx_word' id='word_1_161' title='bbox 2377 2321 2536 2362; x_wconf 80' lang='lat' dir='ltr'><strong>meae</strong></span> 
     </span>
     <span class='ocr_line' id='line_1_19' title="bbox 407 2399 2537 2492; baseline -0.003 -24"><span class='ocrx_word' id='word_1_162' title='bbox 407 2405 572 2468; x_wconf 86' lang='lat' dir='ltr'><strong>vires</strong></span> <span class='ocrx_word' id='word_1_163' title='bbox 589 2455 607 2482; x_wconf 85' lang='lat'>‚</span> <span class='ocrx_word' id='word_1_164' title='bbox 635 2425 779 2468; x_wconf 85' lang='lat' dir='ltr'><strong>mea</strong></span> <span class='ocrx_word' id='word_1_165' title='bbox 811 2425 1040 2492; x_wconf 81' lang='lat' dir='ltr'><strong>magna</strong></span> <span class='ocrx_word' id='word_1_166' title='bbox 1073 2401 1396 2490; x_wconf 81' lang='lat' dir='ltr'><strong>potentia,</strong></span> <span class='ocrx_word' id='word_1_167' title='bbox 1419 2401 1597 2464; x_wconf 87' lang='lat' dir='ltr'><strong>solus</strong></span> <span class='ocrx_word' id='word_1_168' title='bbox 1616 2431 1663 2464; x_wconf 77' lang='grc' dir='ltr'><strong>ι».</strong></span> <span class='ocrx_word' id='word_1_169' title='bbox 1695 2399 1781 2462; x_wconf 90' lang='lat' dir='ltr'><strong>Et</strong></span> <span class='ocrx_word' id='word_1_170' title='bbox 1810 2415 1962 2486; x_wconf 92' lang='lat' dir='ltr'><strong>post</strong></span> <span class='ocrx_word' id='word_1_171' title='bbox 1981 2399 2178 2463; x_wconf 84' lang='lat' dir='ltr'><strong>verba</strong></span> <span class='ocrx_word' id='word_1_172' title='bbox 2200 2399 2537 2465; x_wconf 78' lang='lat' dir='ltr'><strong>salvatoris</strong></span> 
     </span>
     <span class='ocr_line' id='line_1_20' title="bbox 408 2501 2535 2592; baseline -0.001 -23"><span class='ocrx_word' id='word_1_173' title='bbox 408 2507 475 2569; x_wconf 89' lang='lat' dir='ltr'><strong>in</strong></span> <span class='ocrx_word' id='word_1_174' title='bbox 497 2527 688 2569; x_wconf 88' lang='lat' dir='ltr'><strong>cruce</strong></span> <span class='ocrx_word' id='word_1_175' title='bbox 707 2529 722 2570; x_wconf 75' lang='grc' dir='ltr'>ε</span> <span class='ocrx_word' id='word_1_176' title='bbox 738 2535 762 2560; x_wconf 65' lang='grc' dir='ltr'><strong>αι</strong></span> <span class='ocrx_word' id='word_1_177' title='bbox 777 2505 955 2568; x_wconf 80' lang='lat' dir='ltr'><strong>Talia</strong></span> <span class='ocrx_word' id='word_1_178' title='bbox 967 2503 1291 2592; x_wconf 78' lang='lat' dir='ltr'><strong>perstabat</strong></span> <span class='ocrx_word' id='word_1_179' title='bbox 1313 2524 1702 2585; x_wconf 83' lang='lat' dir='ltr'><strong>memorans,</strong></span> <span class='ocrx_word' id='word_1_180' title='bbox 1720 2501 2017 2590; x_wconf 84' lang='lat' dir='ltr'><strong>fixusque</strong></span> <span class='ocrx_word' id='word_1_181' title='bbox 2039 2501 2397 2566; x_wconf 78' lang='lat' dir='ltr'><strong>manebat».</strong></span> <span class='ocrx_word' id='word_1_182' title='bbox 2413 2504 2535 2566; x_wconf 88' lang='lat' dir='ltr'><strong>En.</strong></span> 
     </span>
     <span class='ocr_line' id='line_1_21' title="bbox 409 2603 2539 2692; baseline 0 -25"><span class='ocrx_word' id='word_1_183' title='bbox 409 2643 496 2654; x_wconf 88' lang='lat'><strong>—-</strong></span> <span class='ocrx_word' id='word_1_184' title='bbox 523 2605 660 2669; x_wconf 86' lang='lat' dir='ltr'><strong>Hae</strong></span> <span class='ocrx_word' id='word_1_185' title='bbox 687 2605 1000 2692; x_wconf 87' lang='lat' dir='ltr'><strong>opinione</strong></span> <span class='ocrx_word' id='word_1_186' title='bbox 1027 2605 1262 2668; x_wconf 88' lang='lat' dir='ltr'><strong>imbuti</strong></span> <span class='ocrx_word' id='word_1_187' title='bbox 1289 2603 1585 2669; x_wconf 89' lang='lat' dir='ltr'><strong>doctores</strong></span> <span class='ocrx_word' id='word_1_188' title='bbox 1616 2603 1733 2666; x_wconf 90' lang='lat' dir='ltr'><strong>ubi</strong></span> <span class='ocrx_word' id='word_1_189' title='bbox 1764 2604 1833 2667; x_wconf 92' lang='lat' dir='ltr'><strong>in</strong></span> <span class='ocrx_word' id='word_1_190' title='bbox 1859 2603 2084 2670; x_wconf 86' lang='lat' dir='ltr'><strong>eadem</strong></span> <span class='ocrx_word' id='word_1_191' title='bbox 2110 2603 2348 2692; x_wconf 85' lang='lat' dir='ltr'><strong>Ecloga</strong></span> <span class='ocrx_word' id='word_1_192' title='bbox 2375 2605 2539 2692; x_wconf 83' lang='lat' dir='ltr'><strong>lege-</strong></span> 
     </span>
     <span class='ocr_line' id='line_1_22' title="bbox 409 2704 2539 2794; baseline -0.001 -24"><span class='ocrx_word' id='word_1_193' title='bbox 409 2708 602 2771; x_wconf 86' lang='lat' dir='ltr'><strong>bant:</strong></span> <span class='ocrx_word' id='word_1_194' title='bbox 629 2707 801 2770; x_wconf 78' lang='lat' dir='ltr'><strong>Tuus</strong></span> <span class='ocrx_word' id='word_1_195' title='bbox 810 2704 965 2794; x_wconf 85' lang='lat' dir='ltr'><strong>jam</strong></span> <span class='ocrx_word' id='word_1_196' title='bbox 989 2719 1218 2792; x_wconf 79' lang='lat' dir='ltr'><strong>regnat</strong></span> <span class='ocrx_word' id='word_1_197' title='bbox 1230 2706 1466 2794; x_wconf 80' lang='lat' dir='ltr'><strong>Apollo</strong></span> <span class='ocrx_word' id='word_1_198' title='bbox 1480 2729 1508 2785; x_wconf 91' lang='lat'><em>;</em></span> <span class='ocrx_word' id='word_1_199' title='bbox 1528 2705 1637 2768; x_wconf 86' lang='lat' dir='ltr'><strong>hic</strong></span> <span class='ocrx_word' id='word_1_200' title='bbox 1656 2705 1849 2768; x_wconf 79' lang='lat' dir='ltr'><strong>etiam</strong></span> <span class='ocrx_word' id='word_1_201' title='bbox 1876 2705 2323 2768; x_wconf 83' lang='lat' dir='ltr'><strong>existimabant</strong></span> <span class='ocrx_word' id='word_1_202' title='bbox 2344 2705 2539 2793; x_wconf 90' lang='lat' dir='ltr'><strong>Apol-</strong></span> 
     </span>
     <span class='ocr_line' id='line_1_23' title="bbox 410 2806 2537 2896; baseline -0.001 -24"><span class='ocrx_word' id='word_1_203' title='bbox 410 2810 558 2872; x_wconf 81' lang='lat' dir='ltr'><strong>linis</strong></span> <span class='ocrx_word' id='word_1_204' title='bbox 591 2809 854 2872; x_wconf 80' lang='lat' dir='ltr'><strong>nomine</strong></span> <span class='ocrx_word' id='word_1_205' title='bbox 887 2809 1220 2872; x_wconf 86' lang='lat' dir='ltr'><strong>Christum</strong></span> <span class='ocrx_word' id='word_1_206' title='bbox 1258 2806 1619 2896; x_wconf 80' lang='lat' dir='ltr'><strong>significari.</strong></span> <span class='ocrx_word' id='word_1_207' title='bbox 1654 2811 1873 2894; x_wconf 84' lang='lat' dir='ltr'><strong>Atque</strong></span> <span class='ocrx_word' id='word_1_208' title='bbox 1904 2807 2104 2894; x_wconf 83' lang='lat' dir='ltr'><strong>igitur</strong></span> <span class='ocrx_word' id='word_1_209' title='bbox 2136 2807 2537 2894; x_wconf 85' lang='lat' dir='ltr'><strong>Augustinus</strong></span> 
     </span>
     <span class='ocr_line' id='line_1_24' title="bbox 409 2909 2535 2998; baseline -0.001 -24"><span class='ocrx_word' id='word_1_210' title='bbox 409 2933 560 2974; x_wconf 89' lang='lat' dir='ltr'><strong>cum</strong></span> <span class='ocrx_word' id='word_1_211' title='bbox 592 2910 882 2975; x_wconf 85' lang='lat' dir='ltr'><strong>Licentio</strong></span> <span class='ocrx_word' id='word_1_212' title='bbox 904 2959 921 2992; x_wconf 93' lang='lat'>,</span> <span class='ocrx_word' id='word_1_213' title='bbox 958 2910 1196 2998; x_wconf 87' lang='lat' dir='ltr'><strong>quibus</strong></span> <span class='ocrx_word' id='word_1_214' title='bbox 1235 2910 1592 2975; x_wconf 84' lang='lat' dir='ltr'><strong>admodum</strong></span> <span class='ocrx_word' id='word_1_215' title='bbox 1626 2909 1951 2973; x_wconf 81' lang='lat' dir='ltr'><strong>familiaris</strong></span> <span class='ocrx_word' id='word_1_216' title='bbox 1988 2931 2215 2975; x_wconf 84' lang='lat' dir='ltr'><strong>sensus</strong></span> <span class='ocrx_word' id='word_1_217' title='bbox 2244 2925 2309 2972; x_wconf 89' lang='lat' dir='ltr'><strong>et</strong></span> <span class='ocrx_word' id='word_1_218' title='bbox 2336 2909 2535 2981; x_wconf 87' lang='lat' dir='ltr'><strong>dictio</strong></span> 
     </span>
     <span class='ocr_line' id='line_1_25' title="bbox 411 3010 2535 3101; baseline 0 -25"><span class='ocrx_word' id='word_1_219' title='bbox 411 3012 661 3101; x_wconf 85' lang='lat' dir='ltr'><strong>Virgilii</strong></span> <span class='ocrx_word' id='word_1_220' title='bbox 702 3028 836 3076; x_wconf 77' lang='lat' dir='ltr'><strong>erat</strong></span> <span class='ocrx_word' id='word_1_221' title='bbox 853 3059 870 3092; x_wconf 89' lang='lat'>,</span> <span class='ocrx_word' id='word_1_222' title='bbox 903 3013 1054 3076; x_wconf 77' lang='lat' dir='ltr'><strong>satis</strong></span> <span class='ocrx_word' id='word_1_223' title='bbox 1097 3033 1335 3100; x_wconf 82' lang='lat' dir='ltr'><strong>magna.</strong></span> <span class='ocrx_word' id='word_1_224' title='bbox 1361 3012 1741 3075; x_wconf 79' lang='lat' dir='ltr'><strong>auctoritate</strong></span> <span class='ocrx_word' id='word_1_225' title='bbox 1761 3059 1781 3092; x_wconf 91' lang='lat'>‚</span> <span class='ocrx_word' id='word_1_226' title='bbox 1818 3033 1855 3076; x_wconf 81' lang='lat' dir='ltr'><strong>a</strong></span> <span class='ocrx_word' id='word_1_227' title='bbox 1886 3010 2188 3075; x_wconf 76' lang='lat' dir='ltr'><strong>vaticinio</strong></span> <span class='ocrx_word' id='word_1_228' title='bbox 2218 3011 2535 3099; x_wconf 81' lang='lat' dir='ltr'><strong>Sibyllino</strong></span> 
     </span>
     <span class='ocr_line' id='line_1_26' title="bbox 409 3111 2539 3201; baseline -0.001 -25"><span class='ocrx_word' id='word_1_229' title='bbox 409 3111 640 3196; x_wconf 84' lang='lat' dir='ltr'><strong>ducta,</strong></span> <span class='ocrx_word' id='word_1_230' title='bbox 677 3133 798 3176; x_wconf 88' lang='lat' dir='ltr'><strong>nec</strong></span> <span class='ocrx_word' id='word_1_231' title='bbox 852 3134 1082 3201; x_wconf 81' lang='lat' dir='ltr'><strong>magna</strong></span> <span class='ocrx_word' id='word_1_232' title='bbox 1128 3135 1280 3178; x_wconf 83' lang='lat' dir='ltr'><strong>eum</strong></span> <span class='ocrx_word' id='word_1_233' title='bbox 1326 3112 1576 3176; x_wconf 77' lang='lat' dir='ltr'><strong>offensa</strong></span> <span class='ocrx_word' id='word_1_234' title='bbox 1614 3112 1930 3193; x_wconf 71' lang='lat' dir='ltr'><strong>aliorum,</strong></span> <span class='ocrx_word' id='word_1_235' title='bbox 1960 3111 2267 3176; x_wconf 80' lang='lat' dir='ltr'><strong>videntur</strong></span> <span class='ocrx_word' id='word_1_236' title='bbox 2299 3113 2539 3200; x_wconf 85' lang='lat' dir='ltr'><strong>Apolli-</strong></span> 
     </span>
     <span class='ocr_line' id='line_1_27' title="bbox 413 3215 1422 3303; baseline -0.002 -25"><span class='ocrx_word' id='word_1_237' title='bbox 413 3237 562 3278; x_wconf 88' lang='lat' dir='ltr'><strong>nem</strong></span> <span class='ocrx_word' id='word_1_238' title='bbox 597 3237 716 3303; x_wconf 86' lang='lat' dir='ltr'><strong>pro</strong></span> <span class='ocrx_word' id='word_1_239' title='bbox 747 3215 1006 3279; x_wconf 83' lang='lat' dir='ltr'><strong>Christo</strong></span> <span class='ocrx_word' id='word_1_240' title='bbox 1038 3215 1422 3278; x_wconf 83' lang='lat' dir='ltr'><strong>nominasse.</strong></span> 
     </span>
    </p>
   </div>
  </div>
 </body>
</html>
