2975 4684
436 393 548 412 m}
553 394 890 415 “m
899 397 2569 420 mmmmummmmmmmmmm

1455 665 1549 714 DE.

467 866 1140 973 EPITOME
1207 872 1851 977 1L1Aoos
1927 837 2541 978 HOMERI

933 1113 1455 1215 EJUSQUE
1516 1117 2082 1196 AUCTORE

537 1344 1164 1416 TESTIMONIA
1227 1349 1811 1418 AUCTORUM
1868 1351 1993 1418 AC
2048 1351 2484 1418 JUDICIA.

1008 1577 1945 1617 *w-w
1983 1597 2009 1604 -·

456 1767 505 1828 1.
552 1769 796 1830 Auctor
831 1769 1062 1832 veteris
1095 1771 1599 1858 epigrammatis,
1638 1770 1817 1856 quod
1852 1772 1917 1834 iu
1949 1772 2180 1836 Pithoei
2206 1772 2419 1861 Epigr.
2448 1789 2569 1836 vet.

538 1869 647 1936 lib.
682 1875 741 1954 1,
779 1896 842 1960 p.
879 1895 995 1958 29,
1024 1891 1088 1938 et
1123 1875 1190 1937 in
1240 1878 1459 1938 Burm.
1496 1875 1760 1940 Anthol.
1794 1877 1930 1940 Lat.
1987 1876 2094 1940 lib.
2130 1878 2260 1954 111,
2307 1901 2406 1964 ep.
2448 1879 2570 1955 62,

537 1979 908 2044 inscribitur
935 1981 1016 2043 de
1061 1981 1478 2068 Navzgratwne
1510 1980 1627 2070 (⁴),
1679 2005 1871 2068 quem
1906 1999 2235 2048 auctorem
2278 1985 2576 2070 suspicor

548 2085 792 2147 Rufum
821 2087 1134 2149 Avienum
1169 2109 1307 2152 esse
1335 2109 1351 2150 t

707 2265 782 2324 ,Ο
809 2264 931 2318 litus
961 2266 1068 2318 vita
1095 2265 1224 2320 mihi
1253 2264 1490 2319 dulcius!
1524 2285 1559 2318 o
1590 2266 1765 2318 mare!
1796 2267 1921 2320 felix

800 2353 900 2405 Cui
926 2353 1047 2406 licet
1073 2352 1141 2406 ad
1167 2365 1330 2406 terras
1357 2353 1433 2405 ire
1455 2353 1681 2406 subinde
1704 2371 1861 2408 meas.

734 2439 784 2490 Ο
813 2439 1041 2492 formosa
1064 2439 1174 2493 dies
1195 2441 1208 2492 l
1233 2445 1324 2492 Ιιοσ
1349 2446 1599 2508 quondam
1627 2461 1736 2493 rure
1761 2447 1975 2498 solebam

803 2529 1015 2578 Iliadum
1037 2543 1258 2579 arenatas
1282 2532 1543 2582 sollicitare
1566 2551 1755 2582 manus.

529 2731 552 2754 ⁴
582 2727 776 2782 Parum
817 2740 970 2801 aptus
1003 2728 1095 2784 hic
1135 2731 1316 2783 titulus
1361 2732 1486 2801 epi-.

464 2809 744 2880 grammati
773 2821 850 2862 est
865 2849 880 2874 ,
917 2827 1014 2862 nec
1046 2827 1168 2861 eum
1198 2809 1253 2861 in
1293 2809 1476 2863 codice

461 2889 610 2942 Voss.
637 2900 726 2940 aut
761 2887 968 2941 schedis
1000 2887 1248 2959 Scaliger-i
1291 2889 1475 2942 haberi

458 2981 676 3020 testatur
692 2967 1035 3020 Burmannus.
1059 2967 1204 3020 Nihil
1225 2967 1368 3020 aliud
1392 2988 1478 3021 au-

461 3060 576 3100 ctor
600 3047 823 3099 incertus
840 3086 855 3111 ,
877 3065 1032 3117 quam
1055 3047 1232 3099 villam
1251 3065 1398 3099 suam
1420 3047 1474 3098 in

463 3127 612 3180 litore
639 3127 794 3178 maris
818 3126 1044 3196 positam
1075 3125 1284 3192 laudat,
1317 3145 1348 3178 e
1370 3145 1476 3197 qua

463 3205 761 3277 prospicere
803 3225 965 3258 naves
1011 3219 1192 3259 euntes
1241 3207 1294 3260 iu
1345 3207 1476 3260 mari

461 3285 684 3336 subinde
715 3284 782 3336 ad
817 3285 939 3338 litus
983 3285 1300 3357 appellentes
1334 3297 1477 3356 pote-

461 3375 553 3416 rat.
605 3363 762 3417 Unde
815 3365 862 3415 ei
915 3365 1159 3436 cogitatio
1211 3365 1475 3417 suboritur

461 3443 800 3512 comparandi
819 3442 1150 3496 incommoda
1169 3457 1222 3496 et
1242 3442 1469 3514 pericula

463 3521 813 3591 navigationis
838 3541 960 3574 cum
1000 3522 1138 3574 sedis
1173 3541 1282 3575 suae
1309 3535 1472 3574 terre-

457 3600 576 3653 stris
601 3601 888 3654 securitate.
922 3601 1311 3655 conserendum
1333 3602 1473 3653 Mar·

461 3679 598 3734 tialis
623 3680 783 3753 epigr.
819 3683 878 3732 51
910 3681 1030 3732 libri
1056 3682 1120 3732 X.

540 3778 582 3811 1.
610 3762 773 3818 Felix,
803 3762 890 3811 Cui
909 3763 1044 3820 licet,
1078 3760 1130 3812 h.
1157 3780 1199 3812 e.
1229 3759 1350 3812 felix
1385 3760 1473 3811 ille

459 3835 758 3900 habendus,
807 3839 894 3890 cui
947 3839 1201 3910 contingit
1251 3837 1473 3892 subinde

461 3916 598 3967 hanc
623 3914 677 3968 in
703 3917 876 3969 villam
905 3936 1076 3971 meam
1113 3917 1385 3983 secedere,
1423 3930 1474 3970 et

459 3995 558 4046 hac
601 4003 854 4046 terrarum
900 3998 1195 4050 anioenitate
1233 3998 1356 4048 frui.
1389 3997 1470 4049 Si-

458 4073 582 4122 mile
603 4071 730 4123 illud
755 4073 983 4139 Horatii,
1005 4075 1170 4144 Epod.
1198 4093 1258 4128 2:
1291 4102 1310 4122 ·
1341 4076 1471 4128 Bea-

1562 2743 1646 2785 tus
1680 2733 1793 2798 ille,
1826 2733 1919 2804 qui
1946 2733 2130 2804 procul
2160 2732 2405 2802 negotiis,
2426 2747 2523 2786 etc.
2548 2759 2571 2780 a

1564 2827 1619 2862 et
1650 2810 1931 2864 Claudiani
1958 2810 2121 2882 epigr.
2150 2829 2211 2863 a:
2240 2837 2265 2856 ιι
2288 2811 2455 2877 Felix,
2480 2811 2575 2884 qui

1563 2889 1746 2962 patri-is
1766 2909 1937 2942 sevum
1958 2891 2203 2960 transegit
2222 2889 2277 2942 iu
2296 2891 2433 2960 agris
2447 2917 2489 2942 υ.

1638 2970 1684 3021 3.
1708 2975 1751 3020 Ο
1755 2970 1989 3035 feneiosa
2012 2973 2131 3023 dies.
2161 2970 2401 3022 Heinsius
2424 2972 2578 3039 ofor-

1564 3067 1701 3098 mosa
1728 3052 1862 3114 quies
1882 3049 2194 3102 emendabat
2214 3048 2269 3101 in
2290 3049 2573 3119 exemplari

1564 3145 1690 3191 suo,
1722 3139 1771 3178 et
1796 3126 1865 3179 ad
1892 3127 2051 3180 Ovid.
2080 3128 2334 3192 Fuevl,
2363 3127 2481 3194 594.
2506 3129 2575 3179 Et

1560 3225 1689 3260 sane
1702 3205 1805 3258 hoc
1824 3207 2219 3260 convenientius
2238 3205 2577 3275 sequentibus

1564 3284 1762 3349 verbis,
1780 3285 1972 3358 quibus
1998 3286 2163 3338 otium
2196 3304 2348 3338 suum
2380 3284 2436 3335 in
2464 3285 2577 3336 lite-

1562 3365 1633 3416 ris
1669 3375 1980 3433 occupatum
2014 3363 2282 3430 adfirmat,
2310 3361 2577 3435 quomodo

1562 3443 1780 3508 Plinius,
1806 3443 1966 3513 Epist.
1982 3445 2033 3510 1,
2056 3461 2089 3510 9
2104 3465 2118 3495 ι
2136 3468 2159 3488 ι
2182 3461 2215 3494 o
2234 3441 2389 3495 dulce
2408 3442 2577 3494 otium

1561 3521 1945 3595 honestumque
1966 3523 2061 3574 l...
2087 3542 2120 3575 o
2160 3541 2333 3586 mare,
2356 3541 2389 3572 o
2418 3521 2573 3573 litus!

1561 3620 1719 3671 quam
1746 3601 1910 3653 multa
1937 3601 2202 3667 invenitis,
2224 3620 2387 3673 quam
2416 3601 2575 3654 multa

1562 3679 1953 3733 dictatis?-Sed
1973 3699 2070 3733 nec
2092 3684 2194 3732 dies
2212 3681 2579 3750 incongruum,

1562 3758 1818 3830 siquidem
1838 3759 2089 3810 Martialis
2111 3759 2271 3811 verba
2292 3757 2326 3810 1.
2350 3776 2394 3809 c.
2414 3775 2581 3828 respe-

1564 3839 1673 3892 xit:
1708 3865 1731 3884 ·
1762 3858 1795 3890 o
1820 3837 1953 3890 soles
1980 3838 1993 3888 Ξ
2024 3856 2057 3889 o
2084 3839 2315 3891 tunicata
2346 3836 2527 3910 quies!
2556 3863 2577 3880 ·

1562 3917 1793 3970 Pithoeus
1828 3915 1993 3969 edidit
2038 3935 2159 3970 cum
2204 3917 2449 3969 asterisco
2484 3919 2581 3965 hac

1564 4001 1815 4063 quondam
1834 3997 1855 4021 ³
1884 4015 1994 4046 rure
2028 3999 2241 4046 solebam
2278 3998 2469 4046 Iliadas
2501 4013 2584 4042 ar-

1560 4089 1734 4135 matas,
1764 4086 1811 4126 et
1842 4075 1898 4125 in
1930 4075 2161 4144 margine
2188 4077 2415 4124 Iliadum.
2456 4073 2581 4124 Sca-
