2975 4684
1253 321 1564 394 AETNA.

2392 346 2477 414 81

443 442 674 530 Quum
712 439 982 510 domitis
1018 465 1214 532 nemo
1246 469 1535 516 cererem
1566 449 1851 542 jactaret
1886 455 1955 524 in
1992 461 2169 532 arvis
2188 517 2209 548 ‚

441 551 900 646 Venturisque
941 552 1148 624 malas
1194 555 1581 650 prohiberet
1608 558 1919 658 frugibus
1952 566 2229 660 herhas3

442 661 688 730 Annua
723 663 841 732 sed
874 678 1115 734 saturae
1151 664 1565 760 complerent
1600 669 1840 743 horrea
1874 700 2118 749 messes
2136 736 2154 768 ,

438 773 595 865 Ipse
630 797 753 842 suo
793 774 1034 844 flueret
1069 777 1371 846 Bacchus
1407 777 1616 872 pede,
1652 781 1981 880 mellaque
2014 786 2211 862 lentis

439 879 816 950 Penderent
847 881 1025 965 foliis
1043 937 1062 973 ,
1095 898 1160 954 et
1197 885 1434 981 pingui
1471 888 1687 960 Pallas
1723 891 1931 983 oliva,

413 1131 438 1166 1
455 1131 494 1166 1.
515 1117 836 1182 Venter-isque
847 1153 865 1176 ,
887 1115 920 1168 i.
936 1134 986 1168 e.
1001 1117 1363 1188 proventuris,

329 1192 636 1248 nascituris.
667 1193 860 1266 Vix-gil.
896 1193 1090 1268 Georg.
1133 1197 1190 1249 11
1207 1235 1225 1262 ,
1257 1215 1357 1252 10:

327 1297 358 1318 α
373 1271 539 1325 nullis
567 1271 847 1326 hominum
869 1265 1206 1352 cossentibuffi
1233 1277 1362 1347 ipso

327 1351 536 1423 Sponte
553 1369 648 1404 sua
667 1353 962 1431 venimus?
985 1365 1038 1408 et
1058 1355 1150 1408 lib.
1179 1355 1207 1407 1
1220 1393 1236 1418 ,
1262 1355 1356 1424 54:

329 1455 356 1476 ι
377 1430 481 1484 Hie
510 1440 709 1506 segetes
727 1469 746 1497 ‚
773 1419 882 1486 ilsic
909 1433 1131 1504 veniunt
1149 1435 1358 1490 felicius

325 1527 444 1563 uva
461 1537 502 1562 n.
537 1544 612 1553 —
629 1515 786 1566 Mala·
809 1505 1002 1588 herba),
1025 1532 1142 1586 qu·
1169 1527 1358 1586 sponte

323 1601 622 1646 nascuntur
634 1603 686 1645 et
703 1589 1160 1665 frugibus'nocent
1171 1631 1189 1659 ‚
1203 1597 1356 1650 sarri-

323 1669 472 1724 tione
489 1669 777 1724 evellendae
793 1711 813 1736 ,
831 1669 902 1724 de
919 1691 1024 1745 qua
1049 1673 1256 1736 Colum.
1275 1675 1353 1744 11,

327 1762 412 1802 ιι.
431 1747 706 1805 carduum
720 1788 738 1816 ,
758 1749 941 1822 lappas
960 1788 978 1815 ,
995 1752 1220 1806 tribulos
1234 1790 1250 1819 ,
1271 1753 1353 1810 lo-

320 1827 454 1884 lium
480 1831 721 1884 nominat
737 1830 930 1902 virgil.
950 1830 1145 1904 Georg.
1167 1833 1195 1885 1
1209 1871 1226 1899 ‚
1251 1834 1348 1890 152

320 1927 432 1982 aeq.
451 1921 504 1962 et
527 1909 660 1962 Plin.
677 1911 864 1964 XVIII
879 1951 897 1978 ,
925 1928 1016 1980 17,
1035 1931 1084 1964 2.

395 2005 480 2042 12.
521 1995 710 2042 Annua
751 1994 843 2042 sed
877 2006 1078 2044 saeuroe.
1107 1992 1312 2046 Veneta
1330 2032 1348 2060 ,

317 2066 496 2139 Lugd.
518 2079 571 2122 et
591 2069 902 2124 vetustiores
927 2069 1042 2124 alian
1061 2070 1244 2141 legunt
1265 2091 1348 2124 sa-

315 2165 444 2209 eroe,
477 2145 626 2219 quod
651 2149 936 2202 Asceneius
966 2149 1349 2221 interpretatur

315 2232 534 2279 Deorum
567 2231 728 2289 dono,
757 2243 850 2280 aue
879 2229 1110 2300 beneficio
1153 2243 1346 2282 natura

309 2321 491 2374 sponte
519 2317 790 2360 nascentes.
819 2305 956 2360 Satis
987 2307 1240 2360 idoneum
1267 2309 1347 2362 rei

312 2387 572 2455 verbum,
607 2405 708 2442 nec
745 2387 860 2439 sine
897 2386 1102 2440 ratione
1123 2406 1156 2440 a
1175 2387 1340 2442 Scali-

310 2485 442 2538 gero
465 2479 520 2521 et
538 2465 758 2522 Gon-allo
777 2477 1070 2537 receptum.
1093 2466 1198 2520 Sed
1222 2467 1340 2539 plu-

307 2565 394 2602 res
421 2559 601 2602 tamen
635 2546 868 2619 antiquo
905 2558 958 2599 et
985 2545 1078 2599 MS
1115 2546 1336 2600 Helmst.

307 2625 513 2680 habent
527 2641 733 2688 εσθαι-ω,
760 2624 908 2697 quod
929 2623 996 2678 de
1015 2624 1336 2680 abundantia

308 2704 527 2778 frugum
556 2705 624 2760 ad
651 2705 940 2761 satietatem
974 2706 1223 2776 implente
1241 2743 1258 2769 ,
1285 2718 1339 2759 et

305 2780 430 2840 aliis
453 2787 621 2858 poetis
641 2799 694 2840 et
713 2788 908 2840 Nostro
929 2786 1197 2840 usitatum.
1217 2785 1338 2840 Per·

304 2867 416 2919 aius
433 2907 452 2934 ,
478 2867 509 2918 1
527 2906 544 2932 ,
566 2883 657 2936 71:
687 2868 834 2920 «Nee
849 2884 943 2919 rus
973 2877 1207 2920 saturum
1223 2867 1334 2920 lau-

303 2945 436 3000 dare
452 2970 496 2997 n.
513 2947 581 2999 Et
601 2947 790 3000 Noster
810 2944 906 2998 inf.
925 2963 975 2996 v.
997 2944 1096 3000 265
1117 2963 1132 2996 :
1155 2969 1178 2992 ι
1199 2945 1334 2998 Hor-

301 3043 396 3080 rea
425 3025 507 3080 uti
531 3037 794 3090 saturem,
820 3034 1058 3078 tumeant
1095 3035 1148 3077 et
1189 3023 1332 3079 dolia

301 3118 486 3160 musto
504 3130 550 3159 ι.

379 3185 466 3239 13.
493 3187 780 3256 Suofheeret
799 3189 858 3236 B.
873 3186 1031 3252 pede,
1057 3183 1092 3235 i.
1111 3201 1158 3235 e.
1179 3185 1330 3254 copia

299 3277 354 3320 et
399 3264 642 3320 ubertate
677 3282 774 3318 oua
814 3260 1110 3316 exundante
1136 3299 1170 3324 „
1197 3263 1322 3333 quia

293 3364 442 3478 ‚¹:33
462 3341 1322 3495 ffifffll'ssssfssssssffffissfi

294 3503 514 3560 fluentia
543 3521 807 3576 aquarum
833 3513 1018 3565 notat3
1047 3513 1106 3554 ut
1130 3501 1318 3554 Horat.

291 3585 470 3659 Epod.
507 3584 638 3637 XVI
653 3581 674 3649 ,’
699 3583 796 3648 48:
841 3581 1036 3635 «Levia
1071 3593 1320 3654 crepante

291 3665 515 3740 lympha
540 3663 714 3718 deeilit
737 3661 874 3736 pede
890 3688 937 3712 »-
955 3692 1023 3704 --
1038 3661 1104 3714 Et
1126 3663 1321 3716 Lucre-

291 3747 430 3813 tius,
473 3746 544 3800 de
575 3746 722 3798 fonte
759 3743 932 3796 amnis
965 3742 1218 3812 loquens,
1245 3745 1320 3805 V,

291 3843 432 3898 ²7²²
469 3852 526 3878 «ι.
548 3862 560 3875 .
584 3862 597 3876 .
625 3823 751 3878 inde
789 3841 947 3894 super
985 3832 1151 3874 terras
1205 3821 1322 3874 ssuit

283 3905 501 3978 agmine
517 3903 666 3958 dulci
685 3941 702 3967 ,
730 3903 846 3969 Qua
877 3903 958 3954 via
987 3913 1128 3956 secta
1155 3900 1316 3954 semel

283 3983 490 4059 liquido
507 3981 649 4057 pede
669 3981 856 4036 detulit
874 3979 1044 4036 undas
1063 4006 1105 4034 a.
1122 3979 1190 4034 Et
1211 3981 1316 4034 for-

280 4075 416 4120 tatae
435 4081 502 4118 ex
529 4081 596 4116 eo
613 4060 800 4133 ‘Vix-gil.
825 4061 942 4114 Cul.
969 4079 1020 4115 v.
1052 4077 1143 4132 17:
1173 4086 1199 4108 κ
1221 4059 1318 4114 Ca·

539 4153 680 4222 III.

1447 1121 1719 1194 stalioeque
1740 1141 1933 1180 sonam
1950 1127 2155 1200 liquido
2180 1131 2315 1204 pede
2339 1135 2475 1191 labi·

1447 1209 1535 1253 tur
1558 1199 1705 1255 unda
1722 1228 1768 1257 ι.
1788 1204 1891 1260 En.
1922 1237 1994 1248 —
2017 1208 2183 1264 Simul
2214 1213 2475 1286 respicere

1447 1277 1660 1334 videtur
1692 1282 1761 1336 ad
1796 1303 1928 1340 uvas
1962 1286 2101 1358 pede
2132 1291 2361 1348 calcatas
2378 1335 2396 1362 ,
2423 1307 2477 1348 et

1443 1360 1596 1429 prelo
1636 1379 1901 1434 expressae
1920 1403 1937 1429 ,
1976 1379 2037 1420 ut
2072 1367 2249 1434 dicat,
2288 1373 2473 1430 vinum

1443 1437 1607 1508 ipsius
1631 1441 1781 1512 quasi
1800 1443 1994 1498 Bacchi
2024 1447 2189 1520 pede,
2210 1449 2268 1504 h.
2296 1470 2349 1508 e.
2377 1472 2473 1508 sua

1441 1529 1632 1587 sponte
1649 1557 1667 1584 ‚
1694 1531 1747 1574 et
1769 1523 1970 1578 nulline
1988 1524 2219 1582 hominis
2253 1530 2435 1586 labore
2452 1573 2471 1602 ‚

1443 1614 1745 1670 expressum
1762 1601 1991 1660 fluxisse.
2018 1607 2174 1662 Certe
2197 1609 2469 1667 Bacchum

1439 1674 1611 1747 ipsum
1641 1679 1747 1733 hoc
1772 1681 1957 1737 fecisse
1977 1685 2151 1757 prima
2170 1689 2435 1746 vindemia
2450 1731 2467 1758 ,

1438 1769 1658 1810 narrant
1694 1772 1877 1830 poeta.
1904 1763 2032 1818 Vid.
2060 1767 2317 1839 Calpurn.
2350 1771 2466 1826 Ecl-

1436 1834 1521 1898 X,
1542 1837 1629 1890 63.
1664 1837 1751 1892 Sic
1777 1839 1889 1894 fere
1918 1843 2171 1914 loquutus
2198 1859 2279 1900 est
2296 1849 2469 1904 Mani-

1435 1913 1539 1966 liue
1556 1954 1573 1980 ,
1608 1917 1961 1974 maturitatem
1998 1925 2239 1978 autumni
2262 1927 2465 1998 signifi-

1435 2010 1565 2046 cans
1580 2034 1596 2060 ,
1618 1994 1759 2050 Astr.
1782 1997 1868 2049 111
1882 2037 1899 2064 ,
1934 2002 2068 2054 662:
2090 2027 2116 2048 α
2131 2003 2273 2056 Tum
2302 2007 2465 2062 Liber

1433 2071 1655 2140 gravida
1673 2072 1949 2130 descendit
1962 2079 2152 2151 plenus
2172 2083 2241 2136 ab
2254 2083 2401 2139 ulmo
2413 2114 2463 2142 a.

1431 2150 1613 2206 Minus
1634 2169 1820 2225 aptum
1839 2155 2049 2212 videtur
2068 2197 2085 2225 ‚
2112 2162 2259 2234 quod
2277 2163 2464 2220 Goral-

1430 2228 1515 2282 lue
1549 2243 1733 2302 putat,
1777 2254 1909 2290 voce
1935 2237 2091 2308 pedis
2133 2239 2225 2294 hic
2264 2243 2463 2315 signari

1427 2311 1627 2364 racemi
1652 2317 1963 2380 patibulata,
2006 2317 2079 2372 ita
2107 2330 2168 2371 ut
2199 2321 2303 2376 hoc
2333 2325 2463 2378 velit

1425 2401 1577 2457 poeta
1592 2427 1611 2454 ,
1633 2410 1696 2444 ex
1716 2391 1843 2462 ipsis
1862 2397 2089 2456 racemis
2104 2438 2121 2464 ,
2150 2399 2265 2453 sine
2284 2414 2459 2458 torcu-

1425 2467 1553 2528 laria
1571 2489 1729 2541 opera
1748 2511 1764 2538 ,
1791 2471 1999 2527 fluxisse
2024 2476 2229 2530 vinum.
2256 2480 2325 2532 In
2348 2499 2457 2553 qua

1424 2550 1687 2604 sententia
1734 2552 1981 2622 equidem
2022 2551 2455 2630 acquieacerem,¹

1423 2628 1466 2682 ei
1500 2641 1801 2694 constaret,
1836 2632 2144 2705 pediculum
2162 2674 2179 2700 ,
2222 2641 2455 2696 vocabu-

1419 2707 1534 2760 lum
1574 2709 1897 2770 rusticorum
1925 2715 2201 2784 proprium
2219 2757 2235 2784 ,
2260 2718 2452 2776 eodem

1421 2805 1582 2840 sensu
1623 2787 1813 2861 pedem
1852 2810 1881 2844 a
1918 2792 2087 2862 poetis
2124 2797 2335 2863 vocari,
2364 2799 2451 2854 vel

1421 2871 1523 2939 pro
1550 2868 1770 2922 racemis
1797 2871 1947 2941 poni.
1988 2871 2067 2924 De
2096 2873 2227 2928 rivis
2255 2875 2365 2930 vini
2394 2889 2449 2932 et

1418 2946 1588 3001 mellis
1600 2947 1887 3002 fluentibus
1898 2950 2097 3023 passim
2104 2958 2447 3031 poetaeNirg.

1415 3025 1486 3080 G.
1510 3029 1559 3092 1,
1585 3029 1705 3092 132,
1726 3028 1793 3080 de
1808 3030 1941 3084 Jove
1962 3049 2187 3103 regnum
2208 3034 2405 3109 adepto
2422 3079 2441 3106 ,

1422 3130 1445 3153 ι
1465 3107 1661 3178 passim
1690 3110 1959 3162 currentia
1976 3109 2100 3166 vina
2116 3116 2365 3186 repressit
2386 3143 2437 3172 ι.

1413 3184 1482 3236 Et
1510 3185 1621 3240 vid.
1642 3187 1801 3242 ovid.
1824 3188 2179 3264 Metamorph.
2199 3194 2228 3245 I
2247 3232 2264 3260 ,
2306 3214 2441 3264 1113

1412 3263 1611 3318 Tibull.
1656 3267 1685 3318 I
1704 3305 1720 3331 ,
1760 3268 1824 3332 3,
1877 3271 1981 3336 45;
2026 3269 2214 3326 Horat.
2260 3275 2437 3348 Epod.

1410 3343 1571 3407 XVI,
1592 3353 1653 3412 47
1673 3383 1689 3409 ,
1708 3357 1761 3398 et
1778 3349 1956 3402 Carm.
1978 3351 2061 3412 11,
2093 3367 2187 3420 19,
2225 3372 2306 3408 11.

1487 3429 1570 3486 14.
1606 3430 1878 3478 Pendet-em
1899 3431 2072 3498 solih,
2112 3431 2260 3502 quod
2301 3431 2439 3488 flue·-

1408 3513 1531 3554 rent
1560 3522 1627 3556 ex
1661 3505 1938 3561 arboribus
1958 3547 1974 3574 ,
2004 3510 2075 3562 ab
2107 3510 2297 3580 apibus
2318 3512 2437 3566 siue

1407 3580 1687 3636 hominum
1726 3601 1855 3638 cura
1886 3585 2173 3642 elaborata.
2210 3588 2316 3643 Sed
2358 3589 2436 3644 in-

1405 3661 1573 3734 telligi
1610 3662 1771 3716 etiam
1812 3675 1986 3735 potest
2022 3666 2158 3733 mel,
2190 3667 2337 3739 quod
2363 3689 2433 3725 a

1407 3742 1660 3795 arborum
1684 3742 2041 3815 quarumdam
2068 3745 2207 3800 foliis
2232 3748 2433 3821 colligi-

1406 3833 1495 3876 tur
1508 3861 1525 3888 ,
1561 3833 1747 3894 sponte
1778 3835 1965 3876 natum
1999 3837 2055 3878 et
2087 3827 2231 3880 succi
2266 3827 2433 3883 instar

1405 3903 1717 3956 exuberans.
1765 3901 1925 3956 Ovid.
1963 3903 1999 3955 l.
2028 3922 2077 3958 c.
2122 3929 2145 3954 ι
2164 3905 2432 3980 Flavaque

1406 3979 1473 4034 de
1495 3980 1653 4035 viridi
1682 3979 1946 4036 stillabant
1975 3983 2093 4038 ilice
2124 3985 2281 4040 mella
2300 4014 2342 4040 n.
2362 3989 2432 4040 Et

1406 4059 1559 4132 Virg.
1583 4059 1617 4112 1.
1642 4079 1691 4114 c.
1716 4059 1783 4114 de
1816 4062 1947 4116 Jove
1972 4063 2243 4120 auferente
2275 4067 2431 4122 uber·

2092 4151 2139 4223 6
