2975 4684
849 400 1418 474 LAURENTII
1477 405 1603 473 ET
1660 405 2033 475 MARIAE
2370 412 2511 498 403

469 525 807 620 Virginis,
843 539 920 594 ut
957 539 1176 594 totum
1213 524 1396 620 quod
1432 525 1641 619 possit
1676 503 1912 596 laedere
1942 527 2191 599 demas.
2458 567 2507 609 7·-

465 631 762 705 Nullum'
792 634 877 703 sit
913 635 1156 728 capiti,
1188 660 1324 730 quo
1360 634 1563 703 crinis
1599 637 1911 724 comitur,
1943 662 2216 728 aurum,

465 747 612 814 Nec
647 741 819 812 collo
855 744 1156 836 jaceant,
1193 744 1324 814 nisi
1359 767 1509 840 quae
1538 760 1696 816 sunt
1730 745 1921 816 laevia
1961 745 2106 834 fila,

467 849 778 922 Annulus
814 868 882 922 et
917 853 1144 948 digitis
1187 853 1464 923 tollatur
1498 853 1813 924 mollibus
1851 881 2067 950 asper,

470 967 567 1034 Ac
599 965 830 1034 niveos
865 987 1032 1034 auro
1060 987 1350 1060 propera
1382 963 1669 1060 spoliare
1700 965 2011 1054 lacertos;

470 1075 612 1162 Ne,
643 1073 840 1142 dum.
872 1128 888 1144 .
921 1127 937 1142 .
978 1088 1180 1168 atque
1219 1074 1446 1145 oscula
1489 1074 1708 1145 dulcia
1744 1077 2036 1170 jactant,
2454 1109 2502 1158 ⁷⁵

471 1189 930 1280 Exercentque
965 1187 1130 1254 toris
1156 1187 1440 1254 Veneris
1475 1184 1809 1256 luctamen
1842 1189 2153 1259 anhelum
2172 1242 2192 1277 ‚

471 1299 732 1368 Cuncta
773 1321 896 1390 per
925 1295 1271 1390 amplexus
1315 1295 1649 1365 foedentur
1685 1299 1983 1368 membra
2022 1301 2274 1384 mariti,

471 1412 694 1501 Atque
731 1405 942 1476 invita
981 1406 1106 1474 viri
1146 1403 1466 1491 maculet,
1503 1429 1651 1501 quae
1687 1406 1937 1502 diligit,
1975 1433 2115 1478 ora.

469 1521 568 1587 Ite
599 1541 838 1612 pares:
875 1515 1284 1610 tandemque
1323 1529 1476 1586 toro
1516 1515 1829 1588 recubate
1865 1518 2102 1612 potito.

469 1625 709 1696 Mellea
751 1641 912 1695 tunc
949 1627 1158 1695 roseis
1193 1627 1563 1696 haerescant
1605 1626 1789 1696 basia
1828 1626 2052 1698 labris.
2460 1657 2508 1692 uo

467 1853 759 1920 Dextera
802 1851 1122 1919 cervicem
1162 1849 1421 1917 niveam
1466 1849 1763 1941 subjecta
1800 1863 2120 1935 retentet,

469 1961 1021 2056 stt-ingentesque
1059 1958 1256 2027 simul
1289 1957 1709 2056 constringat
1742 1957 1901 2028 laeva
1936 1958 2235 2054 papillas

469 2073 691 2142 Vivite
724 2070 986 2153 felices,
1018 2095 1220 2164 quam
1253 2068 1583 2163 longaque
1617 2070 1871 2163 carpite
1906 2069 2131 2140 saecla:

467 2185 690 2251 Vivite
724 2180 1088 2252 concordes
1106 2231 1124 2265 ‚
1161 2180 1375 2249 donec
1412 2193 1671 2273 premat
1708 2205 1840 2250 una
1875 2195 2178 2254 senectus
2195 2238 2214 2266 ‚

465 2291 971 2387 Multorumque
1005 2303 1288 2360 onerent.
1319 2303 1631 2362 natorum
1664 2292 1815 2372 jura
1856 2307 2151 2385 nepotes.
2459 2281 2505 2362 ais

443 2479 530 2532 7⁰·
563 2467 624 2512 Ue
651 2475 831 2524 cocum,
874 2463 1012 2528 quod
1023 2461 1184 2530 possit
1199 2461 1394 2512 Ioedere.
1484 2457 1802 2530 stringenda
1838 2459 2084 2518 dicantur
2120 2483 2299 2520 mauu.
2338 2467 2509 2540 Igitur

375 2545 542 2592 Totum
561 2557 658 2611 pro
675 2539 822 2592 omni
843 2539 1072 2610 positum
1097 2557 1244 2591 more
1263 2538 1394 2590 infe·
1483 2537 1851 2610 reponendum
1886 2557 1987 2612 pro
2019 2561 2082 2596 eo
2106 2549 2397 2616 Tur-gemes,
2424 2553 2504 2604 la-

367 2620 525 2674 rioris
551 2619 736 2671 aetatis.
755 2617 882 2672 Vid.
898 2630 1010 2672 not.
1039 2617 1107 2674 ad
1128 2617 1391 2692 Porphyr.
1483 2631 1701 2678 orantes,
1725 2630 1815 2670 aut
1836 2619 1980 2672 aliud
2002 2619 2169 2677 simile
2189 2625 2505 2686 vocabulum

369 2701 568 2772 Organ.
597 2718 648 2751 v.
674 2717 755 2751 ιο.
1481 2693 1667 2770 poetis⁴
1690 2698 1979 2765 usitatum;
2017 2701 2116 2758 nisi
2152 2705 2327 2776 potius
2348 2713 2504 2764 Str-in-

441 2779 534 2849 75.
559 2783 664 2830 Nec
682 2781 820 2830 dum.
836 2818 847 2829 .
862 2793 1036 2846 meque
1053 2783 1252 2830 oscula:
1273 2797 1392 2849 sup-
1477 2778 1643 2846 gentis
1673 2775 1723 2828 le
1826 2775 1955 2832 dum
1972 2817 1988 2842 ‚
2024 2799 2215 2854 nempe
2237 2784 2335 2838 viri
2360 2787 2507 2857 puel-

367 2857 506 2932 plcri
543 2869 714 2930 posset
732 2896 748 2922 ,
785 2861 917 2919 Nec,
957 2861 1074 2910 dum
1100 2861 1234 2910 mille
1245 2861 1390 2928 jocos
1480 2857 1589 2908 lam
1607 2795 1947 2928 ampffiantis
1963 2895 1979 2920 ,
2004 2872 2063 2911 ut
2080 2859 2275 2914 dicitur
2294 2882 2323 2916 a
2346 2865 2507 2922 Maxi-

369 2953 524 3008 atque
554 2941 738 2990 oscula.
769 2937 944 2990 Buan.
977 2969 1048 2978 --
1075 2935 1177 2991 Sed
1216 2937 1390 3010 legen·
1480 2937 1661 2990 miano
1678 2978 1693 3003 ,
1720 2931 1776 2989 in
1798 2935 2017 3009 Eleg.V,
2043 2957 2091 2990 v.
2117 2941 2177 2994 31
2200 2959 2214 2993 :
2251 2967 2273 2990 α
2298 2943 2505 3004 Urebat

370 3016 502 3070 dum
530 3029 608 3072 est
631 3021 733 3078 Ne,
759 3021 890 3068 dum.
1478 3029 1687 3070 teneros
1716 3015 2035 3090 adstringere
2062 3017 2267 3076 fortiter
2288 3036 2435 3085 artus
2458 3052 2500 3078 w.

443 3101 879 3167 765Exercentque
897 3099 1012 3146 toris
1039 3093 1394 3147 Veneris.Tale
1552 3095 1638 3150 83.
1672 3098 1825 3147 Viviee
1822 3096 2026 3164 felices.
2056 3097 2099 3148 F
2100 3099 2301 3154 ormula
2322 3103 2505 3160 fausta

368 3188 447 3230 est
466 3214 482 3240 ,
509 3173 656 3248 quod
677 3174 912 3227 Catullus
936 3173 994 3226 in
1015 3173 1390 3248 Epithalamio,
1479 3173 1892 3228 adclamationis.
1912 3173 2013 3230 En.
2028 3207 2098 3216 -
2116 3184 2380 3250 Longaque
2396 3206 2506 3240 casa-

369 3253 577 3328 sponsis
614 3253 878 3308 adclamat
899 3270 912 3305 :
967 3277 989 3300 α
1005 3253 1228 3306 Munere
1272 3253 1394 3306 assi-
1473 3257 1577 3324 pite
1604 3256 1775 3306 soecla.
1798 3253 1885 3306 Sic
1906 3265 1957 3305 et
1971 3253 2166 3312 Statius
2187 3263 2505 3338 conjugibus

368 3334 478 3390 duo
507 3333 766 3390 valentem
791 3333 1040 3386 Exercete
1059 3335 1390 3408 juventam».
1475 3335 1748 3406 precatur,
1765 3330 1892 3384 Silv.
1910 3331 1965 3388 11
1986 3373 2001 3398 ,
2039 3355 2067 3386 2
2086 3375 2103 3400 ,
2136 3337 2253 3404 145,
2272 3363 2297 3390 ι
2313 3341 2385 3396 ite
2408 3364 2504 3416 per

368 3420 702 3466 -Luceamen
718 3413 966 3484 appellat,
981 3424 1042 3464 ut
1054 3413 1214 3464 verbo
1225 3415 1402 3464 motare·
1485 3430 1653 3466 annos
1673 3409 1979 3484 Seculaque
2000 3438 2041 3465 ι.

370 3511 507 3565 saepe
533 3491 718 3547 eadem
748 3491 815 3566 de
850 3511 909 3546 re
949 3504 1171 3545 utuntur
1209 3503 1392 3564 poetoe.
1558 3492 1643 3555 84.
1680 3495 1849 3541 Donec
1876 3507 2076 3561 premat
2100 3514 2203 3546 ema
2241 3515 2463 3558 senectus
2484 3526 2502 3554 .-

367 3570 630 3624 Videatur
649 3571 889 3643 ¹Propert.
917 3571 972 3624 11
989 3609 1005 3637 ,
1031 3590 1079 3638 1,
1116 3571 1201 3637 13,
1229 3582 1282 3623 et
1307 3571 1391 3636 11,
1482 3589 1670 3641 nempe
1710 3571 1894 3623 ambos
1934 3590 2059 3624 una.
2096 3571 2184 3626 sic
2209 3574 2406 3636 Tibull.
2436 3581 2463 3637 1
2488 3620 2503 3644 ‚

373 3649 460 3717 15,
483 3651 532 3703 5,
1484 3651 1517 3702 6
1533 3688 1549 3714 ,
1570 3650 1666 3704 86:
1694 3675 1719 3694 «e
1737 3667 1835 3704 uos
1853 3687 1867 3712 ,
1894 3649 2077 3718 Delia,
2104 3655 2299 3709 amoris
2314 3657 2505 3715 Exem-

440 3729 528 3784 80.
567 3735 859 3784 Har-escant
885 3732 1028 3780 basia
1067 3731 1235 3780 labris.
1268 3727 1392 3780 Pro·
1475 3729 1629 3800 plum
1650 3747 1783 3782 cana
1804 3741 1998 3782 stemus
2021 3742 2241 3805 uterque
2256 3725 2412 3794 coma
2430 3765 2475 3792 ιι.

367 3822 501 3882 pert.
524 3809 602 3874 ῙῙ,
630 3809 714 3873 15,
744 3827 838 3862 10:
864 3833 886 3856 ι
915 3819 1174 3882 quantum
1194 3807 1391 3862 Oscula
1551 3809 1637 3863 85.
1657 3814 2019 3878 multorumque
2034 3828 2264 3876 onerent,
2284 3811 2387 3870 hoc
2405 3831 2503 3888 eat,

367 3901 492 3942 sunt
518 3886 680 3943 labris
703 3901 877 3941 nostra
909 3899 1111 3944 morata
1132 3889 1240 3940 tuis
1258 3913 1298 3939 ιο.
1479 3889 1841 3952 accumulent,
1868 3889 1953 3942 vel
1972 3907 2129 3962 super
2148 3893 2343 3951 multos
2370 3895 2501 3956 libe-

442 3969 528 4022 82.
553 3971 856 4038 Str-ingentes
877 3971 1095 4038 papillae.
1123 3965 1270 4032 Quid
1293 3965 1389 4019 sibi
1475 3987 1566 4022 ros
1584 3967 1837 4022 accedant
1849 3979 2085 4040 nepotes,
2102 3973 2192 4040 qui
2210 3973 2363 4044 paria
2377 3994 2501 4042 cum

369 4049 666 4114 veliacum:
680 4046 856 4109 video,
873 4066 1042 4120 quum
1057 4046 1250 4100 eedem
1263 4066 1390 4100 con·
1477 4047 1590 4102 istis
1607 4051 1725 4122 jura
1748 4049 1994 4101 habeant.

1156 4201 1666 4230 um—

2027 4247 2152 4316 26.
