2975 4684
704 329 1160 400 EPISTOLA
1209 329 1601 436 DIDONIS
1651 331 1777 399 ΑΙ)
1828 329 2182 396 AENEAM.

2362 325 2503 425 359

466 451 720 521 Pendet
753 475 980 522 amore
1013 451 1286 540 domus,
1319 467 1541 524 castus
1574 449 1766 520 dolor
1798 465 2001 545 auget
2032 474 2351 522 amorem.

463 563 650 630 Dum
685 561 912 632 studet
949 562 1148 634 iratas
1180 565 1446 636 animus
1480 561 1771 636 celerare
1812 559 2147 656 querelas,

465 673 818 744 Continuit
854 671 1047 746 dolor
1079 675 1221 770 ipse
1253 701 1567 760 manum,
1602 697 1727 744 nec
1757 669 1951 766 plura
1986 668 2365 765 loquentem

462 790 704 858 Passus
737 812 950 877 amor,
989 791 1352 885 metrisque
1389 791 1531 860 vias
1564 803 1633 859 et
1670 787 1873 858 verba
1913 785 2167 880 ligavit.

461 895 594 970 Ah!
631 900 894 992 quoties
929 915 1234 972 revocata
1268 923 1509 970 manus
1528 953 1547 986 ,
1587 898 2001 991 dubiumque
2036 894 2387 990 pependit,

459 1006 646 1095 Quid
685 1007 941 1080 factura
977 1009 1108 1080 fuit
1141 1010 1507 1106 trepidanti
1544 1005 1815 1105 pollice!
1860 1007 2157 1076 dextram

457 1120 722 1212 Torpor
757 1134 826 1188 et
865 1120 964 1190 ira
1005 1118 1206 1216 ligat,
1240 1121 1402 1192 dum
1440 1119 1612 1188 dura
1651 1115 1975 1188 vocabula
2010 1115 2267 1203 firmat,
2446 1140 2493 1180 ιε

459 1229 548 1296 Et
581 1229 1218 1325 minus'explicitam
1249 1230 1675 1302 commendat
1714 1226 1905 1298 litera
1941 1250 2211 1311 vocem3

453 1339 678 1408 Torsit
711 1339 838 1410 iter
873 1340 1046 1410 male
1081 1355 1332 1412 tractus
1368 1366 1571 1437 apex,
1610 1339 1947 1431 dubiaque
1980 1336 2289 1406 remissus

453 1450 684 1518 Mente
705 1450 948 1544 pudor,
978 1450 1140 1521 dum
1169 1453 1370 1522 verba
1406 1464 1633 1538 notat,
1661 1448 1825 1518 dum
1854 1443 2445 1516 nominamandat.

453 1555 754 1628 Flamma
779 1586 1060 1652 nocens,
1089 1565 1294 1652 irata,
1327 1563 1588 1649 ridens,
1617 1561 2017 1656 penitusque
2052 1555 2349 1626 cucurrit

353 1789 462 1844 Sed
515 1791 628 1848 haec
681 1793 1056 1870 intempestiva
1107 1795 1372 1850 videntur.

351 1869 466 1943 Ego
491 1874 778 1944 putaverim
802 1895 962 1945 regna
984 1875 1296 1928 mutandum
1319 1875 1394 1926 in·

351 1965 488 2001 recta
511 1953 709 2006 scilicet
727 1957 910 2014 verba,
938 1967 992 2008 et
1018 1953 1256 2028 superius
1282 1974 1374 2005 nec

347 2029 721 2100 repetendum,
775 2031 878 2086 hoc
933 2051 1090 2086 sensu
1140 2049 1154 2084 :
1195 2032 1372 2084 Verba

347 2125 470 2162 mea
516 2108 752 2164 dolorem
791 2125 1000 2166 tantum
1039 2130 1150 2164 non
1198 2111 1370 2181 expri-

349 2201 501 2241 munt
518 2229 533 2254 ,
557 2207 730 2262 neque
749 2189 882 2244 adeo
902 2209 1032 2245 curo
1051 2191 1137 2244 vel
1152 2209 1366 2262 possum

347 2281 482 2318 reeta
511 2287 736 2342 ponere,
761 2269 872 2324 scil.
891 2270 1156 2342 corrigere
1178 2272 1360 2331 verba,

346 2364 466 2418 qun
489 2353 622 2402 male
645 2368 921 2422 perperam
946 2353 1078 2402 dicta
1111 2348 1254 2402 dedi.

419 2443 468 2494 9.
495 2431 680 2480 Pendet
701 2449 868 2482 amore
892 2432 1089 2490 domus,
1122 2429 1226 2482 hoc
1252 2440 1326 2482 est
1345 2468 1360 2492 ,

344 2503 402 2556 in
424 2507 634 2559 ruinam
656 2507 851 2578 pendet
867 2549 884 2574 ,
908 2507 1246 2580 pessumdata
1269 2521 1366 2562 est.

343 2581 420 2636 Ut
436 2585 674 2658 Propert.
693 2587 780 2640 ΠΙ
796 2624 813 2649 ,
840 2605 904 2657 19
919 2625 934 2651 ,
967 2605 1066 2639 ποτ
1106 2611 1130 2634 ι
1151 2587 1372 2641 Infamis

343 2673 532 2736 stupro
575 2677 676 2719 stat
727 2665 959 2738 Pelopea
1001 2664 1194 2719 domus
1212 2693 1237 2712 ι»
1261 2685 1276 2730 ;
1321 2679 1373 2721 et

342 2741 534 2796 Horat.
569 2745 752 2798 Carm.
785 2745 901 2808 111,
934 2749 1032 2800 16:
1075 2773 1100 2791 ιι
1123 2745 1370 2800 Concidit

341 2823 558 2894 auguris
592 2823 773 2896 Argivi
810 2821 1000 2878 domus
1045 2825 1116 2878 ob
1160 2825 1367 2879 lucrum

341 2901 592 2956 Demersa
607 2903 808 2958 excidio
821 2927 865 2956 n.
887 2903 1147 2956 Caeterum
1161 2903 1368 2976 Higtius

341 2981 623 3036 commode
655 2982 772 3036 haec
807 2984 1184 3055 conjungebat,
1212 3010 1237 3028 α
1269 2985 1365 3038 mi-

342 3061 472 3114 seris
487 3061 814 3117 circumdata
837 3061 955 3114 fatis
967 3061 1167 3116 Pendet
1185 3081 1365 3116 amore

346 3139 538 3194 domus
563 3167 606 3194 n.

418 3239 501 3274 10.
529 3225 751 3274 Celerum
777 3225 1018 3289 querelas.
1059 3221 1122 3272 In
1143 3219 1362 3274 Salmas.

337 3298 492 3354 Leid.
525 3312 578 3352 et
605 3299 910 3352 Divionens.
941 3297 1062 3351 cod.
1091 3299 1364 3371 legebatur

338 3383 576 3431 colorare.
621 3379 756 3432 Inde
807 3377 1140 3432 Burmannus
1191 3397 1366 3432 emen-

339 3455 489 3511 davit
527 3471 580 3512 et
612 3458 780 3512 edidit
814 3463 976 3510 celare
1020 3464 1265 3526 querelas.
1298 3460 1364 3512 At

338 3555 466 3590 vero
483 3537 782 3610 sequentia,
799 3538 992 3609 quibus
1013 3541 1156 3590 dolor
1169 3537 1365 3591 dicitur

339 3636 539 3668 manum
586 3615 860 3670 scribentis
902 3619 1226 3677 continuisse,
1271 3614 1361 3670 de·

339 3706 664 3758 monstrant,
705 3694 964 3768 optimam
1013 3713 1125 3749 esse
1175 3695 1357 3748 lectio·

337 3793 460 3829 nem
473 3815 489 3839 ,
506 3793 666 3848 quam
685 3774 892 3847 Higtius
909 3793 971 3828 ex
992 3775 1090 3829 ista
1113 3773 1358 3828 codicum

337 3855 598 3925 scriptura
637 3853 819 3907 elicuit
841 3895 856 3922 ,
904 3859 1147 3914 celerare,
1195 3873 1358 3925 quam

331 3937 448 4006 jure
473 3933 768 4008 meritoque
793 3934 997 3987 admisi.

415 4033 498 4065 ια.
539 4018 804 4082 Mem-isque
840 4017 970 4065 vias.
1009 4014 1072 4064 ln
1117 4013 1244 4064 MSS
1282 4026 1356 4065 est

339 4096 616 4160 meritisque
632 4095 765 4144 vias.
793 4092 996 4166 Higtius
1017 4091 1356 4144 scribendum

1465 1794 1667 1848 censuit
1702 1794 1971 1860 mentisque
2016 1795 2158 1852 vias,
2198 1789 2343 1862 quod
2380 1808 2489 1842 non

1461 1873 1723 1945 ineptum.
1744 1873 1856 1942 Ego
1884 1871 2079 1922 rectius
2101 1870 2283 1940 putavi
2304 1873 2490 1920 metris-

1464 1972 1583 2019 que‚
1609 1951 1665 2003 id
1687 1963 1765 2004 est
1778 1992 1792 2016 ,
1813 1949 2053 2002 versibus
2071 1990 2087 2015 ,
2108 1949 2203 2022 qui
2231 1949 2489 2001 recentio-

1461 2033 1535 2084 ris
1592 2029 1863 2082 latinitatis
1890 2097 1895 2102 ‚
1922 2027 2263 2100 scriptoribus
2322 2039 2485 2080 metra

1462 2111 1645 2164 vocari
1699 2109 1885 2162 solent.
1934 2137 2004 2146 ——
2049 2109 2241 2176 lig-avit
2282 2109 2397 2158 vias
2444 2122 2490 2157 et

1455 2194 1611 2242 verba
1625 2229 1640 2251 ‚
1664 2187 1937 2259 impedivit
1951 2225 1967 2252 ‚
1987 2205 2095 2258 quo
2114 2187 2289 2238 minus
2307 2204 2487 2240 versus

1455 2271 1591 2322 bene
1614 2267 1975 2340 procederent.

1532 2357 1614 2414 14.
1634 2351 1769 2417 Quid
1768 2349 1977 2418 factm-a
1979 2347 2099 2416 fiu‘t.
2116 2345 2330 2418 Corrige
2342 2349 2489 2413 Quod

1436 2431 1647 2498 factm-a
1665 2431 1783 2498 ficit.
1825 2427 1967 2481 Alias
1994 2425 2331 2480 scribendum
2367 2436 2484 2478 erat

1463 2510 1599 2576 Quid
1608 2509 1821 2577 factura
1848 2521 1997 2568 essee,
2028 2507 2111 2559 vel
2122 2508 2275 2572 foret.

1540 2590 1620 2640 15.
1657 2593 1784 2638 Dum
1825 2591 1951 2638 dura
2006 2589 2255 2639 vocabula
2288 2590 2481 2658 fimat.

1460 2665 1787 2722 Schraderus
1813 2678 1864 2718 et
1892 2666 2100 2736 Higtius
2128 2665 2484 2718 emendabant

1463 2774 1488 2794 α
1514 2745 1643 2799 dum
1683 2745 1817 2800 dura
1855 2746 2115 2799 vocabula
2158 2745 2383 2809 format,
2415 2745 2481 2797 Et

1457 2826 1633 2878 minus
1664 2825 1959 2896 explicitam
1984 2823 2299 2878 condemnat
2328 2824 2479 2877 litera

1453 2925 1638 2959 vocem
1664 2931 1706 2956 u.
1725 2903 1829 2958 Sed
1853 2908 2153 2956 condemnat
2176 2923 2285 2956 non
2322 2905 2479 2975 plane

1451 2983 1797 3056 rejiciendum
1816 3001 1832 3046 ;
1848 2982 1991 3035 idem
2011 2983 2153 3035 enim
2172 2983 2325 3048 valet,
2335 2983 2479 3053 quod

1453 3084 1615 3117 versu
1638 3065 1699 3116 18
1728 3066 1930 3114 nomina
1951 3065 2175 3113 mandat.

1530 3161 1612 3214 17.
1634 3146 1793 3193 Torsit
1807 3145 1913 3202 iter,
1951 3140 2238 3193 difficulter
2264 3151 2315 3193 et
2344 3159 2477 3212 aegre

1449 3221 1681 3294 perrexit
1700 3219 1929 3273 scribere
1945 3233 2129 3272 tractus
2142 3241 2291 3288 apex,
2310 3221 2477 3292 stylus

1451 3302 1509 3353 in
1532 3319 1653 3354 cera
1674 3297 1888 3352 ductus.

1529 3398 1610 3450 19.
1630 3383 1852 3431 Flamma
1873 3397 2055 3430 nocens
2066 3418 2082 3440 ,
2105 3383 2255 3442 irata,
2278 3384 2445 3432 ridens
2459 3402 2475 3429 .-

1452 3461 1525 3513 ita
1570 3461 1623 3511 in
1670 3459 1880 3512 schedis
1924 3459 2115 3532 Msptis
2145 3479 2159 3513 :
2214 3461 2305 3514 sed
2342 3459 2473 3532 quid

1433 3541 1652 3610 flamma
1670 3541 1834 3590 n‘dens
1861 3539 1968 3592 huc
1996 3539 2186 3604 faciat,
2213 3559 2368 3592 nemo
2398 3541 2473 3590 sa-

1451 3618 1549 3672 cile
1587 3617 1801 3672 dixerit.
1842 3617 2153 3691 Cogitabam
2194 3617 2355 3689 igitur
2376 3621 2471 3686 fic-

1450 3717 1589 3758 rens,
1629 3709 1688 3748 ut
1724 3695 1791 3750 de
1825 3696 2029 3749 Didone
2055 3698 2205 3767 Virg.
2223 3699 2347 3748 AEn.
2372 3697 2470 3757 IV,

1429 3779 1546 3848 ¹69:
1578 3802 1600 3823 ι
1632 3775 1818 3830 Uritur
1844 3776 2031 3829 infelix
2056 3776 2196 3828 Dido
2216 3816 2232 3842 ,
2261 3788 2473 3848 totaque

1445 3867 1667 3927 vagatur
1690 3856 1836 3908 Urbe
1859 3857 2042 3908 furens
2060 3881 2103 3908 ι.
2128 3855 2301 3908 Possis
2321 3855 2471 3907 aliter

1449 3940 1618 3987 virens
1638 3957 1655 3987 .·
1682 3955 1807 3988 narn
1835 3935 1947 3989 haec
1976 3936 2112 3989 inter
2144 3953 2199 3987 se
2225 3953 2465 3988 commu·

1447 4025 1642 4082 tantur,
1657 4027 1715 4066 ut
1735 4013 1877 4086 apud
1897 4016 2083 4067 Horat.
2104 4012 2273 4084 Epod.
2292 4013 2469 4078 xv11,

1447 4095 1513 4147 35
1537 4111 1549 4142 :
1585 4120 1607 4141 ι
1638 4113 1735 4148 nec
1761 4095 1943 4150 Sicana
1982 4093 2179 4148 fervida
2206 4094 2396 4146 Vix-ens
2416 4093 2467 4145 in
