2975 4684
770 417 1380 506 EORUMQUE
1448 418 2125 488 FRAGMENTA.
2372 417 2516 514 493

385 550 562 616 aliud
591 566 657 616 et
681 549 1007 614 diversum
1034 549 1266 629 fuerit,
1295 547 1408 636 qui
1439 546 1650 611 omitti
1678 547 1839 612 illud
1868 570 1904 611 a
1926 548 2070 612 vitae
2098 547 2341 613 Lucani
2372 550 2521 613 scri-

385 656 686 746 ptoribus
721 655 1038 744 potuerit,
1065 677 1200 718 non
1237 652 1445 718 video.
1479 643 1727 718 'Contra
1745 702 1764 736 ‚
1798 653 1849 716 si
1884 653 2125 718 Iliacon
2157 653 2395 717 librum
2436 653 2519 718 de

387 764 530 827 solo
567 761 817 827 excidio
851 760 1063 840 Trojae
1094 759 1296 850 egisse
1325 775 1629 848 putemus
1647 808 1665 841 ,
1694 759 1851 823 huic
1882 759 2177 847 opinioni
2214 760 2351 848 ipse
2382 759 2522 825 Sta-

388 873 518 936 tius
555 871 876 936 adversari
901 869 1179 946 videtur,
1211 870 1324 957 qui
1347 869 1684 933 Lucanum
1720 867 2015 932 adfirmat
2050 869 2337 934 noluisse
2374 870 2522 934 trita

388 993 731 1067 poetarum
759 993 1138 1066 argumenta
1158 1024 1176 1057 ,
1205 974 1529 1039 excidium
1550 975 1757 1054 Trojae
1780 1023 1796 1056 ,
1828 998 2077 1040 errores
2103 976 2347 1064 Ulyssis
2365 1024 2383 1057 ,
2411 989 2526 1038 aut

394 1085 872 1174 expeditionem
918 1083 1420 1172 Argonauticam
1478 1083 1821 1171 persequi,
1871 1083 1939 1146 in
2004 1082 2307 1149 Genethl.
2366 1084 2523 1148 Luc.

391 1214 552 1256 vers.
582 1191 702 1270 48:
797 1257 804 1264 ,

807 1337 1108 1392 Nocturnas
1127 1337 1220 1390 alii
1243 1337 1511 1410 Phrygum
1536 1337 1715 1391 ruinas
1729 1374 1746 1401 ,

817 1425 885 1479 Et
914 1424 1050 1478 tardi
1077 1423 1286 1479 reducis
1314 1425 1422 1477 vias
1445 1424 1624 1498 Ulyssi
1638 1465 1655 1492 ,

819 1515 885 1567 Et
910 1533 1144 1588 puppem
1177 1515 1509 1568 temerariam
1536 1514 1788 1568 Minerva
1806 1551 1822 1578 ,

814 1603 962 1656 Trita
989 1602 1196 1658 vatibus
1221 1603 1424 1668 orbita,
1447 1615 1753 1674 sequantur.

397 1770 696 1858 Denique
728 1770 842 1860 qui
874 1740 1108 1858 scripta
1141 1771 1382 1835 Lucani
1418 1787 1788 1850 enumerat,
1816 1769 2218 1856 Pomponius
2246 1768 2535 1832 Infortu-

403 1893 590 1941 natus
624 1892 689 1941 et
730 1877 902 1942 Petr.
944 1877 1267 1957 Crinitus,
1299 1898 1584 1964 quorum
1616 1875 1814 1940 verba
1858 1872 2365 1961 Oudendorpius
2404 1874 2537 1937 Lu-

402 2005 565 2047 cano
597 2005 720 2047 suo
754 1984 1092 2072 praemisit,
1123 1983 1366 2046 Iliacon
1397 1983 1659 2046 titulum
1687 1982 1774 2045 ita
1800 1995 2172 2071 exponunt,
2198 1995 2274 2042 ut
2302 1979 2428 2043 sub
2459 2002 2538 2043 eo

405 2089 701 2154 Hectoris
729 2089 1064 2154 interitum
1096 2089 1294 2153 simul
1325 2103 1392 2152 et
1423 2085 1747 2152 excidium
1772 2086 1977 2166 Trojae
2008 2086 2541 2173 complectantur.

402 2194 570 2258 Nam
633 2197 968 2259 Lucanum
1033 2195 1361 2282 scripsisse
1430 2193 1617 2257 aiunt
1664 2193 1742 2256 de
1795 2189 2084 2254 incendio
2133 2190 2349 2280 Trojoe
2400 2213 2543 2254 eum

406 2300 656 2364 Priami
675 2301 1074 2379 calamitate,
1109 2323 1252 2388 quae
1276 2299 1512 2364 Priami
1540 2298 1863 2363 calamitas
1887 2319 2023 2361 non
2049 2297 2167 2361 alia
2196 2313 2321 2378 est,
2349 2319 2543 2386 quam

407 2427 700 2472 summus
734 2430 809 2471 ex
844 2407 1190 2472 amissione
1222 2407 1519 2470 Hectoris
1552 2427 1810 2469 moeror.

496 2631 673 2696 XVI.
705 2633 1066 2698 Homericis
1103 2634 1312 2722 poetis
1353 2632 1569 2698 adhuc
1612 2634 1935 2698 accenseri
1985 2647 2201 2721 potest
2242 2631 2547 2719 Papinius

413 2735 651 2800 Statius
698 2753 966 2826 propter
1005 2737 1362 2826 Achsslqida
1380 2788 1399 2822 ,
1441 2761 1586 2828 quae
1637 2755 1812 2805 certe
1859 2738 2237 2827 primarium
2280 2736 2547 2800 heroem

415 2841 681 2906 Homeri
705 2842 1005 2909 celebrat.
1028 2844 1186 2909 Post
1207 2845 1365 2909 istos
1389 2845 1719 2908 neminem
1744 2845 1942 2908 alium
1967 2843 2221 2931 reperio
2248 2843 2551 2906 nomina·

413 2961 556 3010 tum
574 2995 593 3030 ,
622 2948 738 3036 qui
775 2949 1193 3015 Homericum
1230 2971 1495 3037 poema,
1524 2965 1638 3014 aut
1668 2949 1955 3013 fabulam
1988 2949 2245 3012 Iliacam
2276 2963 2555 3012 tentave-

417 3051 520 3114 rit.
554 3053 722 3116 Sunt
754 3068 1006 3135 tamen‚
1041 3054 1154 3140 qui
1181 3054 1283 3118 vel
1310 3075 1531 3117 versus
1563 3053 1946 3117 Homericos
1980 3051 2175 3115 latine
2206 3073 2554 3117 conversos

420 3155 650 3220 crebro
703 3157 906 3220 citent
924 3203 943 3238 ,
988 3156 1090 3220 vel
1138 3157 1499 3222 Homerum
1552 3156 1824 3219 latinum
1874 3171 1939 3219 et
1982 3155 2445 3243 interpolatum
2488 3179 2557 3221 se

420 3262 648 3352 legisse
684 3261 1047 3352 significent
1069 3309 1088 3342 ,
1123 3261 1205 3326 de
1241 3263 1481 3351 quibus
1514 3263 1789 3326 dubium
1826 3277 1922 3326 est
1942 3309 1962 3342 ,
1996 3283 2075 3325 an
2110 3261 2323 3350 aliqua
2360 3286 2554 3353 supe·

421 3369 668 3432 riorum
707 3383 1052 3432 auctorum
1076 3369 1376 3434 versione
1404 3371 1505 3434 usi
1550 3369 1701 3434 sint.
1752 3367 1854 3433 Ad
1882 3390 1993 3432 eos
2020 3369 2229 3432 refero
2258 3369 2554 3457 inprimis

423 3641 490 3696 de
517 3646 631 3716 ejus
658 3644 832 3716 lytris,
859 3644 1074 3698 tertium
1097 3644 1166 3699 de
1199 3643 1412 3711 inferis3
1461 3647 1519 3699 in
1565 3665 1629 3698 eo
1668 3663 1753 3698 me
1794 3663 1905 3697 non
1946 3642 2357 3697 consentientem
2384 3642 2558 3696 habet.

423 3733 558 3786 Nam
586 3751 754 3805 quum
782 3733 976 3788 Statius
1002 3752 1212 3788 versum
1241 3736 1456 3808 subjicit
1494 3736 1599 3787 -Et
1627 3733 1775 3788 sedes
1801 3733 2057 3788 reserabis
2084 3733 2373 3786 inferorum
2402 3759 2456 3799 n,
2497 3733 2565 3788 de

424 3820 641 3893 Orpheo
683 3821 1058 3894 intelligendus
1107 3835 1183 3876 est
1205 3861 1222 3886 ‚
1261 3842 1420 3897 quem
1459 3825 1715 3877 Lucanus
1754 3821 1858 3876 alio
1902 3822 2133 3876 carmine
2178 3821 2390 3874 cecinit.
2428 3821 2565 3874 Mihi

425 3908 559 3962 liber
585 3909 786 3964 Iliacon
814 3921 1044 3964 extrema
1062 3911 1236 3984 Trojo
1262 3911 1569 3983 complexus
1604 3931 1717 3965 esse
1744 3910 1953 3965 videtur
1970 3947 1985 3973 ,
2018 3919 2071 3962 et
2098 3919 2213 3980 post
2239 3909 2439 3962 victum
2470 3930 2563 3964 oc·
2598 3985 2601 3990 Ι

425 3996 701 4069 cisumque
743 3997 1056 4065 Hectorem,
1098 3998 1154 4052 in
1191 4017 1301 4072 quo
1329 3999 1494 4073 ipsam
1524 3999 1739 4071 'l'mjam
1782 3997 2035 4052 cecidisse
2071 3997 2299 4068 vulgaris
2326 3999 2566 4052 omnium

427 4085 608 4157 opinio
634 4097 748 4140 erat
764 4128 780 4154 ,
823 4085 1159 4159 deploratum
1189 4106 1222 4142 a
1248 4101 1406 4161 poeta
1433 4073 1600 4142 fatum
1628 4089 1823 4141 Priami
1859 4099 1913 4141 et
1940 4086 2159 4158 Trojani
2186 4087 2393 4162 imperii
2420 4107 2531 4142 esse
2551 4127 2567 4154 ,

428 4185 598 4228 morte
619 4173 862 4230 Hectoris
881 4175 939 4230 in
965 4175 1202 4231 ultimam
1233 4177 1585 4232 calamitatem
1611 4175 1847 4231 adducti.
