2975 4684
518 367 650 439 ¹7⁰
802 345 1282 414 EXCURSUS
1332 346 1365 412 1
1427 347 1556 414 AD
1597 345 1898 415 LUCIL.
1955 343 2311 414 AErNAM.

500 463 749 553 N‘empe
782 487 903 554 pro
933 465 1217 530 admittit
1241 464 1424 529 facile
1455 465 1616 530 alius
1652 466 1864 556 legere
1897 482 2155 555 poterat
2183 466 2490 547 admotis,
2520 469 2624 532 vel

500 587 623 654 pro
650 568 839 629 mittit
874 565 1125 654 legebat
1154 567 1391 630 metuit.
1438 565 1582 631 Hoc
1607 589 1762 632 vero
1791 570 2010 633 meutic
2025 615 2046 647 ‚
2089 567 2269 656 quod
2297 567 2622 657 pleraeque

500 665 815 732 editiones
847 665 1091 732 habeut
1108 716 1127 749 ,
1152 681 1321 739 amre
1355 689 1489 735 non
1513 669 1764 763 phtest,
1789 693 1872 747 ne
1897 686 2148 760 repetat
2172 668 2378 734 otiose
2395 717 2414 751 ,
2440 669 2623 757 quod

499 783 650 832 ante
685 767 935 834 dictum
966 785 1064 834 est
1080 817 1099 852 ,
1133 776 1473 836 noetuentia
1505 787 1697 836 asu-a.
1743 771 1971 860 Neque
2013 773 2206 837 verba
2241 787 2498 837 cunctos
2529 772 2626 836 ad

486 869 719 958 proelia
756 871 946 935 Divos
994 871 1308 936 trahenda
1353 888 1538 955 sunt,
1593 889 1667 936 ut
1712 872 2020 938 hactenus
2067 873 2308 938 factum
2353 888 2452 937 est
2474 920 2493 955 ,
2535 871 2621 936 ad

505 973 815 1036 Provocat
852 989 921 1038 et
963 972 1136 1038 miles
1178 967 1441 1062 impiis-t,
1490 975 1641 1062 quia
1695 974 2028 1038 manifesta
2085 990 2151 1038 et
2205 971 2422 1063 inepta
2483 973 2621 1038 haec

498 1084 791 1154 ταυτολογία
826 1090 955 1158 est,
986 1091 1053 1140 et
1081 1091 1249 1140 astra
1268 1125 1285 1158 ,
1319 1075 1500 1163 quod
1528 1097 1644 1164 per
1674 1097 1742 1139 se
1774 1074 2268 1164 intelligebatur,
2306 1073 2623 1162 explican-

502 1189 610 1239 tur
652 1197 771 1263 per
810 1175 995 1242 Deos.
1037 1177 1138 1243 Ne
1186 1178 1331 1266 quis
1378 1196 1608 1264 parum
1653 1177 1966 1242 usitatum
2009 1190 2124 1240 aut
2165 1190 2390 1264 aptum
2432 1189 2623 1262 putet
2669 1243 2678 1264 ⁸

500 1278 697 1341 mittit
724 1277 1087 1366 adproelia,
1118 1277 1475 1366 comparari
1509 1299 1660 1342 cum
1689 1277 1809 1341 hac
1839 1275 2056 1365 phrasi
2073 1273 2442 1366 Virgiliauae
2467 1297 2621 1362 pos-

500 1394 694 1461 sunt,
730 1397 808 1446 ut
834 1381 990 1446 AEn.
1018 1383 1151 1461 IX,
1184 1402 1351 1462 200,
1382 1379 1765 1446 solumtein
1801 1377 2620 1468 campa-iculum,-

504 1481 640 1545 Ecl.
668 1481 781 1564 IV,
822 1481 935 1566 36,
962 1483 1061 1545 ad
1084 1483 1343 1572 Trojam
1375 1503 1646 1570 magnus
1677 1483 1962 1545 mittetur
1978 1479 2296 1559 Achillen
2314 1477 2467 1544 AEn.
2492 1480 2622 1559 IX,

504 1581 663 1663 462,
695 1581 949 1646 Turnus
986 1585 1055 1646 in
1094 1606 1277 1646 arma
1332 1587 1523 1648 vinos.
1574 1583 1940 1690 ,Susa-icas,
1975 1597 2328 1670 oemtasque
2358 1581 2528 1644 acies
2557 1583 2626 1644 in

484 1681 721 1770 proelia
776 1683 985 1772 cogiet5
1042 1683 1179 1749 val.
1236 1679 1696 1764 Flaccu5,V1,
1753 1678 1930 1764 405,
1977 1679 2165 1746 lectos
2216 1705 2303 1744 ex
2346 1683 2626 1746 omnibus

496 1786 675 1870 agris
718 1785 990 1850 Miserat
1036 1782 1268 1872 infelix
1317 1809 1441 1848 non
1488 1769 1626 1848 hoec
1667 1782 1764 1848 ad
1796 1783 2034 1873 proelia
2075 1783 2300 1848 Tibris.
2348 1783 2626 1872 Propius

498 1883 739 1949 Nostro
790 1885 949 1950 dicit
993 1885 1381 1953 Claudianus
1400 1933 1419 1968 ,
1462 1885 1546 1950 de
1579 1887 1794 1973 Rapta
1837 1885 2131 1972 Proserp.
2175 1885 2242 1965 1,
2294 1887 2416 1966 41,
2465 1885 2629 1947 Tisi-

482 1984 699 2072 phone
712 2035 727 2050 .
745 2036 762 2052 .
780 2033 795 2050 .
809 1989 1106 2052 Armatos
1140 1989 1237 2052 ad
1270 2003 1482 2052 castra
1523 1999 1716 2051 vocat
1748 1985 2072 2074 pallentia
2107 1985 2349 2050 Manes.
2381 1982 2626 2050 Mirum

498 2088 772 2152 omnino
816 2105 912 2152 est
931 2137 949 2171 ,
1002 2090 1331 2154 neminem
1378 2089 1700 2153 editorum
1731 2101 1796 2152 et
1826 2088 2257 2176 interpretum
2275 2135 2292 2168 ,
2331 2087 2449 2174 qui
2481 2109 2628 2150 ver-

497 2209 644 2253 sum
670 2189 854 2253 illum
885 2191 1267 2257 lacunosum
1300 2190 1623 2272 retinent,
1653 2191 1884 2281 ignava
1919 2204 1983 2251 et
2009 2189 2218 2253 otiosa·
2243 2187 2631 2274 repetitione

498 2289 825 2362 offensum
861 2289 1042 2373 esse,
1077 2293 1409 2356 metuentia
1444 2291 1723 2354 cominus
1763 2297 1939 2353 c'zstm
1975 2290 2324 2366 Provocat,
2367 2303 2432 2351 et
2470 2309 2630 2350 cun-

496 2405 626 2456 ctos
655 2391 749 2456 ad
761 2393 997 2482 proelia
1028 2393 1215 2460 Divos
1240 2395 1596 2458 Provocat·
1572 2441 1591 2472 ‚
1615 2390 1964 2456 Gorallum
1993 2391 2155 2456 adeo
2191 2388 2456 2454 insititia
2488 2411 2633 2452 ver·

496 2493 581 2561 ba
613 2491 1015 2584 interpretari
1048 2497 1315 2578 ausum,
1374 2511 1439 2558 et
1487 2495 1838 2566 vocabulo
1853 2494 2120 2556 admotis
2149 2491 2633 2556 substantivum

498 2595 717 2675 scalis,
765 2611 879 2659 aut
922 2597 1141 2661 nescio
1190 2594 1375 2692 quid
1394 2589 1634 2694 simile,
1685 2590 2061 2657 addendum
2108 2591 2506 2672 existimare,
2559 2593 2635 2654 ut

498 2690 732 2760 dixerit
761 2714 989 2785 poeta,
1034 2711 1301 2782 conatos
1334 2683 1642 2786 Gigantes
1693 2697 2054 2785 irrumpere
2101 2695 2284 2760 scalis
2298 2682 2632 2758 admotis.

496 2790 842 2863 Neminem
878 2799 1213 2898 poetarum
1252 2816 1489 2892 puto,
1498 2800 1564 2892 in
1590 2797 2124 2888 Gigantomachia
2173 2793 2631 2873 describenda,

497 2899 813 2964 scalarum
844 2908 1039 2965 usum
1072 2925 1500 2968 memorasse.
1539 2885 1780 2965 Noster
1813 2917 2031 2966 autem
2079 2915 2229 2962 ante
2268 2897 2421 2978 jam
2453 2893 2631 2958 dixe—

496 3017 630 3082 rat,
659 3024 957 3102 aggerem
982 2997 1417 3068 construxisse
1438 3003 1782 3094 GigantaS,
1813 3017 1878 3064 et
1909 3023 2028 3088 per
2049 3009 2450 3069 coaceryatas
2485 3017 2632 3058 mo-

498 3101 591 3166 les
623 3094 931 3170 scandere
966 3103 1141 3170 nisos
1177 3127 1333 3170 esse.
1380 3193 1389 3220 ί

1456 3296 1475 3313 μ’
1513 3291 1582 3324 *fn
1643 3277 1650 3289 ¹

1603 3413 1608 3421 .

1096 3502 1103 3510 ι
1262 3499 1269 3509 ι
1442 3493 1451 3504 ⁸
1488 3493 1514 3508 ⁸⁶
1591 3495 1594 3502 ¹
1811 3497 1818 3502 ¹
2355 3503 2360 3510 ι

1057 3496 2057 3552 -ά--ᾰι-ιδοομ--μ
2101 3515 2108 3524 ·

1463 3587 1556 3625 ’,11η
1593 3600 1618 3618 0⁸
1705 3595 1715 3607 ι
1929 3598 1936 3612 1
1973 3589 1981 3614 ξ
2141 3593 2150 3605 0
2255 3591 2260 3598 ·
2295 3591 2302 3601 ῑ

1338 3697 1345 3706 “
1422 3691 1542 3726 ,ΙΣἹΙ
1625 3696 1652 3724 ζ.
1720 3709 1726 3717 =
1831 3703 1838 3722 ι
1935 3710 1944 3722 ι
2029 3710 2038 3722 ι
