2975 4684
505 305 653 376 382
1010 303 1426 370 PRAEFAT.
1483 301 1617 367 AD
1670 301 2129 368 EPITHAL.

517 438 747 516 niano,
780 431 1154 497 Theodosio
1211 447 1277 494 et
1325 427 1638 510 ArcadiO,
1693 445 1833 492 tum
1885 429 2198 494 Patricius
2248 453 2469 495 comes
2520 431 2646 494 sub

515 538 888 605 Theodosio
927 535 1190 617 juniore
1243 549 1692 600 memorantur
1748 537 1815 598 in
1871 533 2113 599 Codice
2146 534 2611 600 Theodosiano
2630 585 2649 618 ,

516 662 592 711 ut
613 645 814 710 videri
837 659 1052 733 potest
1075 643 1146 706 in
1173 641 1474 708 Gothofr.
1511 641 1900 731 Prosopogr.
1932 641 2097 706 Cod.
2130 641 2381 706 Theod.
2404 663 2471 731 p.
2496 641 2645 730 377.

517 754 642 818 Sic.
678 753 773 816 Fl.
807 751 1123 815 Patricius
1163 750 1412 813 Consul
1444 749 1519 812 A.
1546 750 1618 812 C.
1647 747 1777 834 459
1809 763 1875 812 et
1900 745 2031 814 500
2058 747 2299 837 legitur
2321 749 2388 811 in
2418 749 2648 814 Fastis.

516 857 621 924 Ad
658 857 1010 922 Patricium
1044 855 1270 919 scribit
1303 853 1765 943 SymmachuS,
1801 854 1913 919 lib.
1944 853 2105 935 VII,
2153 853 2359 942 Epist.
2398 851 2646 936 61-65,

517 967 708 1052 eique
737 965 1058 1028 honorem
1087 960 1330 1024 militiae
1365 961 1627 1042 tribuit3
1658 983 1853 1048 quem
1882 977 2228 1048 propterea
2261 959 2645 1050 Mag-istrum

517 1067 900 1135 officiorum
918 1067 1140 1156 paullo
1165 1078 1316 1130 ante
1342 1083 1775 1130 memoratum
1800 1089 1938 1130 esse
1958 1067 2270 1154 suspicor.
2292 1065 2649 1130 Patricium

517 1173 864 1264 quemdam
894 1172 1150 1262 Lydum
1169 1171 1398 1236 Suidas
1427 1171 1625 1238 tradit
1646 1173 1771 1236 sub
1802 1173 2071 1237 Joviano
2104 1174 2269 1261 Imp.
2306 1169 2607 1237 floruisse
2631 1221 2649 1254 ,

519 1298 586 1346 et
621 1282 1206 1368 phaenomenorum
1265 1279 1615 1342 caelestium
1666 1295 1732 1342 et
1782 1279 2119 1367 signorum
2155 1277 2645 1342 occurrentium

517 1387 903 1452 acerrimum
940 1385 1139 1448 fuisse
1161 1384 1623 1464 conjectorem.
1658 1385 1855 1449 Hunc
1883 1407 2031 1448 cum
2070 1383 2208 1448 aliis
2238 1383 2647 1472 philosophis

501 1515 554 1555 ea
571 1492 840 1556 Valente
859 1491 1148 1554 occisum
1166 1507 1533 1554 memorant
1554 1493 1770 1554 Amm.
1796 1489 2240 1570 Marcellinus,
2258 1488 2370 1553 lib.
2399 1487 2647 1570 XXIX,

519 1621 656 1688 cap.
693 1599 759 1680 1,
795 1617 860 1684 p.
891 1597 1020 1662 600
1053 1595 1442 1662 edit.'Gron.
1475 1613 1544 1659 et
1564 1597 1897 1678 Zosimus,
1932 1595 2043 1659 lib.
2080 1595 2192 1677 IV,
2226 1617 2365 1684 cap.
2402 1593 2507 1658 15.
2534 1595 2652 1658 Pa-

517 1705 740 1768 tricius
769 1702 1122 1766 vocabatur
1154 1718 1336 1791 pater
1366 1704 1753 1792 Augustini,
1791 1719 1859 1766 et
1888 1703 2263 1766 notissimus
2310 1717 2409 1764 est
2440 1695 2651 1766 Patri-

519 1811 657 1874 cius
697 1809 806 1873 ille
837 1807 1282 1872 Hibernorum
1320 1809 1666 1896 Apostolus
1698 1808 1815 1895 (1).
1852 1809 1950 1872 De
1981 1809 2288 1897 Auspicio
2314 1822 2381 1871 et
2412 1806 2613 1872 Aella
2630 1855 2649 1887 ,

520 1915 1076 2004 quorum-nuptiae
1103 1915 1234 1979 hoc
1255 1915 1540 1979 carmine
1571 1915 2019 1996 celebrantur,
2057 1913 2189 1977 hoc
2218 1929 2476 1978 tantum
2505 1936 2656 1979 con-

519 2039 647 2087 stat
697 2043 778 2084 ex
832 2022 974 2108 ipso
1016 2021 1300 2084 carmine
1351 2043 1412 2084 v.
1469 2022 1549 2085 61
1574 2069 1592 2102 ,
1642 2041 1753 2083 eos
1810 2039 1849 2081 e
1900 2019 2284 2110 primatibus
2338 2021 2655 2084 Romanae

513 2126 872 2208 juventutis
923 2126 1139 2188 fuisse.
1195 2125 1262 2187 Si
1293 2125 1480 2212 plura
1526 2124 1609 2188 de
1654 2147 1881 2188 eorum
1914 2125 2047 2188 vita
2085 2139 2153 2188 et
2186 2139 2362 2188 statu
2392 2125 2649 2212 exquiri

517 2247 822 2319 possent,
855 2245 1025 2293 esset
1055 2229 1186 2292 hoc
1231 2229 1314 2292 ad
1358 2246 1640 2310 aetatem,
1677 2251 1807 2315 qua
1858 2250 2118 2292 carmen
2156 2231 2477 2318 scriptum
2517 2247 2656 2311 est,

519 2333 952 2399 definiendam
1009 2333 1306 2420 perutile.
1359 2332 1531 2396 Aella
1548 2382 1567 2414 ,
1609 2353 1851 2396 nomeu
1906 2333 2205 2397 Graecum
2225 2383 2244 2415 ,
2300 2335 2653 2421 procellam

519 2440 622 2504 vel
658 2438 986 2502 turbinem
1019 2450 1204 2500 notat
1225 2485 1242 2517 ,
1291 2437 1468 2500 unde
1502 2452 1568 2499 et
1592 2437 1771 2501 Aello
1804 2457 2043 2501 nomen
2076 2438 2375 2526 Harpyiae
2406 2436 2655 2504 factum

519 2543 795 2609 videtur.
831 2542 959 2607 Sed
996 2543 1364 2632 exemplum
1392 2543 1531 2624 ejus
1571 2543 1653 2606 ab
1688 2543 1825 2607 aliis
1858 2543 2115 2608 feminis
2152 2546 2319 2633 gesti
2348 2545 2655 2610 nondum

522 2647 1030 2715 invenizsimilia
1066 2664 1320 2712 tantum
1355 2649 1813 2731 inveniuntur,
1850 2667 1929 2713 ut
1960 2653 2134 2716 Aura
2176 2649 2499 2740 Nymphae
2530 2675 2657 2716 no-

521 2779 672 2821 men
708 2753 883 2842 apud
909 2769 1132 2841 poetas
1159 2753 1424 2817 obvium
1446 2803 1464 2836 ,
1501 2771 1566 2818 et
1600 2755 1913 2843 Zephyris
1936 2803 1955 2837 ,
1988 2756 2181 2818 Liviae
2211 2757 2375 2846 Aug.
2398 2757 2657 2838 liberta,

521 2863 590 2926 in
611 2861 808 2924 Donii
836 2860 1162 2947 Inscriptt.
1192 2860 1449 2940 CLVII,
1484 2862 1603 2947 76,
1625 2861 1783 2925 item
1814 2862 2095 2924 Favonia
2124 2861 2299 2949 apud
2323 2862 2657 2945 eumdem,

525 2970 624 3035 Cl.
649 2969 739 3030 VI
763 3015 781 3046 ,
821 2965 896 3029 31
941 2963 1054 3054 (2).
1086 2966 1428 3054 Auspicius
1461 2987 1541 3031 ex
1572 2989 1650 3030 eo
1686 2987 1922 3056 genere
1970 2968 2313 3031 nominum
2350 2971 2659 3058 proprio·

588 3163 666 3229 (1)
706 3159 912 3212 Scilicet
947 3157 1017 3211 ad
1053 3159 1338 3212 Patricium
1367 3159 1436 3210 V.
1478 3161 1543 3213 C.
1581 3159 1909 3224 Quaestorem
1948 3173 2023 3216 est
2060 3161 2277 3232 epistola
2301 3160 2659 3216 Theodnhadi

519 3248 689 3320 regis,
716 3244 860 3318 apud
889 3245 1122 3298 Cassiod.
1133 3247 1260 3299 Var.
1288 3248 1336 3298 X
1358 3284 1374 3310 ‚
1401 3249 1451 3298 6.
1483 3247 1711 3300 Patricio
1737 3247 1953 3302 Rhetori
1978 3249 2389 3302 commentarios
2412 3249 2471 3302 in
2500 3249 2659 3304 Cice-

518 3336 665 3389 ronis
683 3332 884 3404 Topica
906 3333 1171 3404 inscripsit
1193 3333 1456 3386 Boethius.
1477 3335 1582 3387 En.

589 3425 666 3495 (2)
689 3427 831 3474 Aura
849 3460 864 3481 ,
885 3421 1142 3492 Pompeia
1162 3460 1178 3486 ‚
1200 3421 1379 3474 uxoris
1406 3421 1622 3475 Coesaris
1642 3463 1658 3489 ‚
1677 3421 1984 3496 pedissequa
2005 3461 2021 3487 ,
2042 3435 2368 3477 memoratur
2390 3443 2420 3477 a
2447 3423 2659 3478 Plutar-

469 3525 476 3534 '
515 3513 622 3567 eho
647 3511 704 3565 in
730 3511 986 3565 Cicerone
1005 3548 1019 3573 ,
1045 3527 1096 3562 e.
1126 3511 1207 3564 28.
1231 3511 1462 3563 Aollium
1488 3525 1747 3572 memorat
1772 3507 2085 3566 Plutarchus
2110 3513 2165 3565 in
2194 3512 2453 3576 Romulo’,
2486 3522 2545 3566 e.’
2568 3519 2657 3576 τά,

518 3602 690 3656 filium
723 3598 882 3652 fuisse
915 3597 1131 3654 Romuli
1162 3615 1225 3650 ex
1259 3597 1484 3652 Hersilia
1522 3611 1706 3654 natum
1725 3639 1741 3666 ,
1768 3613 1927 3674 quein
1954 3603 2044 3656 ille
2064 3603 2133 3654 ab
2160 3607 2423 3654 concursu
2461 3602 2569 3654 sub
2602 3619 2659 3656 se

517 3690 716 3745 civium
735 3685 965 3738 Aonium
984 3686 1281 3739 nominavit
1301 3725 1318 3755 ,
1343 3686 1540 3760 posteri
1562 3689 1834 3745 Abillium.
1855 3689 1969 3744 Hoc
1992 3709 2189 3744 nomen
2204 3689 2405 3762 puriter
2424 3707 2454 3743 e
2472 3690 2661 3744 Grato

514 3775 660 3840 ὰέλλη
692 3773 896 3833 factum
927 3776 1160 3846 videtur,
1185 3777 1448 3852 siquidem
1496 3781 1741 3836 Graecum
1778 3783 1881 3838 hoc
1915 3804 1947 3838 a
1986 3784 2258 3838 Phoenicio
2284 3790 2392 3837 Aol
2414 3783 2661 3840 derivan-

517 3869 648 3922 dum
667 3905 683 3931 ,
726 3877 785 3920 ut
828 3865 1072 3930 ostendit¹
1103 3866 1397 3920 Bochai-tus
1435 3868 1493 3921 in
1534 3868 1701 3923 Chan.
1732 3871 1759 3922 1
1778 3908 1794 3935 ,
1824 3872 1891 3925 33
1912 3911 1927 3936 ,
1966 3891 2086 3944 pag.
2111 3871 2233 3940 594.
2272 3873 2657 3929 Confi'rrilleri

517 3961 792 4014 Observat.
811 3956 942 4013 crit.
971 3959 1061 4014 lib.
1081 3959 1182 4029 IV,
1222 3981 1340 4034 cap.
1366 3965 1430 4018 26
1447 4001 1462 4028 ,
1492 3983 1544 4035 p.
1569 3966 1671 4028 460
1690 4004 1707 4028 ‚
1746 3965 1837 4018 ubi
1864 3966 2029 4018 multa
2057 3965 2218 4019 habet
2240 3966 2310 4021 de
2338 3967 2479 4020 vocis
2506 3971 2658 4022 ἆιλλα

519 4047 917 4118 significatione.
940 4047 1044 4102 En.
